date,time,tick_price,volume,open_interest
20240207,14:14:25,3.05,200,200
20240207,14:22:29,3.0,50,200
20240207,14:39:00,3.0,50,200
20240207,14:42:12,3.05,50,250
20240207,14:42:38,3.05,100,250
20240207,14:48:20,3.05,50,400
20240207,14:50:18,3.05,300,400
20240207,14:51:32,2.75,100,450
20240207,14:51:37,2.75,50,450
20240207,14:52:24,2.9,50,450
20240207,14:57:48,2.8,200,750
20240207,15:00:02,2.95,50,850
20240207,15:00:09,2.95,50,850
20240207,15:01:04,2.75,400,850
20240207,15:03:31,2.85,50,1050
20240207,15:05:44,2.6,200,1050
20240207,15:07:45,2.55,200,1050
20240207,15:07:49,2.55,100,1050
20240207,15:08:36,2.7,600,1400
20240207,15:08:40,2.7,100,1400
20240207,15:08:49,2.7,950,1400
20240207,15:08:53,2.7,50,1400
20240207,15:09:02,2.55,200,1400
20240207,15:09:14,2.65,300,1400
20240207,15:09:39,2.65,100,1400
20240207,15:10:45,2.6,250,1400
20240207,15:10:55,2.6,50,1400
20240207,15:11:10,2.6,300,1400
20240207,15:11:26,2.55,100,3550
20240207,15:11:51,2.55,250,3550
20240207,15:13:27,2.45,300,3550
20240207,15:20:46,2.7,500,4100
20240207,15:21:15,2.75,400,4100
20240207,15:21:20,2.85,200,4100
20240207,15:21:29,2.65,450,4100
20240207,15:21:34,2.65,150,4100
20240207,15:21:39,2.65,50,4100
20240207,15:21:58,2.6,300,4100
20240207,15:23:59,2.55,100,3450
20240207,15:24:33,2.5,250,3450
20240207,15:27:46,2.6,150,3600
20240207,15:27:51,2.6,100,3600
20240207,15:27:57,2.6,50,3600
20240207,15:28:03,2.6,50,3600
20240208,09:17:41,2.65,1,3600
20240208,09:17:41,2.65,50,3600
20240208,09:18:54,2.15,150,3600
20240208,09:19:04,2.15,250,3600
20240208,09:20:43,2.2,50,3600
20240208,09:20:54,2.2,50,3600
20240208,09:21:06,4.4,800,3600
20240208,09:21:18,4.4,200,3600
20240208,09:21:29,2.25,300,3600
20240208,09:23:15,1.65,150,4300
20240208,09:25:20,1.65,100,4300
20240208,09:25:30,3.9,150,4300
20240208,09:25:40,2.15,100,4300
20240208,09:26:41,3.45,100,4450
20240208,09:34:47,2.3,100,4550
20240208,09:41:41,2.2,450,4550
20240208,09:41:50,2.2,50,4550
20240208,09:42:20,2.2,100,4550
20240208,09:42:30,2.2,50,4550
20240208,09:43:12,2.2,50,4550
20240208,09:46:06,2.2,50,4100
20240208,09:46:37,2.2,50,4100
20240208,09:47:18,2.2,50,4100
20240208,09:47:37,2.2,50,4100
20240208,10:01:48,2.1,50,4100
20240208,10:03:09,2.1,50,4100
20240208,10:04:31,2.1,100,4100
20240208,10:08:27,2.15,50,4100
20240208,10:08:44,2.15,50,4100
20240208,10:08:53,2.05,200,4100
20240208,10:09:13,2.05,50,4100
20240208,10:09:24,2.15,250,4100
20240208,10:09:34,2.05,100,4100
20240208,10:10:01,2.15,50,4100
20240208,10:10:11,2.05,150,4100
20240208,10:10:22,2.05,50,4100
20240208,10:13:09,2.1,50,4100
20240208,10:13:42,2.1,50,3700
20240208,10:16:07,2.25,100,3700
20240208,10:24:57,2.1,150,3600
20240208,10:26:40,2.0,50,3600
20240208,10:26:49,2.05,250,3600
20240208,10:27:07,2.0,100,3600
20240208,10:29:14,2.1,200,3600
20240208,10:29:22,2.1,100,3600
20240208,10:30:02,2.1,150,3600
20240208,10:43:14,2.2,100,3550
20240208,10:43:24,2.05,250,3550
20240208,10:43:34,2.05,100,3550
20240208,10:43:44,2.05,200,3550
20240208,10:44:13,2.05,50,3200
20240208,10:44:50,2.25,500,3200
20240208,10:44:58,2.1,700,3200
20240208,10:45:35,2.05,150,3200
20240208,10:45:55,2.2,50,3200
20240208,10:46:04,2.05,50,3200
20240208,10:50:52,2.0,50,3550
20240208,10:59:59,2.3,100,3550
20240208,11:06:56,2.15,100,3550
20240208,11:10:28,2.9,1450,3550
20240208,11:10:37,2.9,200,3550
20240208,11:11:59,2.9,50,4100
20240208,11:15:44,2.9,50,4150
20240208,11:20:38,2.55,400,4200
20240208,11:21:19,2.5,100,4200
20240208,11:21:27,2.5,100,4200
20240208,11:27:37,1.65,800,4400
20240208,11:27:56,2.25,100,4400
20240208,11:29:25,2.3,100,4300
20240208,11:32:02,2.25,250,4300
20240208,11:32:10,2.25,100,4200
20240208,11:32:18,2.25,250,4200
20240208,11:32:26,2.25,150,4200
20240208,11:32:34,2.25,50,4200
20240208,11:34:58,2.3,100,4200
20240208,11:35:15,2.3,300,4500
20240208,11:35:22,2.3,100,4500
20240208,11:35:37,2.3,900,4500
20240208,11:36:08,2.25,50,4500
20240208,11:38:20,2.15,50,3900
20240208,11:39:25,2.25,50,3900
20240208,11:43:00,2.25,1450,3850
20240208,11:43:08,2.25,50,3850
20240208,11:43:16,2.25,800,3850
20240208,11:43:24,2.25,200,3850
20240208,11:43:47,2.2,100,3850
20240208,11:44:01,2.2,100,3850
20240208,11:44:31,2.2,500,4150
20240208,11:45:47,2.25,100,4150
20240208,11:49:45,2.15,50,4200
20240208,11:51:30,2.15,50,4200
20240208,11:51:44,2.15,100,4200
20240208,11:51:51,2.15,50,4200
20240208,11:52:26,2.2,50,4200
20240208,11:52:34,2.15,50,4200
20240208,11:52:42,2.2,50,4200
20240208,11:52:58,2.15,50,4200
20240208,11:53:06,2.2,250,4200
20240208,11:53:21,2.2,150,3750
20240208,11:54:14,2.15,50,3750
20240208,11:54:23,2.15,150,3750
20240208,11:55:10,2.25,150,3750
20240208,11:55:51,2.25,100,3750
20240208,11:56:20,2.25,200,3600
20240208,11:57:45,2.25,50,3600
20240208,11:58:00,2.25,50,3600
20240208,11:58:09,2.25,50,3600
20240208,12:00:33,2.25,50,3600
20240208,12:00:41,2.25,50,3600
20240208,12:01:12,2.25,50,3600
20240208,12:01:20,2.25,600,3600
20240208,12:01:29,2.35,400,3600
20240208,12:01:37,2.3,50,3600
20240208,12:02:19,2.6,650,3950
20240208,12:02:38,2.3,50,3950
20240208,12:02:54,2.3,500,3950
20240208,12:03:02,2.3,50,3950
20240208,12:03:11,2.3,50,3950
20240208,12:03:20,2.25,100,3950
20240208,12:03:28,2.25,50,3950
20240208,12:06:44,1.7,700,4200
20240208,12:06:58,2.15,300,4200
20240208,12:07:34,2.15,200,4200
20240208,12:07:53,2.2,200,4200
20240208,12:07:59,2.15,100,4200
20240208,12:08:19,2.2,50,4050
20240208,12:08:57,2.15,50,4050
20240208,12:09:15,2.15,50,4050
20240208,12:11:19,2.15,50,4200
20240208,12:13:14,2.15,100,4200
20240208,12:15:33,2.15,300,4200
20240208,12:26:49,2.2,200,4200
20240208,12:28:06,2.15,100,4200
20240208,12:29:26,2.25,300,4300
20240208,12:29:45,2.25,450,4300
20240208,12:35:05,2.2,400,4750
20240208,12:35:18,2.05,650,4600
20240208,12:35:31,2.2,300,4600
20240208,12:35:46,2.15,200,4600
20240208,12:36:15,2.15,50,4600
20240208,12:37:12,2.2,250,4600
20240208,12:38:07,2.15,400,4600
20240208,12:38:50,2.15,50,4600
20240208,12:39:19,2.2,200,4600
20240208,12:44:12,2.15,200,4550
20240208,12:49:08,2.1,50,4500
20240208,12:51:39,2.15,50,4500
20240208,12:57:41,2.15,400,4450
20240208,12:59:29,2.1,1100,4250
20240208,13:00:02,2.0,1000,4250
20240208,13:09:21,1.95,1150,4450
20240208,13:12:16,2.0,900,4550
20240208,13:12:48,2.0,1700,4550
20240208,13:13:15,2.0,2200,4550
20240208,13:20:43,2.0,100,4550
20240208,13:20:59,1.95,1200,4750
20240208,13:21:14,1.9,400,4750
20240208,13:21:19,1.9,200,4750
20240208,13:21:27,1.95,100,4750
20240208,13:21:33,1.9,800,4750
20240208,13:21:40,1.95,500,4750
20240208,13:21:48,2.0,200,4750
20240208,13:21:57,2.0,150,4750
20240208,13:22:20,1.95,2300,4750
20240208,13:24:37,2.0,300,9550
20240208,13:24:44,2.0,350,9550
20240208,13:25:17,2.0,50,9550
20240208,13:25:46,2.0,400,9550
20240208,13:25:55,1.9,400,9550
20240208,13:26:44,1.95,550,9950
20240208,13:27:00,1.95,50,9950
20240208,13:27:07,2.0,1000,9950
20240208,13:27:20,1.95,200,9950
20240208,13:28:50,1.95,50,9950
20240208,13:28:56,1.95,100,9950
20240208,13:29:51,2.0,50,10950
20240208,13:30:59,2.0,50,10950
20240208,13:31:03,2.0,400,10950
20240208,13:34:49,2.05,50,11200
20240208,13:39:45,2.0,200,11200
20240208,13:40:14,2.05,450,11200
20240208,13:44:27,2.0,150,11400
20240208,13:44:53,2.1,1300,11400
20240208,13:45:45,2.2,1050,11400
20240208,13:45:53,2.2,300,11400
20240208,13:45:58,2.2,2400,11400
20240208,13:46:01,2.2,200,11400
20240208,13:46:45,2.2,350,11400
20240208,13:47:58,2.25,350,13200
20240208,13:48:18,2.25,1050,13200
20240208,13:50:11,2.25,250,13200
20240208,13:52:53,2.25,100,14150
20240208,13:53:35,2.25,400,14250
20240208,13:54:07,2.2,100,14250
20240208,13:54:19,2.2,50,14250
20240208,13:55:08,2.15,200,14250
20240208,13:55:26,2.15,100,14250
20240208,13:55:32,2.15,150,14250
20240208,13:55:49,2.1,150,14250
20240208,13:55:55,2.15,100,14250
20240208,13:56:09,2.15,50,14250
20240208,13:56:45,2.15,100,13800
20240208,13:56:50,2.2,100,13800
20240208,13:58:07,2.15,50,13800
20240208,13:58:16,2.15,200,13800
20240208,13:59:28,2.2,200,13800
20240208,14:01:02,2.2,1250,13800
20240208,14:01:06,2.25,400,13800
20240208,14:01:46,2.25,1500,13800
20240208,14:02:06,2.25,1100,13800
20240208,14:02:32,2.3,50,13950
20240208,14:03:22,2.25,1250,13950
20240208,14:03:29,2.25,50,13950
20240208,14:03:37,2.2,1150,13950
20240208,14:03:45,2.25,800,13950
20240208,14:04:06,2.2,1100,13950
20240208,14:04:14,2.15,150,13950
20240208,14:05:05,2.15,50,13950
20240208,14:05:20,2.15,50,13950
20240208,14:05:43,2.15,350,16350
20240208,14:05:50,2.15,200,16350
20240208,14:06:39,2.2,100,16350
20240208,14:07:12,2.1,3600,16350
20240208,14:07:19,2.2,1500,16350
20240208,14:07:27,2.25,1200,16350
20240208,14:07:53,2.2,50,16350
20240208,14:08:26,2.2,1150,16350
20240208,14:11:12,2.2,50,19400
20240208,14:11:17,2.2,100,19400
20240208,14:11:30,2.25,400,19500
20240208,14:11:35,2.25,350,19500
20240208,14:11:54,2.25,2050,19500
20240208,14:12:12,2.3,300,19500
20240208,14:12:55,2.3,100,19500
20240208,14:13:08,2.35,500,19500
20240208,14:13:40,2.3,50,19500
20240208,14:13:46,2.4,100,19500
20240208,14:14:35,2.4,250,21400
20240208,14:14:43,2.4,50,21400
20240208,14:14:59,2.4,100,21400
20240208,14:15:17,2.5,600,21400
20240208,14:15:26,2.55,600,21400
20240208,14:15:43,2.65,1400,21400
20240208,14:15:51,2.7,200,21400
20240208,14:16:07,2.7,4200,21400
20240208,14:16:56,2.7,700,21400
20240208,14:17:04,2.75,50,21400
20240208,14:17:12,2.8,500,21400
20240208,14:17:36,2.7,450,22900
20240208,14:17:45,2.7,2700,22900
20240208,14:18:01,2.7,100,22900
20240208,14:18:09,2.75,2850,22900
20240208,14:18:16,2.65,2650,22900
20240208,14:18:32,2.65,900,22900
20240208,14:18:55,2.55,800,22900
20240208,14:19:02,2.5,600,22900
20240208,14:19:10,2.45,1450,22900
20240208,14:19:17,2.55,1450,22900
20240208,14:19:25,2.5,2450,22900
20240208,14:19:52,2.55,1450,22900
20240208,14:19:59,2.45,1200,22900
20240208,14:20:05,2.6,200,22900
20240208,14:20:12,2.55,50,22900
20240208,14:20:54,2.4,2000,31450
20240208,14:21:56,2.5,100,31450
20240208,14:22:25,2.5,50,31450
20240208,14:23:21,2.6,50,31450
20240208,14:24:03,2.65,50,32950
20240208,14:24:51,2.6,200,32950
20240208,14:25:04,2.6,50,32950
20240208,14:27:26,2.5,1450,32950
20240208,14:28:00,2.6,50,32950
20240208,14:28:08,2.55,100,32950
20240208,14:28:24,2.6,100,32950
20240208,14:28:32,2.6,50,32950
20240208,14:29:04,2.6,450,32950
20240208,14:29:33,2.6,100,34100
20240208,14:29:40,2.75,1100,34100
20240208,14:29:48,2.75,100,34100
20240208,14:30:02,2.7,100,34100
20240208,14:30:17,2.8,500,34100
20240208,14:30:25,2.8,500,34100
20240208,14:30:33,2.9,1300,34100
20240208,14:30:41,3.0,1000,34100
20240208,14:30:49,2.8,350,34100
20240208,14:30:56,2.9,700,34100
20240208,14:31:05,2.9,300,34100
20240208,14:31:21,2.95,650,34100
20240208,14:31:38,2.95,1050,34100
20240208,14:31:57,3.0,50,34100
20240208,14:32:05,3.15,1650,34100
20240208,14:32:14,3.05,250,34100
20240208,14:32:22,3.1,750,34100
20240208,14:32:31,3.15,9000,31600
20240208,14:32:39,3.05,1900,31600
20240208,14:32:47,3.05,1250,31600
20240208,14:33:18,3.05,50,31600
20240208,14:33:33,3.1,100,31600
20240208,14:33:40,3.1,4200,31600
20240208,14:33:48,3.15,200,31600
20240208,14:33:55,3.05,4250,31600
20240208,14:34:03,3.05,1200,31600
20240208,14:34:11,2.95,3600,31600
20240208,14:34:26,3.0,2350,31600
20240208,14:34:33,3.05,100,31600
20240208,14:34:40,3.0,400,31600
20240208,14:34:48,3.0,50,31600
20240208,14:35:10,3.05,1050,31600
20240208,14:35:17,3.1,200,31600
20240208,14:35:33,3.2,1650,38850
20240208,14:35:41,3.25,1900,38850
20240208,14:36:14,3.3,600,38850
20240208,14:36:22,3.25,550,38850
20240208,14:36:30,3.25,1200,38850
20240208,14:36:38,3.25,300,38850
20240208,14:36:46,3.25,450,38850
20240208,14:37:07,3.3,1600,38850
20240208,14:37:16,3.2,450,38850
20240208,14:37:25,3.25,50,38850
20240208,14:37:33,3.25,800,38850
20240208,14:38:08,3.25,200,38850
20240208,14:38:17,3.25,500,38850
20240208,14:38:26,3.25,50,38850
20240208,14:38:42,3.15,250,38700
20240208,14:38:50,3.15,50,38700
20240208,14:39:00,3.15,550,38700
20240208,14:39:10,3.15,200,38700
20240208,14:39:19,3.15,100,38700
20240208,14:39:37,3.2,50,38700
20240208,14:39:45,3.2,900,38700
20240208,14:39:53,3.2,1100,38700
20240208,14:40:27,3.25,250,38700
20240208,14:40:35,3.3,2300,38700
20240208,14:40:43,3.25,50,38700
20240208,14:41:00,3.25,100,38700
20240208,14:41:08,3.25,50,38700
20240208,14:41:51,3.15,200,39700
20240208,14:41:59,3.1,250,39700
20240208,14:42:07,3.1,100,39700
20240208,14:42:16,3.05,200,39700
20240208,14:42:43,3.0,350,39700
20240208,14:43:07,2.95,850,39700
20240208,14:43:16,3.05,50,39700
20240208,14:43:33,3.05,50,39700
20240208,14:43:58,3.15,1750,39700
20240208,14:44:06,3.15,150,39700
20240208,14:45:26,3.05,350,38750
20240208,14:45:34,3.0,800,38750
20240208,14:45:57,3.05,800,38750
20240208,14:46:04,3.0,100,38750
20240208,14:46:11,3.05,50,38750
20240208,14:47:44,3.0,300,37650
20240208,14:48:00,3.05,50,37650
20240208,14:49:39,3.0,50,37650
20240208,14:51:03,2.95,100,37700
20240208,14:51:19,3.0,500,37700
20240208,14:51:58,2.95,650,37700
20240208,14:52:06,2.95,550,37700
20240208,14:52:20,2.95,1300,37700
20240208,14:52:42,3.0,1000,37700
20240208,14:52:50,3.05,700,37700
20240208,14:53:19,3.05,50,37700
20240208,14:53:43,3.05,200,38200
20240208,14:54:43,3.05,500,38200
20240208,14:54:50,3.1,450,38200
20240208,14:55:11,3.1,400,38200
20240208,14:55:19,3.1,450,38200
20240208,14:56:08,3.15,150,38200
20240208,14:56:49,3.15,100,38650
20240208,14:57:07,3.25,500,38650
20240208,14:58:54,3.2,50,38650
20240208,14:59:04,3.25,2400,38650
20240208,14:59:30,3.25,1400,38650
20240208,14:59:57,3.3,50,41450
20240208,15:00:06,3.3,50,41450
20240208,15:00:24,3.25,400,41450
20240208,15:01:35,3.3,650,41450
20240208,15:01:54,3.35,450,41450
20240208,15:02:14,3.45,150,41450
20240208,15:02:53,3.5,100,42600
20240208,15:03:23,3.55,1600,42600
20240208,15:04:01,3.45,750,42600
20240208,15:05:14,3.2,100,42600
20240208,15:05:49,3.2,50,42250
20240208,15:05:58,3.2,50,42250
20240208,15:06:07,3.2,500,42250
20240208,15:06:25,3.1,100,42250
20240208,15:06:59,3.15,500,42250
20240208,15:07:08,3.05,50,42250
20240208,15:07:18,3.15,50,42250
20240208,15:07:36,3.2,50,42250
20240208,15:07:45,3.15,100,42250
20240208,15:08:20,3.25,50,42250
20240208,15:08:47,3.1,100,42750
20240208,15:09:03,3.1,50,42750
20240208,15:09:12,3.05,100,42750
20240208,15:09:40,3.05,1050,42750
20240208,15:09:49,3.05,2300,42750
20240208,15:09:58,3.0,100,42750
20240208,15:10:07,3.05,400,42750
20240208,15:10:15,3.1,900,42750
20240208,15:10:24,3.15,4850,42750
20240208,15:10:33,3.15,3500,42750
20240208,15:10:42,3.15,250,42750
20240208,15:10:50,3.1,300,42750
20240208,15:10:59,3.15,100,42750
20240208,15:11:07,3.15,1050,42750
20240208,15:11:16,3.05,150,42750
20240208,15:11:49,3.05,400,51100
20240208,15:11:58,3.05,150,51100
20240208,15:12:06,3.05,400,51100
20240208,15:12:14,3.05,100,51100
20240208,15:12:30,3.0,50,51100
20240208,15:12:47,3.05,3100,51100
20240208,15:12:54,3.0,50,51100
20240208,15:13:03,2.95,2000,51100
20240208,15:13:11,3.0,150,51100
20240208,15:14:07,3.0,200,51100
20240208,15:14:16,2.95,100,51100
20240208,15:14:41,3.0,500,54450
20240208,15:15:07,2.95,550,54450
20240208,15:15:16,3.0,100,54450
20240208,15:15:25,3.0,250,54450
20240208,15:16:30,3.05,200,54450
20240208,15:16:38,3.05,50,54450
20240208,15:17:32,3.1,800,54450
20240208,15:17:48,3.15,1050,54950
20240208,15:17:56,3.15,200,54950
20240208,15:18:11,3.1,1000,54950
20240208,15:18:19,3.1,100,54950
20240208,15:18:35,3.05,4550,54950
20240208,15:18:42,3.05,1000,54950
20240208,15:18:50,3.1,700,54950
20240208,15:18:58,3.05,1500,54950
20240208,15:19:29,3.0,1500,54950
20240208,15:20:02,3.0,1300,54950
20240208,15:20:11,3.0,100,54950
20240208,15:20:20,3.0,100,54950
20240208,15:20:36,3.1,300,54950
20240208,15:21:08,3.0,650,56150
20240208,15:21:16,2.95,700,56150
20240208,15:21:57,2.85,700,56150
20240208,15:22:04,2.8,250,56150
20240208,15:22:13,2.85,3650,56150
20240208,15:22:38,2.9,1100,56150
20240208,15:23:02,2.85,550,56150
20240208,15:23:26,2.75,1000,56150
20240208,15:23:41,2.8,250,56150
20240208,15:24:41,2.7,400,52800
20240208,15:25:45,2.7,50,52800
20240208,15:26:09,2.75,450,52800
20240208,15:26:17,2.7,400,52800
20240208,15:26:25,2.7,2300,52800
20240208,15:26:34,2.7,850,52800
20240208,15:27:43,2.7,250,52500
20240208,15:28:03,2.7,50,52500
20240208,15:28:11,2.6,2900,52500
20240208,15:28:20,2.65,1000,52500
20240208,15:28:30,2.6,1700,52500
20240208,15:28:39,2.7,850,52500
20240208,15:28:57,2.75,1450,52500
20240208,15:29:05,2.85,50,52500
20240208,15:29:13,2.7,850,52500
20240208,15:29:22,2.7,800,52500
20240208,15:29:31,2.7,400,52500
20240208,15:29:40,2.55,700,52500
20240208,15:29:49,2.75,50,53350
20240208,15:29:59,2.7,50,53350
20240209,09:15:01,1.85,1,53300
20240209,09:15:01,1.85,50,53300
20240209,09:15:03,4.0,250,53300
20240209,09:15:04,4.0,1500,53300
20240209,09:15:05,4.35,1100,53300
20240209,09:15:06,2.75,100,53300
20240209,09:15:07,3.05,50,53300
20240209,09:15:08,3.1,600,53300
20240209,09:15:09,3.05,300,53300
20240209,09:15:10,2.95,50,53300
20240209,09:15:12,2.95,450,53300
20240209,09:15:14,2.85,1100,53300
20240209,09:15:15,2.85,400,53300
20240209,09:15:16,2.8,850,53300
20240209,09:15:17,2.8,150,53300
20240209,09:15:21,2.85,500,53300
20240209,09:15:23,2.85,50,53300
20240209,09:15:27,2.65,2550,53300
20240209,09:15:28,2.75,500,53300
20240209,09:15:33,2.7,1100,53300
20240209,09:15:34,2.65,50,53300
20240209,09:15:36,2.65,2000,53300
20240209,09:15:37,2.6,500,53300
20240209,09:15:39,2.6,50,53300
20240209,09:15:40,2.6,300,53300
20240209,09:15:42,2.65,1550,53300
20240209,09:15:43,2.7,50,53300
20240209,09:15:45,2.65,300,53300
20240209,09:15:46,2.65,700,53300
20240209,09:15:51,2.6,400,53300
20240209,09:15:52,2.55,1000,53300
20240209,09:15:53,2.55,700,53300
20240209,09:16:00,2.55,850,53300
20240209,09:16:01,2.55,250,53300
20240209,09:16:02,2.5,150,53300
20240209,09:16:07,2.6,2450,53300
20240209,09:16:11,2.6,3400,53300
20240209,09:16:13,2.55,50,53300
20240209,09:16:17,2.6,250,53300
20240209,09:16:18,2.55,300,62500
20240209,09:16:49,2.55,400,62500
20240209,09:16:53,2.55,300,62500
20240209,09:16:55,2.55,100,62500
20240209,09:17:01,2.5,650,62500
20240209,09:17:02,2.5,1300,62500
20240209,09:17:05,2.55,50,62500
20240209,09:17:07,2.55,50,62500
20240209,09:17:11,2.55,1950,62500
20240209,09:17:14,2.65,100,62500
20240209,09:17:23,2.65,50,62500
20240209,09:17:25,2.65,850,62500
20240209,09:17:30,2.7,700,62500
20240209,09:17:31,2.75,1300,62500
20240209,09:17:33,2.75,50,62500
20240209,09:17:37,2.8,800,62500
20240209,09:17:42,2.85,100,62500
20240209,09:17:45,2.85,100,62500
20240209,09:17:46,2.8,450,62500
20240209,09:17:48,2.85,50,62500
20240209,09:17:49,2.85,50,62500
20240209,09:17:50,2.85,2000,62500
20240209,09:17:54,2.9,200,62500
20240209,09:17:55,2.9,2500,62500
20240209,09:17:56,2.9,1800,62500
20240209,09:17:57,2.95,1500,62500
20240209,09:18:02,2.95,250,62500
20240209,09:18:09,2.9,550,62500
20240209,09:18:12,2.9,150,62500
20240209,09:18:13,2.9,50,62500
20240209,09:18:14,2.85,1050,62500
20240209,09:18:21,2.85,500,62500
20240209,09:18:27,2.85,50,62500
20240209,09:18:32,2.85,50,62500
20240209,09:18:34,2.8,300,62500
20240209,09:18:36,2.8,100,62500
20240209,09:18:39,2.8,1000,62500
20240209,09:18:40,2.8,600,62500
20240209,09:18:47,2.8,50,62500
20240209,09:19:00,2.8,1400,62500
20240209,09:19:02,2.75,250,62500
20240209,09:19:04,2.75,2150,62500
20240209,09:19:05,2.75,50,62500
20240209,09:19:17,2.65,550,72650
20240209,09:19:21,2.7,100,72650
20240209,09:19:24,2.6,50,72650
20240209,09:19:26,2.6,50,72650
20240209,09:19:27,2.65,150,72650
20240209,09:19:28,2.6,50,72650
20240209,09:19:36,2.6,100,72650
20240209,09:19:38,2.6,50,72650
20240209,09:19:39,2.6,50,72650
20240209,09:19:40,2.6,200,72650
20240209,09:19:42,2.6,50,72650
20240209,09:19:46,2.6,250,72650
20240209,09:19:48,2.6,250,72650
20240209,09:19:51,2.55,50,72650
20240209,09:19:53,2.6,400,72650
20240209,09:19:57,2.6,550,72650
20240209,09:19:58,2.55,250,72650
20240209,09:19:59,2.55,50,72650
20240209,09:20:00,2.6,250,72650
20240209,09:20:04,2.55,50,72650
20240209,09:20:09,2.55,50,72650
20240209,09:20:12,2.55,50,72650
20240209,09:20:13,2.55,200,72650
20240209,09:20:15,2.6,2000,72650
20240209,09:20:18,2.55,150,72650
20240209,09:20:21,2.6,600,72650
20240209,09:20:28,2.6,100,72650
20240209,09:20:30,2.65,1000,72650
20240209,09:20:31,2.65,50,72650
20240209,09:20:48,2.65,100,72650
20240209,09:21:05,2.65,50,72650
20240209,09:21:13,2.6,400,72650
20240209,09:21:15,2.55,400,72650
20240209,09:21:23,2.55,100,72650
20240209,09:21:25,2.55,50,72650
20240209,09:21:29,2.55,300,72650
20240209,09:21:34,2.55,50,72650
20240209,09:21:36,2.55,550,72650
20240209,09:21:44,2.55,100,72650
20240209,09:21:47,2.6,50,72650
20240209,09:21:52,2.55,1000,72650
20240209,09:21:58,2.6,50,72650
20240209,09:22:04,2.6,500,72650
20240209,09:22:07,2.6,100,72650
20240209,09:22:08,2.6,50,72650
20240209,09:22:26,2.55,2850,71500
20240209,09:22:31,2.55,200,71500
20240209,09:22:47,2.5,100,71500
20240209,09:22:49,2.5,250,71500
20240209,09:22:54,2.5,50,71500
20240209,09:23:01,2.45,600,71500
20240209,09:23:11,2.45,250,71500
20240209,09:23:14,2.45,50,71500
20240209,09:23:20,2.45,300,71500
20240209,09:23:26,2.4,200,71500
20240209,09:23:28,2.4,200,71500
20240209,09:23:29,2.4,1900,71500
20240209,09:23:34,2.4,150,71500
20240209,09:23:38,2.35,1650,71500
20240209,09:23:39,2.35,400,71500
20240209,09:24:03,2.35,400,71500
20240209,09:24:07,2.35,200,71500
20240209,09:24:17,2.3,200,71500
20240209,09:24:18,2.35,300,71500
20240209,09:24:23,2.35,400,71500
20240209,09:24:27,2.35,50,71500
20240209,09:24:44,2.3,200,71500
20240209,09:24:47,2.35,100,71500
20240209,09:24:51,2.3,150,71500
20240209,09:24:55,2.35,200,71500
20240209,09:25:02,2.3,700,71500
20240209,09:25:20,2.25,1800,74750
20240209,09:25:21,2.2,700,74750
20240209,09:25:26,2.3,1500,74750
20240209,09:25:32,2.25,400,74750
20240209,09:25:33,2.25,4850,74750
20240209,09:25:40,2.25,3650,74750
20240209,09:25:42,2.2,400,74750
20240209,09:25:56,2.25,50,74750
20240209,09:26:01,2.2,50,74750
20240209,09:26:03,2.2,900,74750
20240209,09:26:14,2.2,200,74750
20240209,09:27:03,2.25,500,74750
20240209,09:27:16,2.25,50,74750
20240209,09:27:24,2.25,250,74750
20240209,09:27:25,2.3,100,74750
20240209,09:27:55,2.2,50,74750
20240209,09:28:14,2.25,200,74750
20240209,09:28:21,2.25,50,81150
20240209,09:28:22,2.25,50,81150
20240209,09:28:23,2.25,50,81150
20240209,09:28:24,2.25,50,81150
20240209,09:28:29,2.25,50,81150
20240209,09:28:52,2.25,50,81150
20240209,09:29:11,2.2,2500,81150
20240209,09:29:52,2.2,200,81150
20240209,09:29:53,2.2,50,81150
20240209,09:30:23,2.2,50,81150
20240209,09:30:29,2.2,300,81150
20240209,09:31:00,2.2,1050,81150
20240209,09:31:15,2.2,3250,81150
20240209,09:31:25,2.15,700,84100
20240209,09:31:40,2.15,1000,84100
20240209,09:31:49,2.1,200,84100
20240209,09:31:51,2.1,250,84100
20240209,09:31:59,2.1,100,84100
20240209,09:32:00,2.1,700,84100
20240209,09:32:01,2.15,1000,84100
20240209,09:32:03,2.1,500,84100
20240209,09:32:05,2.1,200,84100
20240209,09:32:07,2.15,100,84100
20240209,09:32:12,2.1,50,84100
20240209,09:32:20,2.1,50,84100
20240209,09:32:26,2.15,1000,84100
20240209,09:32:34,2.1,50,84100
20240209,09:32:35,2.15,50,84100
20240209,09:32:45,2.1,50,84100
20240209,09:32:55,2.1,200,84100
20240209,09:33:06,2.15,150,84100
20240209,09:33:08,2.1,200,84100
20240209,09:33:34,2.1,50,84100
20240209,09:33:42,2.1,50,84100
20240209,09:33:45,2.1,600,84100
20240209,09:33:51,2.1,50,84100
20240209,09:33:56,2.05,150,84100
20240209,09:33:57,2.05,200,84100
20240209,09:34:00,2.05,100,84100
20240209,09:34:01,2.05,100,84100
20240209,09:34:02,2.05,100,84100
20240209,09:34:03,2.05,450,84100
20240209,09:34:06,2.1,200,84100
20240209,09:34:08,2.05,50,84100
20240209,09:34:15,2.1,1250,84100
20240209,09:34:16,2.1,3250,84100
20240209,09:34:17,2.15,4350,84100
20240209,09:34:18,2.15,2300,84100
20240209,09:34:19,2.15,250,84100
20240209,09:34:22,2.15,250,80800
20240209,09:34:33,2.15,6400,80800
20240209,09:34:35,2.1,750,80800
20240209,09:34:42,2.1,600,80800
20240209,09:34:55,2.15,50,80800
20240209,09:35:01,2.1,100,80800
20240209,09:35:08,2.1,600,80800
20240209,09:35:22,2.1,150,80800
20240209,09:35:51,2.1,50,80800
20240209,09:36:02,2.1,150,80800
20240209,09:36:03,2.1,50,80800
20240209,09:36:04,2.1,50,80800
20240209,09:36:05,2.1,100,80800
20240209,09:36:07,2.1,600,80800
20240209,09:36:10,2.1,50,80800
20240209,09:36:13,2.1,100,80800
20240209,09:36:15,2.1,50,80800
20240209,09:36:23,2.1,50,80800
20240209,09:37:02,2.1,50,80800
20240209,09:37:05,2.05,1550,80800
20240209,09:37:18,2.05,1800,80800
20240209,09:37:49,2.05,1800,86750
20240209,09:38:00,2.05,1200,86750
20240209,09:38:09,2.1,100,86750
20240209,09:38:12,2.1,1800,86750
20240209,09:38:23,2.1,2550,86750
20240209,09:38:24,2.1,400,86750
20240209,09:38:34,2.1,700,86750
20240209,09:38:44,2.1,50,86750
20240209,09:38:45,2.05,200,86750
20240209,09:38:54,2.1,1050,86750
20240209,09:39:04,2.15,400,86750
20240209,09:39:06,2.15,250,86750
20240209,09:39:07,2.15,50,86750
20240209,09:39:23,2.15,300,86750
20240209,09:39:27,2.15,350,86750
20240209,09:39:29,2.2,50,86750
20240209,09:39:30,2.15,50,86750
20240209,09:39:31,2.15,50,86750
20240209,09:39:48,2.2,200,86750
20240209,09:39:57,2.2,50,86750
20240209,09:39:58,2.2,300,86750
20240209,09:39:59,2.2,100,86750
20240209,09:40:00,2.2,250,86750
20240209,09:40:01,2.2,50,86750
20240209,09:40:02,2.2,50,86750
20240209,09:40:03,2.2,50,86750
20240209,09:40:04,2.2,50,86750
20240209,09:40:05,2.2,50,86750
20240209,09:40:06,2.2,100,86750
20240209,09:40:07,2.25,1850,86750
20240209,09:40:08,2.2,150,86750
20240209,09:40:09,2.25,1600,86750
20240209,09:40:10,2.25,6850,86750
20240209,09:40:11,2.25,2500,86750
20240209,09:40:12,2.25,250,86750
20240209,09:40:15,2.3,5500,86750
20240209,09:40:16,2.3,10750,86750
20240209,09:40:17,2.35,21100,86750
20240209,09:40:18,2.35,31100,86750
20240209,09:40:19,2.35,3050,86750
20240209,09:40:20,2.35,9450,86750
20240209,09:40:21,2.3,250,136400
20240209,09:40:22,2.3,300,136400
20240209,09:40:24,2.3,600,136400
20240209,09:40:25,2.3,300,136400
20240209,09:40:26,2.3,800,136400
20240209,09:40:27,2.35,150,136400
20240209,09:40:28,2.3,1850,136400
20240209,09:40:29,2.35,3850,136400
20240209,09:40:30,2.3,6300,136400
20240209,09:40:31,2.3,450,136400
20240209,09:40:32,2.3,350,136400
20240209,09:40:33,2.3,700,136400
20240209,09:40:35,2.3,150,136400
20240209,09:40:36,2.35,350,136400
20240209,09:40:38,2.3,150,136400
20240209,09:40:39,2.3,150,136400
20240209,09:40:40,2.3,450,136400
20240209,09:40:42,2.3,150,136400
20240209,09:40:43,2.3,150,136400
20240209,09:40:45,2.35,100,136400
20240209,09:40:46,2.35,450,136400
20240209,09:40:47,2.35,400,136400
20240209,09:40:48,2.35,1200,136400
20240209,09:40:49,2.3,200,136400
20240209,09:40:52,2.3,3050,136400
20240209,09:40:53,2.3,2550,136400
20240209,09:40:54,2.3,100,136400
20240209,09:40:57,2.3,200,136400
20240209,09:41:00,2.3,200,136400
20240209,09:41:03,2.3,1750,136400
20240209,09:41:12,2.3,200,136400
20240209,09:41:14,2.3,200,136400
20240209,09:41:17,2.3,500,136400
20240209,09:41:21,2.3,600,136400
20240209,09:41:24,2.3,200,136400
20240209,09:41:24,2.3,50,136400
20240209,09:41:25,2.3,250,136400
20240209,09:41:29,2.3,200,136400
20240209,09:41:31,2.3,250,136400
20240209,09:41:33,2.3,50,136400
20240209,09:41:35,2.35,300,136400
20240209,09:41:36,2.35,2000,136400
20240209,09:41:38,2.35,1300,136400
20240209,09:41:40,2.3,1000,136400
20240209,09:41:41,2.3,150,136400
20240209,09:41:42,2.35,250,136400
20240209,09:41:43,2.35,200,136400
20240209,09:41:53,2.35,200,136400
20240209,09:41:56,2.35,400,136400
20240209,09:42:00,2.35,400,136400
20240209,09:42:03,2.35,1800,136400
20240209,09:42:04,2.35,1850,136400
20240209,09:42:05,2.35,7350,136400
20240209,09:42:08,2.35,200,136400
20240209,09:42:13,2.35,2800,136400
20240209,09:42:14,2.35,200,136400
20240209,09:42:18,2.35,400,136400
20240209,09:42:19,2.35,1100,136400
20240209,09:42:20,2.3,750,136400
20240209,09:42:21,2.35,50,136400
20240209,09:42:29,2.3,650,136400
20240209,09:42:30,2.3,250,136400
20240209,09:42:31,2.3,800,136400
20240209,09:42:42,2.25,2450,136400
20240209,09:42:46,2.3,50,136400
20240209,09:42:49,2.25,100,136400
20240209,09:42:50,2.25,250,136400
20240209,09:42:51,2.25,2000,136400
20240209,09:42:52,2.25,50,136400
20240209,09:42:58,2.3,750,136400
20240209,09:43:01,2.3,400,136400
20240209,09:43:05,2.3,650,136400
20240209,09:43:06,2.3,150,136400
20240209,09:43:08,2.3,200,136400
20240209,09:43:11,2.3,200,136400
20240209,09:43:12,2.3,1450,136400
20240209,09:43:13,2.3,50,136400
20240209,09:43:15,2.35,200,136400
20240209,09:43:16,2.3,200,136400
20240209,09:43:40,2.25,50,136400
20240209,09:43:50,2.3,1250,150250
20240209,09:43:51,2.3,50,150250
20240209,09:43:52,2.25,950,150250
20240209,09:44:17,2.3,50,150250
20240209,09:44:22,2.25,50,150250
20240209,09:44:44,2.25,1800,150250
20240209,09:44:46,2.2,50,150250
20240209,09:44:50,2.15,950,150250
20240209,09:45:05,2.15,100,150250
20240209,09:45:06,2.15,50,150250
20240209,09:45:07,2.1,750,150250
20240209,09:45:12,2.15,1150,150250
20240209,09:45:14,2.2,50,150250
20240209,09:45:18,2.15,50,150250
20240209,09:45:45,2.2,50,150250
20240209,09:45:46,2.2,200,150250
20240209,09:45:58,2.2,50,150250
20240209,09:46:05,2.2,50,150250
20240209,09:47:00,2.25,500,151350
20240209,09:47:01,2.2,950,151350
20240209,09:47:04,2.2,200,151350
20240209,09:47:05,2.2,200,151350
20240209,09:47:08,2.25,200,151350
20240209,09:47:10,2.25,50,151350
20240209,09:47:11,2.25,50,151350
20240209,09:47:12,2.25,200,151350
20240209,09:47:13,2.25,200,151350
20240209,09:47:14,2.25,200,151350
20240209,09:47:15,2.25,200,151350
20240209,09:47:20,2.25,50,151350
20240209,09:47:48,2.25,250,151350
20240209,09:47:52,2.3,200,151350
20240209,09:48:02,2.25,250,151350
20240209,09:48:02,2.25,100,151350
20240209,09:48:06,2.25,100,151350
20240209,09:48:06,2.25,50,151350
20240209,09:48:17,2.25,50,151350
20240209,09:48:19,2.25,50,151350
20240209,09:48:22,2.25,50,151350
20240209,09:48:34,2.25,50,151350
20240209,09:49:00,2.25,200,151350
20240209,09:49:06,2.3,200,151350
20240209,09:49:07,2.35,500,151350
20240209,09:49:26,2.35,50,154700
20240209,09:49:30,2.3,400,154700
20240209,09:49:40,2.35,6200,154700
20240209,09:49:53,2.35,50,154700
20240209,09:49:59,2.35,250,154700
20240209,09:50:01,2.35,1800,154700
20240209,09:50:04,2.3,50,154700
20240209,09:50:19,2.35,50,154700
20240209,09:50:31,2.3,1000,154700
20240209,09:50:48,2.3,50,154700
20240209,09:50:59,2.4,2650,154700
20240209,09:51:01,2.4,2350,154700
20240209,09:51:03,2.35,1500,154700
20240209,09:51:06,2.45,200,154700
20240209,09:51:07,2.45,200,154700
20240209,09:51:08,2.45,200,154700
20240209,09:51:09,2.45,200,154700
20240209,09:51:10,2.45,200,154700
20240209,09:51:11,2.45,250,154700
20240209,09:51:12,2.45,250,154700
20240209,09:51:13,2.45,2000,154700
20240209,09:51:14,2.45,250,154700
20240209,09:51:15,2.45,200,154700
20240209,09:51:16,2.45,500,154700
20240209,09:51:17,2.45,600,154700
20240209,09:51:38,2.45,500,154700
20240209,09:51:39,2.5,150,154700
20240209,09:51:42,2.55,200,154700
20240209,09:51:43,2.55,250,154700
20240209,09:51:51,2.55,500,154700
20240209,09:51:54,2.5,1400,154700
20240209,09:51:56,2.55,50,154700
20240209,09:51:57,2.55,250,154700
20240209,09:52:06,2.55,200,154700
20240209,09:52:10,2.6,50,154700
20240209,09:52:21,2.55,50,154700
20240209,09:52:38,2.6,50,158200
20240209,09:52:46,2.6,700,158200
20240209,09:52:49,2.6,250,158200
20240209,09:52:51,2.6,250,158200
20240209,09:52:58,2.55,150,158200
20240209,09:53:01,2.55,50,158200
20240209,09:53:02,2.5,200,158200
20240209,09:53:03,2.5,200,158200
20240209,09:53:04,2.5,2300,158200
20240209,09:53:05,2.45,200,158200
20240209,09:53:12,2.45,200,158200
20240209,09:53:13,2.45,200,158200
20240209,09:53:14,2.45,200,158200
20240209,09:53:15,2.45,200,158200
20240209,09:53:17,2.45,200,158200
20240209,09:53:18,2.45,200,158200
20240209,09:53:19,2.45,200,158200
20240209,09:53:20,2.45,200,158200
20240209,09:53:21,2.45,200,158200
20240209,09:53:22,2.45,200,158200
20240209,09:53:23,2.45,200,158200
20240209,09:53:24,2.45,200,158200
20240209,09:53:25,2.45,200,158200
20240209,09:53:26,2.45,200,158200
20240209,09:53:27,2.45,200,158200
20240209,09:53:28,2.45,200,158200
20240209,09:53:29,2.45,200,158200
20240209,09:53:30,2.45,200,158200
20240209,09:53:31,2.45,200,158200
20240209,09:53:32,2.5,250,158200
20240209,09:53:33,2.5,250,158200
20240209,09:53:34,2.5,200,158200
20240209,09:53:35,2.55,150,158200
20240209,09:53:41,2.55,50,158200
20240209,09:53:45,2.55,250,158200
20240209,09:53:47,2.55,200,158200
20240209,09:53:48,2.55,200,158200
20240209,09:53:49,2.6,50,158200
20240209,09:54:00,2.6,50,158200
20240209,09:54:02,2.6,50,158200
20240209,09:54:04,2.6,250,158200
20240209,09:54:06,2.55,200,158200
20240209,09:54:07,2.55,200,158200
20240209,09:54:08,2.6,300,158200
20240209,09:54:09,2.55,200,158200
20240209,09:54:10,2.55,200,158200
20240209,09:54:11,2.55,200,158200
20240209,09:54:13,2.55,50,158200
20240209,09:54:14,2.5,150,158200
20240209,09:54:15,2.5,200,158200
20240209,09:54:16,2.5,200,158200
20240209,09:54:17,2.5,200,158200
20240209,09:54:18,2.5,150,158200
20240209,09:54:19,2.5,50,158200
20240209,09:54:21,2.45,100,158200
20240209,09:54:22,2.5,650,158200
20240209,09:54:25,2.55,50,158200
20240209,09:54:34,2.5,100,158200
20240209,09:54:36,2.45,900,158200
20240209,09:54:39,2.5,100,158200
20240209,09:54:44,2.5,50,158200
20240209,09:54:45,2.5,400,158200
20240209,09:54:47,2.5,50,158200
20240209,09:54:49,2.5,50,158200
20240209,09:54:51,2.5,100,158200
20240209,09:54:53,2.5,100,158200
20240209,09:54:55,2.55,100,158200
20240209,09:54:56,2.5,150,158200
20240209,09:54:57,2.5,50,158200
20240209,09:55:03,2.5,100,158200
20240209,09:55:16,2.5,100,158200
20240209,09:55:20,2.55,50,158200
20240209,09:55:24,2.5,600,154150
20240209,09:55:56,2.5,1500,154150
20240209,09:56:01,2.6,2100,154150
20240209,09:56:02,2.55,2800,154150
20240209,09:56:07,2.6,200,154150
20240209,09:56:08,2.6,100,154150
20240209,09:56:09,2.65,800,154150
20240209,09:56:10,2.65,100,154150
20240209,09:56:11,2.65,100,154150
20240209,09:56:12,2.65,400,154150
20240209,09:56:12,2.65,100,154150
20240209,09:56:14,2.65,800,154150
20240209,09:56:15,2.65,100,154150
20240209,09:56:21,2.65,1000,154150
20240209,09:56:27,2.6,300,154150
20240209,09:56:32,2.55,50,154150
20240209,09:56:42,2.6,100,154150
20240209,09:56:55,2.6,100,154150
20240209,09:56:58,2.55,200,154150
20240209,09:57:01,2.55,50,154150
20240209,09:57:03,2.55,150,154150
20240209,09:57:04,2.6,2550,154150
20240209,09:57:07,2.55,100,154150
20240209,09:57:08,2.55,100,154150
20240209,09:57:13,2.6,600,154150
20240209,09:57:20,2.6,50,154150
20240209,09:57:37,2.65,50,154150
20240209,09:57:59,2.6,2550,154150
20240209,09:58:00,2.6,250,154150
20240209,09:58:11,2.6,2550,154150
20240209,09:58:16,2.65,800,154150
20240209,09:58:18,2.65,550,154150
20240209,09:58:19,2.65,50,154150
20240209,09:58:20,2.65,250,154150
20240209,09:58:21,2.65,1050,154150
20240209,09:58:22,2.65,250,154150
20240209,09:58:25,2.6,50,160850
20240209,09:58:31,2.65,50,160850
20240209,09:58:32,2.65,600,160850
20240209,09:58:39,2.7,1000,160850
20240209,09:58:46,2.65,50,160850
20240209,09:59:05,2.65,50,160850
20240209,09:59:07,2.7,100,160850
20240209,09:59:10,2.6,100,160850
20240209,09:59:11,2.65,50,160850
20240209,09:59:12,2.7,100,160850
20240209,09:59:13,2.7,2000,160850
20240209,09:59:14,2.6,700,160850
20240209,09:59:17,2.7,500,160850
20240209,09:59:26,2.65,2500,160850
20240209,09:59:38,2.75,50,160850
20240209,09:59:40,2.75,1800,160850
20240209,09:59:41,2.7,2150,160850
20240209,09:59:42,2.7,700,160850
20240209,09:59:47,2.7,1900,160850
20240209,09:59:48,2.75,800,160850
20240209,09:59:49,2.75,150,160850
20240209,09:59:54,2.75,150,160850
20240209,09:59:55,2.75,200,160850
20240209,09:59:56,2.75,150,160850
20240209,09:59:59,2.7,500,160850
20240209,10:00:03,2.75,150,160850
20240209,10:00:04,2.75,150,160850
20240209,10:00:05,2.75,150,160850
20240209,10:00:07,2.8,1000,160850
20240209,10:00:09,2.85,150,160850
20240209,10:00:10,2.8,200,160850
20240209,10:00:11,2.8,150,160850
20240209,10:00:12,2.8,50,160850
20240209,10:00:22,2.8,2400,160850
20240209,10:00:25,2.85,50,160850
20240209,10:00:30,2.9,150,160850
20240209,10:00:31,2.9,200,160850
20240209,10:00:32,2.9,200,160850
20240209,10:00:33,2.95,4950,160850
20240209,10:00:34,2.9,500,160850
20240209,10:00:39,3.0,200,160850
20240209,10:00:40,3.0,200,160850
20240209,10:00:41,3.0,200,160850
20240209,10:00:42,3.0,200,160850
20240209,10:00:43,3.0,450,160850
20240209,10:00:45,3.05,200,160850
20240209,10:00:48,3.05,50,160850
20240209,10:00:52,3.1,100,160850
20240209,10:00:54,3.15,50,160850
20240209,10:00:56,3.15,650,160850
20240209,10:00:58,3.15,50,160850
20240209,10:01:03,3.2,50,160850
20240209,10:01:04,3.25,100,160850
20240209,10:01:05,3.25,250,160850
20240209,10:01:06,3.25,350,160850
20240209,10:01:08,3.35,200,160850
20240209,10:01:09,3.4,700,160850
20240209,10:01:10,3.45,200,160850
20240209,10:01:11,3.45,300,160850
20240209,10:01:12,3.5,300,160850
20240209,10:01:13,3.5,1750,160850
20240209,10:01:14,3.45,1400,160850
20240209,10:01:15,3.45,200,160850
20240209,10:01:16,3.45,2250,160850
20240209,10:01:17,3.45,3250,160850
20240209,10:01:18,3.45,100,160850
20240209,10:01:20,3.5,1900,160850
20240209,10:01:22,3.5,700,160850
20240209,10:01:23,3.45,500,160850
20240209,10:01:25,3.45,1050,170550
20240209,10:01:27,3.45,50,170550
20240209,10:01:31,3.4,100,170550
20240209,10:01:32,3.4,4750,170550
20240209,10:01:33,3.4,50,170550
20240209,10:01:34,3.35,200,170550
20240209,10:01:35,3.35,800,170550
20240209,10:01:37,3.3,1700,170550
20240209,10:01:38,3.3,1000,170550
20240209,10:01:39,3.3,50,170550
20240209,10:01:44,3.3,100,170550
20240209,10:01:45,3.25,50,170550
20240209,10:01:49,3.2,550,170550
20240209,10:01:50,3.15,700,170550
20240209,10:01:55,3.2,2050,170550
20240209,10:01:56,3.2,3000,170550
20240209,10:01:57,3.2,250,170550
20240209,10:01:58,3.2,50,170550
20240209,10:02:01,3.15,100,170550
20240209,10:02:02,3.15,50,170550
20240209,10:02:03,3.15,250,170550
20240209,10:02:04,3.15,2950,170550
20240209,10:02:05,3.1,50,170550
20240209,10:02:06,3.15,1450,170550
20240209,10:02:07,3.15,50,170550
20240209,10:02:13,3.1,550,170550
20240209,10:02:15,3.1,600,170550
20240209,10:02:17,3.1,1000,170550
20240209,10:02:18,3.1,50,170550
20240209,10:02:21,3.05,50,170550
20240209,10:02:23,3.05,250,170550
20240209,10:02:24,3.05,300,170550
20240209,10:02:27,3.05,50,170550
20240209,10:02:29,3.05,50,170550
20240209,10:02:30,3.0,200,170550
20240209,10:02:31,2.95,200,170550
20240209,10:02:32,2.95,200,170550
20240209,10:02:34,2.9,550,170550
20240209,10:02:35,2.95,50,170550
20240209,10:02:36,2.85,50,170550
20240209,10:02:38,2.85,200,170550
20240209,10:02:39,2.8,250,170550
20240209,10:02:40,2.85,50,170550
20240209,10:02:42,2.8,200,170550
20240209,10:02:43,2.85,750,170550
20240209,10:02:47,2.8,1750,170550
20240209,10:02:48,2.8,50,170550
20240209,10:02:49,2.8,1050,170550
20240209,10:02:50,2.75,150,170550
20240209,10:02:53,2.75,50,170550
20240209,10:02:56,2.7,250,170550
20240209,10:02:57,2.7,300,170550
20240209,10:02:58,2.7,200,170550
20240209,10:02:59,2.65,200,170550
20240209,10:03:00,2.65,200,170550
20240209,10:03:01,2.65,300,170550
20240209,10:03:04,2.65,200,170550
20240209,10:03:06,2.65,600,170550
20240209,10:03:07,2.65,200,170550
20240209,10:03:08,2.65,200,170550
20240209,10:03:09,2.65,200,170550
20240209,10:03:10,2.65,200,170550
20240209,10:03:13,2.7,750,170550
20240209,10:03:15,2.7,500,170550
20240209,10:03:16,2.7,2050,170550
20240209,10:03:17,2.7,2050,170550
20240209,10:03:19,2.7,350,170550
20240209,10:03:24,2.75,1100,170550
20240209,10:03:27,2.75,600,170550
20240209,10:03:28,2.75,3400,170550
20240209,10:03:34,2.8,250,170550
20240209,10:03:35,2.8,5100,170550
20240209,10:03:36,2.8,250,170550
20240209,10:03:39,2.8,50,170550
20240209,10:03:40,2.8,100,170550
20240209,10:03:43,2.8,350,170550
20240209,10:03:51,2.75,550,170550
20240209,10:03:53,2.75,100,170550
20240209,10:03:53,2.75,350,170550
20240209,10:04:15,2.75,1000,170550
20240209,10:04:18,2.75,2200,170550
20240209,10:04:19,2.8,100,170550
20240209,10:04:20,2.8,250,170550
20240209,10:04:24,2.7,50,170550
20240209,10:04:28,2.7,3150,173050
20240209,10:04:35,2.7,500,173050
20240209,10:04:40,2.65,1200,173050
20240209,10:04:50,2.6,2750,173050
20240209,10:04:53,2.55,50,173050
20240209,10:04:54,2.55,200,173050
20240209,10:04:55,2.55,200,173050
20240209,10:04:56,2.5,300,173050
20240209,10:04:59,2.5,250,173050
20240209,10:05:00,2.5,450,173050
20240209,10:05:02,2.55,500,173050
20240209,10:05:03,2.6,50,173050
20240209,10:05:08,2.6,100,173050
20240209,10:05:09,2.6,100,173050
20240209,10:05:10,2.6,550,173050
20240209,10:05:11,2.55,350,173050
20240209,10:05:12,2.55,250,173050
20240209,10:05:13,2.6,100,173050
20240209,10:05:14,2.6,400,173050
20240209,10:05:15,2.6,100,173050
20240209,10:05:19,2.55,450,173050
20240209,10:05:26,2.6,1000,173050
20240209,10:05:27,2.6,100,173050
20240209,10:05:53,2.55,250,173050
20240209,10:05:55,2.55,300,173050
20240209,10:05:56,2.55,50,173050
20240209,10:06:07,2.5,300,173050
20240209,10:06:08,2.55,100,173050
20240209,10:06:11,2.45,50,173050
20240209,10:06:34,2.4,200,173050
20240209,10:06:35,2.4,200,173050
20240209,10:06:36,2.4,200,173050
20240209,10:06:37,2.35,200,173050
20240209,10:06:38,2.35,150,173050
20240209,10:06:41,2.35,50,173050
20240209,10:06:44,2.35,50,173050
20240209,10:06:45,2.35,350,173050
20240209,10:06:50,2.35,250,173050
20240209,10:07:25,2.45,50,173050
20240209,10:07:30,2.4,550,173050
20240209,10:08:21,2.45,50,172150
20240209,10:08:25,2.45,50,172150
20240209,10:08:37,2.4,450,172150
20240209,10:08:53,2.35,2350,172150
20240209,10:08:57,2.3,250,172150
20240209,10:09:01,2.35,200,172150
20240209,10:09:03,2.35,50,172150
20240209,10:09:05,2.35,1000,172150
20240209,10:09:17,2.35,50,172150
20240209,10:09:30,2.35,150,172150
20240209,10:09:31,2.35,50,172150
20240209,10:09:33,2.3,550,172150
20240209,10:09:55,2.35,100,172150
20240209,10:09:56,2.35,100,172150
20240209,10:09:57,2.35,200,172150
20240209,10:09:58,2.35,200,172150
20240209,10:09:59,2.35,200,172150
20240209,10:10:10,2.35,50,172150
20240209,10:10:10,2.4,200,172150
20240209,10:10:12,2.4,200,172150
20240209,10:10:13,2.4,200,172150
20240209,10:10:13,2.4,250,172150
20240209,10:10:16,2.45,200,172150
20240209,10:10:20,2.45,200,172150
20240209,10:10:20,2.4,100,172150
20240209,10:10:21,2.45,200,172150
20240209,10:10:22,2.45,200,172150
20240209,10:10:24,2.45,400,172150
20240209,10:10:25,2.45,200,172150
20240209,10:10:26,2.45,2000,173250
20240209,10:10:44,2.5,200,173250
20240209,10:10:45,2.5,200,173250
20240209,10:10:47,2.5,450,173250
20240209,10:10:52,2.5,800,173250
20240209,10:10:54,2.55,400,173250
20240209,10:10:55,2.55,200,173250
20240209,10:10:56,2.55,200,173250
20240209,10:10:57,2.55,200,173250
20240209,10:10:58,2.55,200,173250
20240209,10:10:59,2.5,750,173250
20240209,10:11:01,2.55,200,173250
20240209,10:11:03,2.55,400,173250
20240209,10:11:04,2.55,200,173250
20240209,10:11:28,2.55,50,173250
20240209,10:11:32,2.6,100,173250
20240209,10:11:34,2.55,800,173250
20240209,10:11:45,2.55,800,173250
20240209,10:12:36,2.6,300,173250
20240209,10:12:40,2.55,250,173250
20240209,10:12:43,2.55,100,173250
20240209,10:12:47,2.55,500,173250
20240209,10:12:50,2.55,300,173250
20240209,10:13:00,2.6,300,173250
20240209,10:13:01,2.6,300,173250
20240209,10:13:02,2.6,2800,173250
20240209,10:13:12,2.55,250,173250
20240209,10:13:13,2.55,50,173250
20240209,10:13:17,2.55,300,173250
20240209,10:13:19,2.55,50,173250
20240209,10:13:20,2.55,100,173250
20240209,10:13:23,2.55,600,173250
20240209,10:13:58,2.55,200,177150
20240209,10:13:59,2.55,200,177150
20240209,10:14:00,2.55,200,177150
20240209,10:14:01,2.55,50,177150
20240209,10:14:14,2.55,250,177150
20240209,10:14:30,2.55,200,177150
20240209,10:14:53,2.5,50,177150
20240209,10:15:11,2.55,1400,177150
20240209,10:15:14,2.55,50,177150
20240209,10:15:20,2.55,50,177150
20240209,10:15:39,2.55,1400,177150
20240209,10:15:41,2.55,100,177150
20240209,10:15:55,2.6,50,177150
20240209,10:16:13,2.65,250,177150
20240209,10:16:13,2.65,650,177150
20240209,10:16:14,2.65,250,177150
20240209,10:16:15,2.65,250,177150
20240209,10:16:18,2.7,200,177150
20240209,10:16:19,2.7,750,177150
20240209,10:16:22,2.75,1000,177150
20240209,10:16:30,2.8,200,180500
20240209,10:16:34,2.8,50,180500
20240209,10:16:39,2.75,400,180500
20240209,10:17:15,2.75,600,180500
20240209,10:17:26,2.8,1850,180500
20240209,10:17:47,2.8,50,180500
20240209,10:17:55,2.75,50,180500
20240209,10:18:00,2.8,1450,180500
20240209,10:18:02,2.8,1200,180500
20240209,10:18:08,2.8,350,180500
20240209,10:18:09,2.8,50,180500
20240209,10:18:11,2.8,200,180500
20240209,10:18:14,2.8,50,180500
20240209,10:18:15,2.8,350,180500
20240209,10:18:16,2.85,250,180500
20240209,10:18:19,2.8,300,180500
20240209,10:18:28,2.8,50,180500
20240209,10:18:29,2.8,50,180500
20240209,10:18:30,2.8,100,180500
20240209,10:18:33,2.8,800,180500
20240209,10:18:36,2.85,200,180500
20240209,10:18:37,2.8,150,180500
20240209,10:18:42,2.8,50,180500
20240209,10:19:04,2.85,1800,180500
20240209,10:19:09,2.8,300,180500
20240209,10:19:10,2.8,50,180500
20240209,10:19:11,2.8,50,180500
20240209,10:19:12,2.8,300,180500
20240209,10:19:13,2.8,50,180500
20240209,10:19:14,2.8,2700,180500
20240209,10:19:17,2.8,200,180500
20240209,10:19:55,2.85,150,184900
20240209,10:19:56,2.8,150,184900
20240209,10:20:02,2.9,5550,184900
20240209,10:20:31,2.85,50,184900
20240209,10:20:51,2.85,1600,184900
20240209,10:20:55,2.85,50,184900
20240209,10:21:00,2.8,150,184900
20240209,10:21:02,2.85,1800,184900
20240209,10:21:05,2.8,250,184900
20240209,10:21:07,2.8,700,184900
20240209,10:21:15,2.8,100,184900
20240209,10:21:16,2.75,400,184900
20240209,10:21:32,2.7,150,184900
20240209,10:21:35,2.75,3000,184900
20240209,10:21:36,2.75,2000,184900
20240209,10:21:50,2.7,1800,184900
20240209,10:21:56,2.75,400,184900
20240209,10:21:59,2.7,50,184900
20240209,10:22:01,2.7,50,184900
20240209,10:22:09,2.7,200,184900
20240209,10:22:23,2.7,550,184900
20240209,10:23:04,2.7,300,194050
20240209,10:23:49,2.75,400,194050
20240209,10:23:58,2.7,50,194050
20240209,10:24:31,2.75,1800,194050
20240209,10:25:14,2.75,50,194050
20240209,10:25:18,2.7,50,194050
20240209,10:25:29,2.75,1700,195100
20240209,10:25:33,2.8,1550,195100
20240209,10:25:38,2.8,50,195100
20240209,10:25:40,2.85,900,195100
20240209,10:25:41,2.85,50,195100
20240209,10:25:46,2.85,100,195100
20240209,10:26:08,2.85,300,195100
20240209,10:26:09,2.9,1800,195100
20240209,10:26:31,2.9,50,195100
20240209,10:26:58,2.95,350,195100
20240209,10:27:11,2.85,2050,195100
20240209,10:27:18,2.85,3100,195100
20240209,10:27:19,2.9,250,195100
20240209,10:27:28,2.95,50,195100
20240209,10:27:34,2.9,300,195100
20240209,10:27:38,2.85,1800,195100
20240209,10:27:41,2.9,250,195100
20240209,10:27:46,2.85,350,195100
20240209,10:27:48,2.85,50,195100
20240209,10:27:58,2.85,50,195100
20240209,10:28:07,2.85,400,195100
20240209,10:28:09,2.85,1200,195100
20240209,10:28:14,2.85,500,195100
20240209,10:28:29,2.85,50,198300
20240209,10:28:48,2.85,300,198300
20240209,10:28:57,2.85,100,198300
20240209,10:29:24,2.8,650,198300
20240209,10:29:42,2.8,50,198300
20240209,10:29:52,2.8,50,198300
20240209,10:29:54,2.85,50,198300
20240209,10:30:03,2.85,800,198300
20240209,10:30:06,2.85,750,198300
20240209,10:30:25,2.8,50,198300
20240209,10:30:50,2.8,50,198300
20240209,10:30:57,2.8,50,198300
20240209,10:31:14,2.85,250,198300
20240209,10:31:28,2.9,50,197550
20240209,10:31:44,2.9,100,197550
20240209,10:31:53,2.9,50,197550
20240209,10:31:55,2.9,50,197550
20240209,10:32:01,2.95,50,197550
20240209,10:32:12,2.9,50,197550
20240209,10:32:41,2.95,4900,197550
20240209,10:32:42,2.9,900,197550
20240209,10:32:43,2.9,100,197550
20240209,10:32:44,2.9,300,197550
20240209,10:33:04,2.95,50,197550
20240209,10:33:21,2.95,100,197550
20240209,10:33:53,2.95,50,197550
20240209,10:34:04,2.95,100,197550
20240209,10:34:11,2.9,750,197550
20240209,10:34:13,2.9,50,197550
20240209,10:34:14,2.85,150,197550
20240209,10:34:15,2.85,200,197550
20240209,10:34:16,2.9,50,197550
20240209,10:34:17,2.85,50,197550
20240209,10:34:18,2.85,150,197550
20240209,10:34:19,2.85,200,197550
20240209,10:34:20,2.85,200,197550
20240209,10:34:21,2.85,200,197550
20240209,10:34:22,2.85,200,197550
20240209,10:34:23,2.9,450,197550
20240209,10:34:24,2.85,200,197550
20240209,10:34:25,2.85,300,197550
20240209,10:34:26,2.85,200,197550
20240209,10:34:27,2.85,200,197550
20240209,10:34:28,2.85,200,197550
20240209,10:34:30,2.9,100,195250
20240209,10:34:31,2.85,700,195250
20240209,10:34:32,2.85,350,195250
20240209,10:34:34,2.8,200,195250
20240209,10:34:35,2.8,200,195250
20240209,10:34:36,2.8,200,195250
20240209,10:34:38,2.8,300,195250
20240209,10:34:45,2.8,200,195250
20240209,10:34:48,2.75,200,195250
20240209,10:34:49,2.75,200,195250
20240209,10:34:52,2.7,200,195250
20240209,10:34:53,2.75,250,195250
20240209,10:34:54,2.7,200,195250
20240209,10:34:55,2.7,200,195250
20240209,10:34:56,2.7,200,195250
20240209,10:34:57,2.7,200,195250
20240209,10:34:58,2.7,950,195250
20240209,10:34:59,2.7,400,195250
20240209,10:35:00,2.7,400,195250
20240209,10:35:01,2.65,300,195250
20240209,10:35:02,2.7,50,195250
20240209,10:35:14,2.7,250,195250
20240209,10:35:16,2.7,200,195250
20240209,10:35:17,2.7,200,195250
20240209,10:35:18,2.7,200,195250
20240209,10:35:25,2.75,250,195250
20240209,10:35:38,2.7,50,195250
20240209,10:35:47,2.8,750,195250
20240209,10:36:00,2.75,100,195250
20240209,10:36:05,2.75,50,195250
20240209,10:36:15,2.8,250,195250
20240209,10:36:16,2.8,50,195250
20240209,10:36:17,2.8,50,195250
20240209,10:36:40,2.8,100,195250
20240209,10:36:41,2.8,300,195250
20240209,10:36:45,2.8,250,195250
20240209,10:36:50,2.85,300,195250
20240209,10:36:58,2.85,50,195250
20240209,10:38:01,2.9,2900,191500
20240209,10:38:08,2.9,100,191500
20240209,10:38:12,2.95,50,191500
20240209,10:38:14,2.9,1200,191500
20240209,10:38:34,2.9,50,191500
20240209,10:38:50,2.9,400,191500
20240209,10:39:10,2.9,1150,191500
20240209,10:39:42,2.9,100,191500
20240209,10:39:44,2.9,50,191500
20240209,10:40:03,2.9,200,191500
20240209,10:40:22,2.85,50,191500
20240209,10:40:26,2.85,50,191500
20240209,10:40:45,2.85,650,188900
20240209,10:40:50,2.85,250,188900
20240209,10:40:52,2.85,50,188900
20240209,10:40:53,2.85,50,188900
20240209,10:40:56,2.85,1750,188900
20240209,10:41:04,2.8,200,188900
20240209,10:41:05,2.8,200,188900
20240209,10:41:06,2.8,200,188900
20240209,10:41:07,2.8,200,188900
20240209,10:41:14,2.8,200,188900
20240209,10:41:14,2.8,50,188900
20240209,10:41:15,2.8,200,188900
20240209,10:41:17,2.75,200,188900
20240209,10:41:27,2.8,100,188900
20240209,10:41:30,2.75,200,188900
20240209,10:41:31,2.75,200,188900
20240209,10:41:32,2.75,200,188900
20240209,10:41:43,2.75,50,188900
20240209,10:42:05,2.8,300,188900
20240209,10:42:06,2.8,50,188900
20240209,10:42:39,2.75,100,188900
20240209,10:42:43,2.8,300,188900
20240209,10:42:46,2.75,2050,188900
20240209,10:43:11,2.8,300,188900
20240209,10:43:50,2.75,100,189950
20240209,10:44:51,2.8,50,189950
20240209,10:45:07,2.75,50,189950
20240209,10:45:12,2.75,50,189950
20240209,10:45:18,2.75,50,189950
20240209,10:46:03,2.8,150,189950
20240209,10:46:17,2.8,100,189950
20240209,10:46:18,2.8,50,189950
20240209,10:46:19,2.8,250,189950
20240209,10:46:22,2.8,250,189950
20240209,10:46:26,2.8,50,189950
20240209,10:46:29,2.85,50,189950
20240209,10:46:31,2.9,50,189950
20240209,10:46:32,2.9,200,190350
20240209,10:46:33,2.9,150,190350
20240209,10:46:34,2.9,150,190350
20240209,10:46:35,2.9,150,190350
20240209,10:46:39,2.85,150,190350
20240209,10:46:40,2.85,200,190350
20240209,10:46:41,2.85,200,190350
20240209,10:46:44,2.9,200,190350
20240209,10:46:46,2.9,50,190350
20240209,10:46:49,2.85,50,190350
20240209,10:46:50,2.9,50,190350
20240209,10:46:56,2.9,50,190350
20240209,10:47:07,2.85,50,190350
20240209,10:47:08,2.85,50,190350
20240209,10:47:10,2.85,50,190350
20240209,10:47:11,2.85,150,190350
20240209,10:47:13,2.85,50,190350
20240209,10:47:14,2.85,50,190350
20240209,10:47:15,2.85,50,190350
20240209,10:47:21,2.85,150,190350
20240209,10:47:24,2.85,1700,190350
20240209,10:47:28,2.85,50,190350
20240209,10:47:30,2.8,150,190350
20240209,10:47:33,2.8,400,190350
20240209,10:47:34,2.8,200,190350
20240209,10:47:35,2.8,200,190350
20240209,10:47:36,2.8,200,190350
20240209,10:47:37,2.8,200,190350
20240209,10:47:38,2.8,200,190350
20240209,10:47:39,2.8,200,190350
20240209,10:47:40,2.8,200,190350
20240209,10:47:41,2.8,200,190350
20240209,10:47:43,2.8,350,190350
20240209,10:47:44,2.8,50,190350
20240209,10:47:48,2.8,150,190350
20240209,10:47:59,2.85,50,190350
20240209,10:48:00,2.85,50,190350
20240209,10:48:01,2.8,1200,190350
20240209,10:48:09,2.85,250,190350
20240209,10:48:15,2.8,250,190350
20240209,10:48:16,2.8,1950,190350
20240209,10:48:19,2.8,1300,190350
20240209,10:48:20,2.8,250,190350
20240209,10:48:24,2.75,150,190350
20240209,10:48:31,2.75,50,190350
20240209,10:48:45,2.7,1550,190350
20240209,10:48:47,2.65,50,190350
20240209,10:48:52,2.65,100,190350
20240209,10:49:03,2.65,150,190350
20240209,10:49:12,2.65,250,190350
20240209,10:49:15,2.6,200,190350
20240209,10:49:19,2.6,200,190350
20240209,10:49:20,2.6,50,190350
20240209,10:49:21,2.55,50,190350
20240209,10:49:32,2.55,1400,190050
20240209,10:49:36,2.55,850,190050
20240209,10:49:37,2.5,1800,190050
20240209,10:49:43,2.5,300,190050
20240209,10:49:47,2.6,50,190050
20240209,10:49:59,2.55,50,190050
20240209,10:50:06,2.55,500,190050
20240209,10:50:07,2.5,1850,190050
20240209,10:50:13,2.55,100,190050
20240209,10:50:17,2.55,50,190050
20240209,10:50:20,2.55,250,190050
20240209,10:50:21,2.55,50,190050
20240209,10:50:40,2.55,50,190050
20240209,10:51:08,2.55,300,190050
20240209,10:51:13,2.55,50,190050
20240209,10:51:14,2.55,50,190050
20240209,10:51:29,2.6,100,190050
20240209,10:51:38,2.55,2050,190050
20240209,10:51:41,2.6,250,190050
20240209,10:51:44,2.6,50,190050
20240209,10:51:46,2.6,50,190050
20240209,10:51:57,2.5,50,190050
20240209,10:51:58,2.55,50,190050
20240209,10:52:00,2.55,250,190050
20240209,10:52:02,2.6,50,190050
20240209,10:52:04,2.6,1600,190050
20240209,10:52:17,2.55,1800,190050
20240209,10:52:32,2.55,1900,183450
20240209,10:52:34,2.55,50,183450
20240209,10:52:41,2.55,150,183450
20240209,10:52:58,2.6,300,183450
20240209,10:53:00,2.6,150,183450
20240209,10:53:01,2.6,150,183450
20240209,10:53:03,2.6,150,183450
20240209,10:53:10,2.6,2600,183450
20240209,10:53:11,2.6,150,183450
20240209,10:53:33,2.6,50,183450
20240209,10:53:53,2.55,1800,183450
20240209,10:54:01,2.55,50,183450
20240209,10:54:05,2.55,3600,183450
20240209,10:54:05,2.55,1800,183450
20240209,10:54:07,2.6,50,183450
20240209,10:54:16,2.5,50,183450
20240209,10:54:38,2.55,50,183450
20240209,10:54:40,2.55,50,183450
20240209,10:54:41,2.55,50,183450
20240209,10:55:04,2.55,1700,183450
20240209,10:55:06,2.5,3600,183450
20240209,10:55:08,2.55,250,183450
20240209,10:55:13,2.5,1800,183450
20240209,10:55:23,2.55,250,183450
20240209,10:55:31,2.55,150,183450
20240209,10:55:36,2.5,3600,170850
20240209,10:55:41,2.5,50,170850
20240209,10:55:44,2.5,200,170850
20240209,10:55:49,2.55,700,170850
20240209,10:55:52,2.55,250,170850
20240209,10:55:54,2.55,800,170850
20240209,10:55:55,2.55,550,170850
20240209,10:55:57,2.55,200,170850
20240209,10:56:04,2.6,600,170850
20240209,10:56:07,2.6,200,170850
20240209,10:56:09,2.55,7750,170850
20240209,10:56:11,2.5,600,170850
20240209,10:56:12,2.5,1200,170850
20240209,10:56:15,2.55,200,170850
20240209,10:56:23,2.5,4650,170850
20240209,10:56:26,2.5,1800,170850
20240209,10:56:28,2.45,3700,170850
20240209,10:56:32,2.5,50,170850
20240209,10:56:40,2.45,8100,170850
20240209,10:56:45,2.45,100,170850
20240209,10:56:56,2.45,50,170850
20240209,10:57:01,2.45,500,170850
20240209,10:57:03,2.4,200,170850
20240209,10:57:12,2.4,1800,170850
20240209,10:57:23,2.45,1000,170850
20240209,10:57:27,2.45,100,170850
20240209,10:57:29,2.4,900,170850
20240209,10:57:35,2.45,50,170850
20240209,10:57:36,2.45,450,170850
20240209,10:57:38,2.45,50,170850
20240209,10:57:39,2.45,250,170850
20240209,10:57:44,2.4,50,170850
20240209,10:58:01,2.45,150,170850
20240209,10:58:02,2.45,250,170850
20240209,10:58:03,2.4,100,170850
20240209,10:58:04,2.45,250,170850
20240209,10:58:05,2.45,250,170850
20240209,10:58:07,2.45,100,170850
20240209,10:58:14,2.5,850,170850
20240209,10:58:25,2.45,4900,170850
20240209,10:58:32,2.4,300,170850
20240209,10:58:35,2.4,450,162500
20240209,10:58:42,2.4,250,162500
20240209,10:58:55,2.4,250,162500
20240209,10:58:56,2.4,1250,162500
20240209,10:59:02,2.4,750,162500
20240209,10:59:09,2.45,100,162500
20240209,10:59:21,2.4,50,162500
20240209,10:59:38,2.4,50,162500
20240209,10:59:39,2.4,250,162500
20240209,10:59:45,2.4,50,162500
20240209,11:00:02,2.4,50,162500
20240209,11:00:04,2.4,100,162500
20240209,11:00:09,2.4,50,162500
20240209,11:00:17,2.4,50,162500
20240209,11:00:22,2.4,550,162500
20240209,11:00:23,2.4,650,162500
20240209,11:00:25,2.4,50,162500
20240209,11:00:27,2.4,50,162500
20240209,11:00:28,2.4,150,162500
20240209,11:00:56,2.4,650,162500
20240209,11:00:57,2.4,1000,162500
20240209,11:00:58,2.4,1200,162500
20240209,11:01:01,2.4,50,162500
20240209,11:01:02,2.4,1250,162500
20240209,11:01:11,2.45,350,162500
20240209,11:01:19,2.4,50,162500
20240209,11:01:22,2.4,550,162500
20240209,11:01:31,2.4,100,162500
20240209,11:01:32,2.4,150,162500
20240209,11:01:34,2.4,50,159400
20240209,11:01:37,2.4,100,159400
20240209,11:01:46,2.4,100,159400
20240209,11:01:47,2.4,200,159400
20240209,11:01:48,2.4,950,159400
20240209,11:02:01,2.4,1200,159400
20240209,11:02:05,2.4,250,159400
20240209,11:02:08,2.45,100,159400
20240209,11:02:27,2.45,600,159400
20240209,11:02:29,2.45,600,159400
20240209,11:02:38,2.4,50,159400
20240209,11:03:05,2.45,1200,159400
20240209,11:03:08,2.45,350,159400
20240209,11:03:19,2.4,50,159400
20240209,11:03:28,2.4,900,159400
20240209,11:03:31,2.45,800,159400
20240209,11:03:49,2.4,850,159400
20240209,11:03:53,2.45,1000,159400
20240209,11:04:13,2.45,350,159400
20240209,11:04:17,2.5,50,159400
20240209,11:04:18,2.45,50,159400
20240209,11:04:22,2.45,250,159400
20240209,11:04:29,2.45,1800,159400
20240209,11:04:31,2.5,2000,159400
20240209,11:04:32,2.5,200,159400
20240209,11:04:33,2.45,400,159400
20240209,11:04:34,2.5,200,159550
20240209,11:04:35,2.5,3600,159550
20240209,11:04:36,2.5,2300,159550
20240209,11:04:46,2.55,50,159550
20240209,11:04:49,2.55,50,159550
20240209,11:04:54,2.6,100,159550
20240209,11:04:57,2.65,700,159550
20240209,11:04:59,2.7,1000,159550
20240209,11:05:05,2.65,200,159550
20240209,11:05:06,2.65,50,159550
20240209,11:05:07,2.65,250,159550
20240209,11:05:10,2.7,50,159550
20240209,11:05:11,2.75,50,159550
20240209,11:05:17,2.7,200,159550
20240209,11:05:18,2.75,300,159550
20240209,11:05:21,2.7,150,159550
20240209,11:05:22,2.7,350,159550
20240209,11:05:25,2.7,350,159550
20240209,11:05:27,2.65,1500,159550
20240209,11:05:29,2.65,600,159550
20240209,11:05:29,2.65,700,159550
20240209,11:05:31,2.65,50,159550
20240209,11:05:33,2.7,1050,159550
20240209,11:05:34,2.65,3350,159550
20240209,11:05:35,2.65,650,159550
20240209,11:05:37,2.6,3000,159550
20240209,11:05:38,2.6,1300,159550
20240209,11:05:43,2.55,7050,159550
20240209,11:05:47,2.55,1500,159550
20240209,11:05:49,2.55,500,159550
20240209,11:05:50,2.5,3000,159550
20240209,11:05:50,2.5,4650,159550
20240209,11:05:52,2.5,3000,159550
20240209,11:05:53,2.5,150,159550
20240209,11:06:02,2.55,500,159550
20240209,11:06:04,2.55,250,159550
20240209,11:06:05,2.55,250,159550
20240209,11:06:07,2.6,550,159550
20240209,11:06:09,2.55,100,159550
20240209,11:06:10,2.55,100,159550
20240209,11:06:11,2.55,250,159550
20240209,11:06:12,2.55,50,159550
20240209,11:06:13,2.6,50,159550
20240209,11:06:14,2.6,2300,159550
20240209,11:06:17,2.65,350,159550
20240209,11:06:18,2.65,50,159550
20240209,11:06:21,2.7,50,159550
20240209,11:06:22,2.7,50,159550
20240209,11:06:25,2.65,250,159550
20240209,11:06:30,2.65,50,159550
20240209,11:06:32,2.65,100,159550
20240209,11:06:34,2.65,100,159550
20240209,11:06:39,2.7,50,159550
20240209,11:06:48,2.65,600,159550
20240209,11:06:54,2.6,2000,159550
20240209,11:07:01,2.65,50,159550
20240209,11:07:05,2.65,500,159550
20240209,11:07:26,2.55,300,159550
20240209,11:07:28,2.6,1600,159550
20240209,11:07:29,2.6,1500,159550
20240209,11:07:31,2.6,1200,159550
20240209,11:07:32,2.6,200,159550
20240209,11:07:41,2.6,800,143300
20240209,11:07:47,2.6,5700,143300
20240209,11:07:48,2.65,2250,143300
20240209,11:07:49,2.65,1500,143300
20240209,11:08:06,2.55,5500,143300
20240209,11:08:07,2.5,7600,143300
20240209,11:08:09,2.55,7200,143300
20240209,11:08:10,2.5,16650,143300
20240209,11:08:11,2.55,1000,143300
20240209,11:08:12,2.6,1550,143300
20240209,11:08:19,2.6,100,143300
20240209,11:08:21,2.6,150,143300
20240209,11:08:22,2.6,100,143300
20240209,11:08:23,2.55,100,143300
20240209,11:08:25,2.5,400,143300
20240209,11:08:28,2.5,200,143300
20240209,11:08:29,2.45,50,143300
20240209,11:08:30,2.4,200,143300
20240209,11:08:31,2.45,50,143300
20240209,11:08:32,2.45,100,143300
20240209,11:08:34,2.4,350,143300
20240209,11:08:35,2.4,50,143300
20240209,11:08:40,2.4,50,143300
20240209,11:08:51,2.4,3000,143300
20240209,11:08:53,2.4,300,143300
20240209,11:08:55,2.4,350,143300
20240209,11:09:06,2.4,550,143300
20240209,11:09:16,2.4,1600,143300
20240209,11:09:20,2.4,250,143300
20240209,11:09:21,2.4,100,143300
20240209,11:09:32,2.4,250,143300
20240209,11:09:36,2.4,250,143300
20240209,11:09:41,2.4,150,143300
20240209,11:09:59,2.45,350,143300
20240209,11:10:01,2.4,100,143300
20240209,11:10:07,2.45,100,143300
20240209,11:10:09,2.45,50,143300
20240209,11:10:10,2.45,50,143300
20240209,11:10:26,2.5,50,143300
20240209,11:10:38,2.45,150,130350
20240209,11:10:41,2.5,50,130350
20240209,11:10:47,2.5,50,130350
20240209,11:11:00,2.45,50,130350
20240209,11:11:04,2.45,50,130350
20240209,11:11:07,2.4,500,130350
20240209,11:11:08,2.4,300,130350
20240209,11:11:09,2.4,3300,130350
20240209,11:11:10,2.4,1500,130350
20240209,11:11:17,2.35,1450,130350
20240209,11:11:20,2.35,1800,130350
20240209,11:11:27,2.3,3000,130350
20240209,11:11:28,2.25,50,130350
20240209,11:11:30,2.25,700,130350
20240209,11:11:38,2.25,50,130350
20240209,11:11:40,2.25,250,130350
20240209,11:11:44,2.2,1000,130350
20240209,11:11:54,2.15,800,130350
20240209,11:11:57,2.2,1900,130350
20240209,11:12:01,2.2,500,130350
20240209,11:12:04,2.2,50,130350
20240209,11:12:07,2.3,150,130350
20240209,11:12:14,2.25,50,130350
20240209,11:12:16,2.25,400,130350
20240209,11:12:23,2.25,50,130350
20240209,11:13:02,2.3,1150,130350
20240209,11:13:19,2.35,50,130350
20240209,11:13:27,2.3,50,130350
20240209,11:13:29,2.3,50,130350
20240209,11:13:57,2.3,50,128100
20240209,11:13:58,2.3,300,128100
20240209,11:14:26,2.25,2950,128100
20240209,11:14:42,2.25,600,128100
20240209,11:14:52,2.25,100,128100
20240209,11:14:58,2.25,600,128100
20240209,11:15:15,2.25,250,128100
20240209,11:15:16,2.25,2200,128100
20240209,11:15:26,2.2,950,128100
20240209,11:15:34,2.2,150,128100
20240209,11:15:37,2.2,100,128100
20240209,11:15:48,2.25,750,128100
20240209,11:16:01,2.25,1000,128100
20240209,11:16:24,2.3,50,128100
20240209,11:16:25,2.3,1000,128100
20240209,11:16:40,2.35,1400,126600
20240209,11:16:53,2.4,1150,126600
20240209,11:16:55,2.45,1050,126600
20240209,11:16:59,2.45,50,126600
20240209,11:17:00,2.45,250,126600
20240209,11:17:00,2.4,50,126600
20240209,11:17:07,2.45,100,126600
20240209,11:17:10,2.45,200,126600
20240209,11:17:28,2.4,200,126600
20240209,11:17:48,2.35,200,126600
20240209,11:17:56,2.4,1050,126600
20240209,11:18:03,2.4,150,126600
20240209,11:18:45,2.4,800,126600
20240209,11:19:08,2.4,6000,126600
20240209,11:19:09,2.4,4500,126600
20240209,11:19:32,2.4,50,126600
20240209,11:19:33,2.4,50,126600
20240209,11:19:52,2.4,50,121800
20240209,11:19:58,2.4,50,121800
20240209,11:20:04,2.4,50,121800
20240209,11:20:09,2.45,50,121800
20240209,11:20:21,2.45,100,121800
20240209,11:20:24,2.45,5550,121800
20240209,11:20:32,2.5,50,121800
20240209,11:20:35,2.45,50,121800
20240209,11:20:36,2.45,50,121800
20240209,11:21:03,2.55,50,121800
20240209,11:21:12,2.55,100,121800
20240209,11:21:40,2.6,50,121800
20240209,11:21:42,2.55,100,121800
20240209,11:21:46,2.55,450,121800
20240209,11:21:49,2.55,50,121800
20240209,11:21:50,2.5,50,121800
20240209,11:21:52,2.5,50,121800
20240209,11:21:56,2.5,1200,121800
20240209,11:22:04,2.5,100,121800
20240209,11:22:14,2.5,50,121800
20240209,11:22:44,2.45,1800,124900
20240209,11:22:46,2.45,250,124900
20240209,11:22:55,2.5,1950,124900
20240209,11:23:16,2.5,200,124900
20240209,11:23:44,2.45,50,124900
20240209,11:24:06,2.5,1300,124900
20240209,11:24:09,2.45,100,124900
20240209,11:24:14,2.5,50,124900
20240209,11:24:15,2.5,700,124900
20240209,11:24:16,2.5,250,124900
20240209,11:24:19,2.5,50,124900
20240209,11:24:35,2.45,50,124900
20240209,11:24:36,2.45,50,124900
20240209,11:24:37,2.45,50,124900
20240209,11:25:21,2.45,50,124900
20240209,11:25:24,2.45,50,124900
20240209,11:25:58,2.5,50,121850
20240209,11:26:04,2.45,50,121850
20240209,11:26:05,2.5,50,121850
20240209,11:26:29,2.5,250,121850
20240209,11:26:39,2.5,50,121850
20240209,11:27:10,2.55,50,121850
20240209,11:27:16,2.55,50,121850
20240209,11:27:35,2.5,50,121850
20240209,11:27:40,2.55,50,121850
20240209,11:27:54,2.5,3600,121850
20240209,11:28:11,2.5,350,121850
20240209,11:28:14,2.55,100,121850
20240209,11:28:16,2.5,100,121850
20240209,11:28:23,2.5,50,121850
20240209,11:28:36,2.45,1300,121850
20240209,11:28:46,2.45,500,121650
20240209,11:29:12,2.45,50,121650
20240209,11:29:22,2.4,150,121650
20240209,11:29:25,2.35,200,121650
20240209,11:29:31,2.4,150,121650
20240209,11:29:33,2.4,50,121650
20240209,11:29:35,2.4,50,121650
20240209,11:29:50,2.35,550,121650
20240209,11:30:06,2.3,750,121650
20240209,11:30:07,2.3,550,121650
20240209,11:30:14,2.25,50,121650
20240209,11:30:41,2.25,50,121650
20240209,11:30:54,2.3,1300,121650
20240209,11:31:02,2.3,400,121650
20240209,11:31:06,2.35,1500,121650
20240209,11:31:20,2.4,3050,121650
20240209,11:31:33,2.4,50,121650
20240209,11:31:41,2.45,250,116250
20240209,11:31:45,2.45,50,116250
20240209,11:31:48,2.45,50,116250
20240209,11:31:49,2.45,250,116250
20240209,11:32:31,2.45,250,116250
20240209,11:32:36,2.45,50,116250
20240209,11:32:56,2.45,50,116250
20240209,11:32:57,2.45,250,116250
20240209,11:32:58,2.45,50,116250
20240209,11:33:02,2.45,1050,116250
20240209,11:33:03,2.45,50,116250
20240209,11:33:05,2.45,50,116250
20240209,11:33:17,2.4,300,116250
20240209,11:33:29,2.4,50,116250
20240209,11:33:31,2.4,50,116250
20240209,11:33:33,2.4,50,116250
20240209,11:33:57,2.45,50,116250
20240209,11:34:02,2.45,50,116250
20240209,11:34:04,2.4,100,116250
20240209,11:34:07,2.4,50,116250
20240209,11:34:35,2.4,450,116250
20240209,11:34:44,2.4,1600,117300
20240209,11:34:45,2.4,50,117300
20240209,11:34:52,2.4,150,117300
20240209,11:35:05,2.4,50,117300
20240209,11:35:07,2.4,50,117300
20240209,11:35:17,2.35,1500,117300
20240209,11:35:36,2.35,50,117300
20240209,11:35:47,2.35,950,117300
20240209,11:35:57,2.35,950,117300
20240209,11:36:04,2.3,250,117300
20240209,11:36:08,2.3,250,117300
20240209,11:36:12,2.3,500,117300
20240209,11:36:13,2.3,450,117300
20240209,11:36:18,2.3,50,117300
20240209,11:36:36,2.3,2250,117300
20240209,11:36:38,2.3,300,117300
20240209,11:36:48,2.3,50,117300
20240209,11:37:22,2.25,50,117300
20240209,11:37:49,2.25,50,114850
20240209,11:38:01,2.25,50,114850
20240209,11:38:05,2.25,450,114850
20240209,11:38:20,2.2,550,114850
20240209,11:38:29,2.2,250,114850
20240209,11:38:31,2.15,650,114850
20240209,11:38:33,2.15,900,114850
20240209,11:38:41,2.15,4000,114850
20240209,11:38:49,2.15,50,114850
20240209,11:39:19,2.15,500,114850
20240209,11:39:22,2.15,50,114850
20240209,11:39:27,2.15,100,114850
20240209,11:39:45,2.15,100,114850
20240209,11:39:56,2.1,50,114850
20240209,11:40:07,2.15,750,114850
20240209,11:40:10,2.15,100,114850
20240209,11:40:16,2.2,1850,114850
20240209,11:40:25,2.15,550,114850
20240209,11:40:30,2.2,2000,114850
20240209,11:40:32,2.2,50,114850
20240209,11:40:33,2.2,150,114850
20240209,11:40:40,2.2,150,109850
20240209,11:40:42,2.2,550,109850
20240209,11:40:45,2.2,50,109850
20240209,11:40:58,2.2,50,109850
20240209,11:41:06,2.15,450,109850
20240209,11:41:07,2.15,250,109850
20240209,11:41:08,2.15,500,109850
20240209,11:41:10,2.15,750,109850
20240209,11:41:11,2.15,5300,109850
20240209,11:41:12,2.15,500,109850
20240209,11:41:13,2.15,300,109850
20240209,11:41:14,2.15,600,109850
20240209,11:41:15,2.15,450,109850
20240209,11:41:16,2.1,750,109850
20240209,11:41:17,2.1,50,109850
20240209,11:41:20,2.1,50,109850
20240209,11:41:27,2.1,750,109850
20240209,11:41:44,2.15,250,109850
20240209,11:41:45,2.1,500,109850
20240209,11:42:12,2.15,50,109850
20240209,11:42:13,2.15,50,109850
20240209,11:42:31,2.15,50,109850
20240209,11:42:32,2.15,1100,109850
20240209,11:42:48,2.15,50,109850
20240209,11:42:49,2.15,50,109850
20240209,11:43:05,2.15,50,109850
20240209,11:43:24,2.15,50,109850
20240209,11:43:25,2.15,50,109850
20240209,11:43:36,2.15,50,109850
20240209,11:43:39,2.15,100,109850
20240209,11:43:51,2.15,50,109850
20240209,11:43:52,2.15,100,109850
20240209,11:43:58,2.15,50,109850
20240209,11:43:59,2.15,50,109850
20240209,11:44:04,2.15,50,109850
20240209,11:44:05,2.15,50,109850
20240209,11:44:06,2.15,50,109850
20240209,11:44:07,2.15,50,109850
20240209,11:44:08,2.15,50,109850
20240209,11:44:09,2.15,50,109850
20240209,11:44:10,2.15,50,109850
20240209,11:44:13,2.15,50,109850
20240209,11:44:14,2.15,100,109850
20240209,11:44:15,2.15,100,109850
20240209,11:44:16,2.15,100,109850
20240209,11:44:17,2.15,100,109850
20240209,11:44:21,2.15,50,109850
20240209,11:44:28,2.2,50,109850
20240209,11:44:33,2.2,50,109850
20240209,11:44:34,2.2,50,109850
20240209,11:44:43,2.2,150,109850
20240209,11:44:44,2.2,150,109850
20240209,11:44:45,2.2,150,109850
20240209,11:44:50,2.2,150,109850
20240209,11:44:51,2.2,150,109850
20240209,11:46:07,2.25,50,109850
20240209,11:46:19,2.3,50,109850
20240209,11:46:23,2.3,150,109850
20240209,11:46:24,2.3,150,109850
20240209,11:46:30,2.3,50,109850
20240209,11:46:31,2.3,100,109850
20240209,11:46:38,2.25,50,109850
20240209,11:46:47,2.3,50,110450
20240209,11:46:54,2.3,50,110450
20240209,11:46:59,2.3,50,110450
20240209,11:47:04,2.3,50,110450
20240209,11:47:27,2.35,50,110450
20240209,11:47:53,2.35,100,110450
20240209,11:47:58,2.35,200,110450
20240209,11:48:20,2.3,50,110450
20240209,11:48:44,2.35,300,110450
20240209,11:48:54,2.35,50,110450
20240209,11:49:15,2.35,100,110450
20240209,11:49:20,2.35,50,110450
20240209,11:49:26,2.35,250,110450
20240209,11:49:32,2.35,100,110450
20240209,11:49:38,2.3,100,110450
20240209,11:49:54,2.4,50,110250
20240209,11:49:58,2.35,50,110250
20240209,11:50:02,2.35,300,110250
20240209,11:50:05,2.35,300,110250
20240209,11:50:13,2.35,50,110250
20240209,11:50:15,2.35,150,110250
20240209,11:50:16,2.3,200,110250
20240209,11:50:25,2.3,50,110250
20240209,11:50:27,2.3,50,110250
20240209,11:50:30,2.25,250,110250
20240209,11:50:30,2.3,50,110250
20240209,11:50:58,2.3,350,110250
20240209,11:51:20,2.25,50,110250
20240209,11:52:40,2.25,1450,110250
20240209,11:52:42,2.25,50,110450
20240209,11:52:49,2.3,500,110450
20240209,11:52:51,2.25,50,110450
20240209,11:53:05,2.3,500,110450
20240209,11:53:19,2.3,50,110450
20240209,11:53:20,2.3,150,110450
20240209,11:53:21,2.3,150,110450
20240209,11:53:22,2.3,150,110450
20240209,11:53:34,2.3,950,110450
20240209,11:53:36,2.3,3200,110450
20240209,11:53:37,2.3,600,110450
20240209,11:53:38,2.3,150,110450
20240209,11:53:41,2.3,150,110450
20240209,11:53:42,2.3,150,110450
20240209,11:53:43,2.3,200,110450
20240209,11:53:50,2.3,250,110450
20240209,11:53:57,2.3,2600,110450
20240209,11:54:05,2.35,150,110450
20240209,11:54:12,2.35,150,110450
20240209,11:54:13,2.35,150,110450
20240209,11:54:14,2.35,150,110450
20240209,11:54:19,2.35,150,110450
20240209,11:54:20,2.35,150,110450
20240209,11:54:21,2.35,200,110450
20240209,11:54:22,2.35,600,110450
20240209,11:54:26,2.35,50,110450
20240209,11:54:36,2.3,250,110450
20240209,11:54:45,2.35,150,110450
20240209,11:54:46,2.35,150,110450
20240209,11:54:47,2.35,150,110450
20240209,11:54:49,2.35,50,110450
20240209,11:54:53,2.35,50,110450
20240209,11:55:00,2.3,400,110450
20240209,11:55:02,2.35,50,110450
20240209,11:56:36,2.35,100,112400
20240209,11:56:40,2.35,500,112400
20240209,11:56:48,2.3,200,112400
20240209,11:57:01,2.3,200,112400
20240209,11:57:51,2.3,200,112400
20240209,11:58:02,2.3,400,112400
20240209,11:58:07,2.3,150,112400
20240209,11:58:09,2.3,50,112400
20240209,11:58:43,2.35,50,111600
20240209,11:59:12,2.3,150,111600
20240209,11:59:15,2.3,100,111600
20240209,11:59:45,2.3,200,111600
20240209,12:01:11,2.25,1150,111600
20240209,12:01:17,2.2,200,111600
20240209,12:01:19,2.2,400,111600
20240209,12:01:19,2.25,100,111600
20240209,12:01:20,2.25,850,111600
20240209,12:01:21,2.25,150,111600
20240209,12:01:23,2.2,50,111600
20240209,12:01:24,2.2,200,111600
20240209,12:01:25,2.2,200,111600
20240209,12:01:26,2.2,200,111600
20240209,12:01:27,2.2,200,111600
20240209,12:01:28,2.2,200,111600
20240209,12:01:29,2.2,200,111600
20240209,12:01:31,2.2,400,111600
20240209,12:01:32,2.2,200,111600
20240209,12:01:33,2.2,200,111600
20240209,12:01:34,2.2,200,111600
20240209,12:01:35,2.2,450,111600
20240209,12:01:36,2.15,4400,111600
20240209,12:01:38,2.1,400,111600
20240209,12:01:39,2.1,200,111600
20240209,12:01:40,2.1,150,111600
20240209,12:01:41,2.1,150,111600
20240209,12:01:42,2.15,200,110600
20240209,12:01:50,2.1,1200,110600
20240209,12:01:56,2.1,50,110600
20240209,12:02:02,2.1,100,110600
20240209,12:02:25,2.1,50,110600
20240209,12:02:31,2.15,450,110600
20240209,12:02:41,2.15,200,110600
20240209,12:03:14,2.1,200,110600
20240209,12:03:15,2.1,50,110600
20240209,12:03:23,2.1,100,110600
20240209,12:03:24,2.1,50,110600
20240209,12:03:53,2.1,50,110600
20240209,12:04:14,2.1,50,110600
20240209,12:04:18,2.15,1050,110600
20240209,12:05:01,2.15,2600,110450
20240209,12:05:02,2.15,300,110450
20240209,12:05:04,2.15,50,110450
20240209,12:05:14,2.15,50,110450
20240209,12:05:23,2.15,50,110450
20240209,12:05:27,2.15,250,110450
20240209,12:05:28,2.15,250,110450
20240209,12:05:31,2.15,1300,110450
20240209,12:05:32,2.15,50,110450
20240209,12:05:41,2.1,50,110450
20240209,12:06:03,2.1,450,110450
20240209,12:06:18,2.15,50,110450
20240209,12:06:22,2.2,50,110450
20240209,12:06:35,2.2,50,110450
20240209,12:07:09,2.2,200,110450
20240209,12:07:14,2.2,150,110450
20240209,12:07:30,2.15,50,110450
20240209,12:07:48,2.2,100,110450
20240209,12:08:12,2.2,50,112650
20240209,12:08:13,2.2,50,112650
20240209,12:08:19,2.2,50,112650
20240209,12:08:32,2.15,50,112650
20240209,12:09:24,2.15,700,112650
20240209,12:09:39,2.1,100,112650
20240209,12:09:40,2.1,500,112650
20240209,12:09:42,2.1,100,112650
20240209,12:09:46,2.1,100,112650
20240209,12:09:48,2.1,50,112650
20240209,12:09:52,2.1,100,112650
20240209,12:09:54,2.1,50,112650
20240209,12:10:04,2.1,300,112650
20240209,12:10:47,2.15,1000,112650
20240209,12:10:57,2.1,50,111950
20240209,12:11:00,2.1,250,111950
20240209,12:11:02,2.1,250,111950
20240209,12:11:07,2.15,50,111950
20240209,12:11:47,2.15,200,111950
20240209,12:11:52,2.1,100,111950
20240209,12:12:49,2.2,50,111950
20240209,12:13:03,2.2,50,111950
20240209,12:13:12,2.2,50,111950
20240209,12:13:13,2.2,100,111950
20240209,12:13:17,2.2,100,111950
20240209,12:13:19,2.2,350,111950
20240209,12:13:19,2.2,1100,111950
20240209,12:13:20,2.2,200,111950
20240209,12:13:22,2.2,200,111950
20240209,12:13:28,2.2,50,111950
20240209,12:13:55,2.2,50,111950
20240209,12:14:02,2.2,1000,114200
20240209,12:14:19,2.2,1050,114200
20240209,12:15:17,2.25,50,114200
20240209,12:15:34,2.25,1000,114200
20240209,12:15:47,2.3,700,114200
20240209,12:15:57,2.3,1200,114200
20240209,12:15:59,2.35,200,114200
20240209,12:16:00,2.35,200,114200
20240209,12:16:01,2.35,2950,114200
20240209,12:16:02,2.35,200,114200
20240209,12:16:12,2.35,100,114200
20240209,12:16:13,2.4,50,114200
20240209,12:16:14,2.4,200,114200
20240209,12:16:15,2.4,200,114200
20240209,12:16:16,2.4,200,114200
20240209,12:16:43,2.4,100,114200
20240209,12:17:56,2.3,1500,112350
20240209,12:18:02,2.25,50,112350
20240209,12:18:19,2.25,150,112350
20240209,12:18:19,2.25,1150,112350
20240209,12:18:35,2.25,50,112350
20240209,12:18:42,2.2,50,112350
20240209,12:20:02,2.2,1250,112150
20240209,12:20:07,2.2,500,112150
20240209,12:20:38,2.25,50,112150
20240209,12:20:52,2.25,250,112150
20240209,12:21:05,2.25,50,112150
20240209,12:21:11,2.3,350,112150
20240209,12:21:18,2.25,1700,112150
20240209,12:21:35,2.25,50,112150
20240209,12:21:40,2.3,50,112150
20240209,12:21:46,2.25,2300,112150
20240209,12:21:50,2.25,50,112150
20240209,12:22:56,2.25,50,115500
20240209,12:23:12,2.25,50,115500
20240209,12:23:32,2.25,450,115500
20240209,12:23:34,2.25,300,115500
20240209,12:23:59,2.25,1700,115500
20240209,12:24:00,2.25,50,115500
20240209,12:24:34,2.25,50,115500
20240209,12:24:35,2.25,50,115500
20240209,12:25:56,2.2,50,115750
20240209,12:26:15,2.25,1650,115750
20240209,12:26:33,2.25,50,115750
20240209,12:27:22,2.3,200,115750
20240209,12:27:23,2.3,200,115750
20240209,12:27:29,2.25,50,115750
20240209,12:28:03,2.3,200,115750
20240209,12:30:06,2.25,300,116750
20240209,12:30:07,2.25,100,116750
20240209,12:30:10,2.25,850,116750
20240209,12:30:24,2.2,50,116750
20240209,12:30:25,2.2,200,116750
20240209,12:30:26,2.2,200,116750
20240209,12:30:27,2.2,200,116750
20240209,12:30:28,2.2,200,116750
20240209,12:30:29,2.2,200,116750
20240209,12:30:30,2.2,200,116750
20240209,12:30:31,2.2,200,116750
20240209,12:30:32,2.2,200,116750
20240209,12:30:33,2.2,3900,116750
20240209,12:30:34,2.15,200,116750
20240209,12:30:35,2.15,200,116750
20240209,12:30:36,2.15,150,116750
20240209,12:30:37,2.15,200,116750
20240209,12:30:38,2.15,150,116750
20240209,12:30:39,2.15,50,116750
20240209,12:30:41,2.15,1850,116750
20240209,12:30:44,2.15,400,116750
20240209,12:30:50,2.15,50,116750
20240209,12:31:05,2.1,2050,116750
20240209,12:31:06,2.1,50,116750
20240209,12:31:27,2.15,250,116750
20240209,12:31:28,2.15,1250,116750
20240209,12:31:44,2.15,50,116750
20240209,12:32:03,2.1,100,114450
20240209,12:32:22,2.15,50,114450
20240209,12:32:23,2.15,50,114450
20240209,12:32:24,2.15,100,114450
20240209,12:32:25,2.15,100,114450
20240209,12:32:26,2.15,150,114450
20240209,12:32:30,2.15,150,114450
20240209,12:32:31,2.15,200,114450
20240209,12:32:31,2.15,50,114450
20240209,12:32:32,2.15,2300,114450
20240209,12:32:34,2.15,3000,114450
20240209,12:32:35,2.2,200,114450
20240209,12:32:36,2.2,200,114450
20240209,12:32:37,2.2,200,114450
20240209,12:32:38,2.2,200,114450
20240209,12:32:39,2.2,200,114450
20240209,12:32:55,2.2,200,114450
20240209,12:32:56,2.2,200,114450
20240209,12:32:56,2.15,3750,114450
20240209,12:32:57,2.2,200,114450
20240209,12:33:00,2.2,50,114450
20240209,12:33:01,2.2,50,114450
20240209,12:33:02,2.2,50,114450
20240209,12:33:03,2.2,200,114450
20240209,12:33:04,2.2,200,114450
20240209,12:33:05,2.2,200,114450
20240209,12:33:06,2.2,200,114450
20240209,12:33:07,2.2,200,114450
20240209,12:33:08,2.2,50,114450
20240209,12:33:09,2.2,50,114450
20240209,12:33:22,2.15,50,114450
20240209,12:33:24,2.1,50,114450
20240209,12:33:37,2.1,50,114450
20240209,12:33:39,2.1,100,114450
20240209,12:33:40,2.1,200,114450
20240209,12:33:41,2.1,200,114450
20240209,12:33:42,2.1,200,114450
20240209,12:33:43,2.1,200,114450
20240209,12:33:44,2.1,200,114450
20240209,12:33:45,2.1,200,114450
20240209,12:33:46,2.1,3500,114450
20240209,12:33:48,2.1,150,114450
20240209,12:33:49,2.05,50,114450
20240209,12:33:50,2.05,200,114450
20240209,12:33:51,2.05,200,114450
20240209,12:33:53,2.05,400,114450
20240209,12:33:53,2.05,1250,114450
20240209,12:33:54,2.0,200,114450
20240209,12:33:55,2.0,250,114450
20240209,12:33:56,2.0,200,114450
20240209,12:33:58,2.0,400,114450
20240209,12:33:59,2.0,150,114450
20240209,12:34:00,2.0,150,114450
20240209,12:34:01,2.0,100,114450
20240209,12:34:02,2.0,200,114450
20240209,12:34:03,2.0,300,114450
20240209,12:34:28,2.0,50,114450
20240209,12:34:45,2.05,50,114450
20240209,12:35:46,2.0,350,111500
20240209,12:36:02,2.05,50,111500
20240209,12:36:35,2.05,50,111500
20240209,12:37:25,2.05,50,111500
20240209,12:37:39,2.05,50,111500
20240209,12:37:53,2.05,50,111700
20240209,12:37:55,2.05,250,111700
20240209,12:37:57,2.05,1500,111700
20240209,12:37:58,2.05,100,111700
20240209,12:38:40,2.1,50,111700
20240209,12:38:57,2.1,50,111700
20240209,12:39:01,2.1,150,111700
20240209,12:39:04,2.1,50,111700
20240209,12:39:09,2.1,350,111700
20240209,12:39:10,2.05,1000,111700
20240209,12:39:15,2.1,1000,111700
20240209,12:39:17,2.1,50,111700
20240209,12:39:20,2.15,50,111700
20240209,12:39:51,2.1,200,111700
20240209,12:39:55,2.1,1500,111700
20240209,12:40:27,2.05,150,111700
20240209,12:41:02,2.05,50,109150
20240209,12:41:26,2.1,50,109150
20240209,12:41:50,2.1,100,109150
20240209,12:41:57,2.1,150,109150
20240209,12:42:02,2.1,300,109150
20240209,12:42:03,2.05,50,109150
20240209,12:42:04,2.1,50,109150
20240209,12:42:08,2.1,50,109150
20240209,12:42:25,2.05,250,109150
20240209,12:44:19,2.05,50,109300
20240209,12:44:22,2.05,250,109300
20240209,12:44:28,2.1,50,109300
20240209,12:44:42,2.05,100,109300
20240209,12:45:35,2.1,50,109300
20240209,12:45:53,2.05,50,109300
20240209,12:46:40,2.1,50,109300
20240209,12:46:46,2.1,50,109300
20240209,12:47:11,2.05,250,109300
20240209,12:47:12,2.05,150,109300
20240209,12:47:14,2.05,50,109300
20240209,12:47:22,2.05,50,109300
20240209,12:47:25,2.05,200,109300
20240209,12:47:37,2.05,100,109300
20240209,12:48:07,2.05,100,109300
20240209,12:48:46,2.05,50,109300
20240209,12:49:01,2.1,3300,109300
20240209,12:49:04,2.1,1100,109300
20240209,12:49:07,2.1,250,109300
20240209,12:49:15,2.1,800,109300
20240209,12:49:19,2.15,50,109300
20240209,12:49:20,2.15,50,109300
20240209,12:49:23,2.15,50,109300
20240209,12:49:24,2.15,50,109300
20240209,12:49:25,2.15,100,109300
20240209,12:49:26,2.15,150,109300
20240209,12:49:27,2.15,50,109300
20240209,12:49:28,2.15,350,109300
20240209,12:49:29,2.15,150,109300
20240209,12:49:30,2.15,150,109300
20240209,12:49:31,2.15,150,109300
20240209,12:49:32,2.15,50,109300
20240209,12:49:33,2.15,50,109300
20240209,12:49:34,2.15,50,109300
20240209,12:49:35,2.15,50,109300
20240209,12:49:36,2.15,50,109300
20240209,12:49:37,2.15,150,109300
20240209,12:49:38,2.15,150,109300
20240209,12:49:39,2.15,150,109300
20240209,12:49:40,2.15,1050,109300
20240209,12:49:41,2.15,50,109300
20240209,12:49:42,2.15,50,109300
20240209,12:49:43,2.15,50,109300
20240209,12:49:44,2.15,50,109300
20240209,12:49:45,2.15,150,109300
20240209,12:49:46,2.2,150,109300
20240209,12:49:47,2.2,150,109300
20240209,12:49:49,2.2,50,112200
20240209,12:49:50,2.2,50,112200
20240209,12:49:51,2.2,50,112200
20240209,12:49:52,2.2,50,112200
20240209,12:49:53,2.2,2750,112200
20240209,12:49:54,2.2,150,112200
20240209,12:49:55,2.2,150,112200
20240209,12:49:56,2.2,200,112200
20240209,12:49:57,2.2,3200,112200
20240209,12:49:58,2.2,800,112200
20240209,12:50:00,2.25,150,112200
20240209,12:50:01,2.25,50,112200
20240209,12:50:02,2.25,50,112200
20240209,12:50:03,2.25,50,112200
20240209,12:50:06,2.25,100,112200
20240209,12:50:07,2.25,50,112200
20240209,12:50:08,2.25,50,112200
20240209,12:50:09,2.25,50,112200
20240209,12:50:10,2.25,50,112200
20240209,12:50:11,2.25,50,112200
20240209,12:50:12,2.25,50,112200
20240209,12:50:13,2.25,50,112200
20240209,12:50:14,2.25,350,112200
20240209,12:50:15,2.25,1100,112200
20240209,12:50:16,2.25,900,112200
20240209,12:50:17,2.25,550,112200
20240209,12:50:18,2.25,200,112200
20240209,12:50:19,2.25,50,112200
20240209,12:50:20,2.25,200,112200
20240209,12:50:21,2.25,200,112200
20240209,12:50:22,2.25,500,112200
20240209,12:50:23,2.3,200,112200
20240209,12:50:24,2.25,200,112200
20240209,12:50:25,2.3,200,112200
20240209,12:50:28,2.3,200,112200
20240209,12:50:50,2.3,50,112200
20240209,12:50:59,2.3,50,112200
20240209,12:51:00,2.3,50,112200
20240209,12:51:01,2.3,400,112200
20240209,12:51:02,2.35,50,112200
20240209,12:51:09,2.35,50,112200
20240209,12:51:10,2.35,50,112200
20240209,12:51:22,2.35,50,112200
20240209,12:51:23,2.35,50,112200
20240209,12:51:24,2.35,50,112200
20240209,12:51:25,2.35,50,112200
20240209,12:51:27,2.35,50,112200
20240209,12:51:31,2.35,50,112200
20240209,12:51:39,2.35,50,112200
20240209,12:51:40,2.35,50,112200
20240209,12:51:42,2.35,50,112200
20240209,12:51:43,2.35,50,112200
20240209,12:51:59,2.35,50,112200
20240209,12:52:00,2.35,50,112200
20240209,12:52:01,2.35,50,112200
20240209,12:52:02,2.35,50,112200
20240209,12:52:03,2.35,50,112200
20240209,12:52:04,2.35,50,112200
20240209,12:52:05,2.35,50,112200
20240209,12:52:06,2.35,50,112200
20240209,12:52:07,2.35,50,112200
20240209,12:52:08,2.35,50,112200
20240209,12:52:09,2.35,50,112200
20240209,12:52:10,2.35,50,112200
20240209,12:52:11,2.35,50,112200
20240209,12:52:12,2.35,50,112200
20240209,12:52:13,2.35,200,112200
20240209,12:52:14,2.35,200,112200
20240209,12:52:20,2.35,50,112200
20240209,12:52:40,2.3,50,112200
20240209,12:52:41,2.3,50,112200
20240209,12:52:42,2.3,50,112200
20240209,12:52:43,2.3,50,112200
20240209,12:52:46,2.3,250,112200
20240209,12:52:48,2.35,50,112200
20240209,12:53:02,2.35,50,110500
20240209,12:53:07,2.3,50,110500
20240209,12:53:08,2.3,50,110500
20240209,12:53:09,2.3,50,110500
20240209,12:53:10,2.3,50,110500
20240209,12:53:11,2.3,50,110500
20240209,12:53:14,2.3,400,110500
20240209,12:53:22,2.3,50,110500
20240209,12:53:23,2.3,50,110500
20240209,12:53:26,2.3,100,110500
20240209,12:53:29,2.3,100,110500
20240209,12:53:47,2.3,150,110500
20240209,12:54:07,2.3,50,110500
20240209,12:54:35,2.3,50,110500
20240209,12:54:47,2.3,50,110500
20240209,12:54:58,2.3,50,110500
20240209,12:55:30,2.3,100,110500
20240209,12:55:49,2.3,50,110600
20240209,12:55:57,2.3,800,110600
20240209,12:55:59,2.3,200,110600
20240209,12:56:00,2.25,50,110600
20240209,12:56:32,2.35,250,110600
20240209,12:56:36,2.35,250,110600
20240209,12:56:55,2.35,200,110600
20240209,12:56:58,2.4,50,110600
20240209,12:57:00,2.3,350,110600
20240209,12:57:01,2.35,250,110600
20240209,12:57:02,2.35,50,110600
20240209,12:57:03,2.35,50,110600
20240209,12:57:16,2.3,50,110600
20240209,12:57:20,2.35,100,110600
20240209,12:57:29,2.35,50,110600
20240209,12:57:48,2.3,100,110600
20240209,12:57:58,2.3,550,110600
20240209,12:58:05,2.25,50,110600
20240209,12:58:16,2.25,200,110600
20240209,12:58:19,2.25,50,110600
20240209,12:58:22,2.25,100,110600
20240209,12:58:24,2.25,150,110600
20240209,12:58:25,2.25,300,110600
20240209,12:58:27,2.25,1100,110600
20240209,12:58:28,2.25,250,110600
20240209,12:58:33,2.25,150,110600
20240209,12:58:34,2.25,150,110600
20240209,12:58:50,2.2,50,110600
20240209,12:58:55,2.2,50,110000
20240209,12:58:56,2.2,50,110000
20240209,12:58:57,2.2,50,110000
20240209,12:58:58,2.2,50,110000
20240209,12:58:59,2.2,50,110000
20240209,12:59:00,2.2,50,110000
20240209,12:59:30,2.25,700,110000
20240209,12:59:31,2.2,150,110000
20240209,12:59:36,2.2,50,110000
20240209,12:59:57,2.15,50,110000
20240209,12:59:58,2.15,50,110000
20240209,12:59:59,2.15,50,110000
20240209,13:00:00,2.15,50,110000
20240209,13:00:01,2.15,50,110000
20240209,13:00:02,2.15,200,110000
20240209,13:00:03,2.15,200,110000
20240209,13:00:04,2.15,200,110000
20240209,13:00:05,2.15,200,110000
20240209,13:00:13,2.15,50,110000
20240209,13:00:14,2.15,50,110000
20240209,13:00:15,2.15,550,110000
20240209,13:00:16,2.15,50,110000
20240209,13:00:17,2.15,50,110000
20240209,13:00:18,2.15,50,110000
20240209,13:00:19,2.15,50,110000
20240209,13:00:20,2.15,50,110000
20240209,13:00:21,2.15,50,110000
20240209,13:00:22,2.15,200,110000
20240209,13:00:23,2.15,200,110000
20240209,13:00:24,2.15,200,110000
20240209,13:00:25,2.15,50,110000
20240209,13:00:26,2.15,200,110000
20240209,13:00:28,2.15,150,110000
20240209,13:00:30,2.1,50,110000
20240209,13:00:32,2.15,250,110000
20240209,13:00:33,2.15,200,110000
20240209,13:00:34,2.15,200,110000
20240209,13:00:35,2.15,2000,110000
20240209,13:00:36,2.15,1000,110000
20240209,13:00:37,2.1,200,110000
20240209,13:00:38,2.15,100,110000
20240209,13:00:39,2.15,50,110000
20240209,13:00:40,2.1,100,110000
20240209,13:00:41,2.1,200,110000
20240209,13:00:44,2.15,500,110000
20240209,13:00:45,2.15,200,110000
20240209,13:00:46,2.15,200,110000
20240209,13:00:47,2.15,300,110000
20240209,13:00:48,2.15,1000,110000
20240209,13:00:49,2.15,150,110000
20240209,13:00:58,2.15,50,110000
20240209,13:01:00,2.15,50,110000
20240209,13:01:01,2.15,50,110000
20240209,13:01:03,2.1,50,110000
20240209,13:01:12,2.1,50,110000
20240209,13:01:13,2.1,50,110000
20240209,13:01:14,2.1,50,110000
20240209,13:01:15,2.1,50,110000
20240209,13:01:16,2.1,50,110000
20240209,13:01:17,2.1,50,110000
20240209,13:01:18,2.1,50,110000
20240209,13:01:19,2.1,50,110000
20240209,13:01:20,2.1,50,110000
20240209,13:01:31,2.15,300,110000
20240209,13:01:56,2.15,500,108700
20240209,13:02:43,2.1,150,108700
20240209,13:03:03,2.1,50,108700
20240209,13:03:17,2.1,50,108700
20240209,13:03:39,2.1,50,108700
20240209,13:04:18,2.15,50,108700
20240209,13:04:19,2.15,50,108700
20240209,13:04:20,2.15,50,108700
20240209,13:04:21,2.15,50,108700
20240209,13:04:22,2.15,50,108700
20240209,13:04:23,2.15,50,108700
20240209,13:04:24,2.15,50,108700
20240209,13:04:25,2.15,50,108700
20240209,13:04:26,2.15,50,108700
20240209,13:04:27,2.15,200,108700
20240209,13:04:28,2.15,200,108700
20240209,13:04:29,2.15,200,108700
20240209,13:04:30,2.15,50,108700
20240209,13:04:31,2.15,50,108700
20240209,13:04:32,2.15,100,108700
20240209,13:04:33,2.15,50,108700
20240209,13:04:34,2.15,50,108700
20240209,13:04:35,2.15,50,108700
20240209,13:04:36,2.15,50,108700
20240209,13:04:37,2.15,50,108700
20240209,13:04:38,2.15,50,108700
20240209,13:04:39,2.15,50,108700
20240209,13:04:40,2.15,50,108700
20240209,13:04:41,2.15,50,108700
20240209,13:04:42,2.15,200,108700
20240209,13:04:43,2.2,500,108700
20240209,13:04:44,2.15,250,108700
20240209,13:04:53,2.15,50,109250
20240209,13:04:54,2.15,50,109250
20240209,13:04:55,2.15,50,109250
20240209,13:04:56,2.15,50,109250
20240209,13:04:57,2.15,50,109250
20240209,13:04:58,2.15,50,109250
20240209,13:04:59,2.15,50,109250
20240209,13:05:00,2.15,50,109250
20240209,13:05:01,2.15,50,109250
20240209,13:05:02,2.2,50,109250
20240209,13:05:03,2.15,50,109250
20240209,13:05:05,2.15,50,109250
20240209,13:05:06,2.15,50,109250
20240209,13:05:07,2.15,50,109250
20240209,13:05:10,2.15,50,109250
20240209,13:06:07,2.15,200,109250
20240209,13:06:15,2.2,50,109250
20240209,13:06:16,2.2,50,109250
20240209,13:06:17,2.2,200,109250
20240209,13:06:18,2.2,200,109250
20240209,13:06:19,2.2,200,109250
20240209,13:06:20,2.2,50,109250
20240209,13:06:21,2.2,50,109250
20240209,13:06:22,2.2,50,109250
20240209,13:06:23,2.2,50,109250
20240209,13:06:24,2.2,50,109250
20240209,13:06:25,2.2,50,109250
20240209,13:06:27,2.2,250,109250
20240209,13:06:28,2.2,200,109250
20240209,13:06:29,2.2,200,109250
20240209,13:06:40,2.2,50,109250
20240209,13:06:41,2.15,350,109250
20240209,13:06:42,2.2,50,109250
20240209,13:06:43,2.2,50,109250
20240209,13:06:47,2.2,50,109250
20240209,13:06:58,2.2,50,109250
20240209,13:07:09,2.25,1850,109250
20240209,13:07:33,2.2,100,109250
20240209,13:07:54,2.25,100,112300
20240209,13:07:55,2.25,50,112300
20240209,13:07:56,2.25,50,112300
20240209,13:07:57,2.25,50,112300
20240209,13:08:15,2.25,50,112300
20240209,13:10:10,2.25,100,112300
20240209,13:10:16,2.2,1850,112300
20240209,13:11:26,2.2,100,110850
20240209,13:11:58,2.2,50,110850
20240209,13:12:06,2.2,50,110850
20240209,13:12:48,2.2,50,110850
20240209,13:13:57,2.15,50,110650
20240209,13:13:58,2.15,50,110650
20240209,13:14:00,2.15,100,110650
20240209,13:14:02,2.15,50,110650
20240209,13:14:39,2.1,50,110650
20240209,13:14:40,2.1,50,110650
20240209,13:14:41,2.1,50,110650
20240209,13:14:42,2.1,50,110650
20240209,13:14:43,2.1,50,110650
20240209,13:14:44,2.1,50,110650
20240209,13:14:45,2.1,50,110650
20240209,13:14:46,2.1,300,110650
20240209,13:14:47,2.05,200,110650
20240209,13:14:48,2.05,200,110650
20240209,13:14:49,2.05,50,110650
20240209,13:14:50,2.05,50,110650
20240209,13:14:51,2.05,50,110650
20240209,13:14:52,2.05,50,110650
20240209,13:14:53,2.05,50,110650
20240209,13:14:54,2.05,50,110650
20240209,13:14:55,2.1,100,110650
20240209,13:14:56,2.05,50,110650
20240209,13:14:57,2.05,200,110650
20240209,13:14:58,2.05,200,110650
20240209,13:14:59,2.05,200,110650
20240209,13:15:01,2.05,50,110650
20240209,13:15:02,2.05,50,110650
20240209,13:15:04,2.05,250,110650
20240209,13:15:05,2.05,200,110650
20240209,13:15:06,2.05,200,110650
20240209,13:15:08,2.05,50,110650
20240209,13:15:09,2.05,100,110650
20240209,13:15:10,2.05,50,110650
20240209,13:15:11,2.05,50,110650
20240209,13:15:12,2.05,50,110650
20240209,13:15:13,2.05,50,110650
20240209,13:15:14,2.05,50,110650
20240209,13:15:15,2.05,50,110650
20240209,13:15:16,2.05,50,110650
20240209,13:15:17,2.05,50,110650
20240209,13:15:18,2.05,50,110650
20240209,13:15:20,2.05,100,110650
20240209,13:15:21,2.05,50,110650
20240209,13:15:22,2.05,50,110650
20240209,13:15:23,2.05,50,110650
20240209,13:15:24,2.05,50,110650
20240209,13:15:25,2.05,50,110650
20240209,13:15:26,2.05,50,110650
20240209,13:15:27,2.05,50,110650
20240209,13:15:28,2.05,550,110650
20240209,13:15:29,2.05,50,110650
20240209,13:15:30,2.05,50,110650
20240209,13:15:31,2.05,200,110650
20240209,13:15:33,2.05,400,110650
20240209,13:15:37,2.1,50,110650
20240209,13:15:38,2.1,50,110650
20240209,13:15:47,2.05,50,110650
20240209,13:15:48,2.05,50,110650
20240209,13:15:49,2.05,50,110650
20240209,13:15:51,2.05,50,110650
20240209,13:15:53,2.1,50,110650
20240209,13:15:57,2.05,50,110650
20240209,13:15:58,2.05,50,110650
20240209,13:15:59,2.05,50,110650
20240209,13:16:00,2.05,50,110650
20240209,13:16:01,2.05,50,110650
20240209,13:16:04,2.05,50,110650
20240209,13:16:06,2.05,50,110650
20240209,13:16:07,2.05,50,110650
20240209,13:16:08,2.05,50,110650
20240209,13:16:09,2.05,50,110650
20240209,13:16:10,2.05,50,110650
20240209,13:16:11,2.05,50,110650
20240209,13:16:12,2.1,300,110650
20240209,13:16:18,2.05,500,110650
20240209,13:16:33,2.05,50,110650
20240209,13:17:09,2.05,50,105800
20240209,13:17:12,2.05,50,105800
20240209,13:17:13,2.05,50,105800
20240209,13:17:14,2.05,50,105800
20240209,13:17:15,2.05,50,105800
20240209,13:17:16,2.05,50,105800
20240209,13:17:17,2.05,50,105800
20240209,13:17:18,2.05,50,105800
20240209,13:17:19,2.05,50,105800
20240209,13:17:20,2.05,50,105800
20240209,13:17:21,2.05,50,105800
20240209,13:17:22,2.05,50,105800
20240209,13:17:23,2.05,50,105800
20240209,13:17:24,2.05,50,105800
20240209,13:17:25,2.05,50,105800
20240209,13:17:26,2.05,50,105800
20240209,13:17:28,2.05,400,105800
20240209,13:17:28,2.05,250,105800
20240209,13:17:38,2.05,50,105800
20240209,13:18:23,2.1,350,105800
20240209,13:18:47,2.05,700,105800
20240209,13:18:47,2.05,50,105800
20240209,13:18:51,2.05,100,105800
20240209,13:18:54,2.05,800,105800
20240209,13:19:28,2.0,100,105800
20240209,13:19:31,2.0,50,105800
20240209,13:19:32,2.0,4400,105800
20240209,13:19:33,1.95,1000,105800
20240209,13:19:34,1.95,200,105800
20240209,13:19:43,1.95,250,105800
20240209,13:19:44,1.95,200,105800
20240209,13:19:45,1.95,200,105800
20240209,13:19:59,1.95,200,106650
20240209,13:20:00,1.95,200,106650
20240209,13:20:23,1.95,350,106650
20240209,13:20:24,1.95,50,106650
20240209,13:20:40,1.95,150,106650
20240209,13:20:46,1.95,100,106650
20240209,13:21:11,1.9,50,106650
20240209,13:21:13,1.95,250,106650
20240209,13:21:17,1.95,150,106650
20240209,13:21:18,1.95,200,106650
20240209,13:21:20,1.95,50,106650
20240209,13:21:50,2.0,50,106650
20240209,13:21:51,2.0,50,106650
