date,time,tick_price,volume,open_interest
20231229,09:46:46,166.0,100,1000
20231229,09:46:54,166.0,400,1000
20231229,09:47:07,168.0,200,1000
20231229,09:47:14,168.0,300,1000
20231229,09:51:19,166.2,50,1000
20231229,09:53:13,166.5,50,1000
20231229,09:55:13,167.2,50,1100
20231229,09:58:02,167.0,50,1150
20231229,09:59:05,168.25,100,1150
20231229,09:59:42,171.8,1100,1300
20231229,10:00:06,171.9,100,1300
20231229,10:00:14,171.9,50,1300
20231229,10:00:23,170.8,100,1300
20231229,10:00:33,170.25,100,1300
20231229,10:00:49,169.95,50,1300
20231229,10:01:04,170.0,50,1300
20231229,10:01:33,169.6,100,1300
20231229,10:02:02,167.55,100,1300
20231229,10:03:00,168.0,50,2250
20231229,10:03:44,166.45,50,2250
20231229,10:07:20,167.7,50,2300
20231229,10:07:43,169.0,50,2300
20231229,10:08:00,169.3,100,2300
20231229,10:08:19,169.0,450,2300
20231229,10:11:51,170.0,250,2850
20231229,10:19:14,170.1,100,3100
20231229,10:20:28,169.7,50,3200
20231229,10:24:25,168.0,150,3250
20231229,10:25:20,167.95,50,3250
20231229,10:25:49,167.0,100,3250
20231229,10:25:56,167.4,150,3250
20231229,10:26:25,167.4,50,3700
20231229,10:27:03,167.6,50,3700
20231229,10:38:50,166.0,100,3750
20231229,10:39:33,165.0,100,3750
20231229,10:41:13,165.0,50,3750
20231229,10:49:08,166.0,50,3950
20231229,10:49:17,166.0,50,3950
20231229,10:59:40,166.25,300,4050
20231229,11:05:15,167.0,450,4150
20231229,11:08:05,165.8,50,4150
20231229,11:11:19,166.0,50,4200
20231229,11:11:57,166.0,50,4250
20231229,11:17:01,165.8,200,4300
20231229,11:20:28,164.0,50,4500
20231229,11:21:35,164.0,50,4500
20231229,11:29:37,163.0,1500,4600
20231229,11:29:44,162.45,200,4600
20231229,11:32:32,162.45,200,4600
20231229,11:37:41,157.7,350,6450
20231229,11:37:57,159.95,300,6450
20231229,11:38:05,158.15,200,6450
20231229,11:39:57,161.65,100,6900
20231229,11:40:14,161.7,50,6900
20231229,11:43:04,160.0,200,7050
20231229,11:44:42,161.7,200,7250
20231229,11:48:38,162.0,200,7300
20231229,12:01:22,162.0,100,7500
20231229,12:01:30,160.7,600,7500
20231229,12:04:59,158.6,50,7450
20231229,12:23:40,158.0,150,7450
20231229,12:24:18,156.9,100,7350
20231229,12:26:29,156.9,50,7350
20231229,12:30:21,160.15,100,7450
20231229,12:31:05,159.95,550,7450
20231229,12:35:20,159.0,500,8000
20231229,12:35:50,159.05,100,8400
20231229,12:39:26,160.55,100,8500
20231229,12:39:52,160.25,200,8500
20231229,12:40:09,160.25,300,8500
20231229,12:40:34,161.0,100,8500
20231229,12:40:42,161.0,200,8500
20231229,12:40:58,160.25,250,8500
20231229,12:41:06,159.65,250,8500
20231229,12:41:21,160.95,300,8500
20231229,12:41:29,159.35,300,8500
20231229,12:42:17,160.95,50,10150
20231229,12:45:09,161.0,150,10200
20231229,12:45:33,161.0,400,10200
20231229,12:48:59,160.55,100,10750
20231229,12:49:41,158.95,400,10750
20231229,12:50:14,158.7,500,10750
20231229,12:50:22,158.4,250,10750
20231229,12:50:37,158.4,500,10750
20231229,12:51:00,158.8,500,12450
20231229,12:51:54,160.0,50,12450
20231229,12:52:16,160.0,50,12450
20231229,12:55:50,160.0,300,12950
20231229,13:00:21,158.25,100,13250
20231229,13:04:08,157.2,50,13350
20231229,13:05:38,156.5,100,13350
20231229,13:05:45,156.5,50,13350
20231229,13:05:53,156.5,100,13550
20231229,13:06:01,156.2,250,13550
20231229,13:06:34,156.2,50,13550
20231229,13:06:57,156.05,250,13550
20231229,13:07:43,156.05,100,13550
20231229,13:07:51,156.6,50,13550
20231229,13:08:30,157.0,50,13550
20231229,13:11:36,156.35,50,14050
20231229,13:12:37,156.95,50,14100
20231229,13:13:55,155.0,100,14100
20231229,13:17:19,154.95,150,14200
20231229,13:22:17,154.55,50,14200
20231229,13:27:05,154.55,100,14150
20231229,13:27:53,155.05,50,14150
20231229,13:28:16,153.5,200,14150
20231229,13:28:32,153.5,150,14150
20231229,13:33:27,156.2,50,14300
20231229,13:33:35,156.2,50,14300
20231229,13:37:02,158.6,100,14400
20231229,13:39:06,156.75,100,14350
20231229,13:41:38,155.7,100,14350
20231229,13:55:32,154.95,50,14500
20231229,13:55:47,154.95,50,14500
20231229,13:56:19,155.55,250,14500
20231229,13:56:33,155.55,150,14500
20231229,13:56:47,155.55,700,14500
20231229,13:58:18,156.0,150,15500
20231229,13:58:46,155.8,250,15500
20231229,14:00:09,155.55,100,15600
20231229,14:00:17,155.85,250,15600
20231229,14:00:25,155.85,650,15600
20231229,14:00:55,156.6,250,15600
20231229,14:01:03,156.6,500,15600
20231229,14:02:11,157.0,150,15600
20231229,14:02:34,155.85,100,15600
20231229,14:02:42,155.85,100,15600
20231229,14:02:57,157.95,500,16700
20231229,14:03:04,156.55,300,16700
20231229,14:03:19,156.45,250,16700
20231229,14:03:26,156.45,350,16700
20231229,14:03:34,156.2,300,16700
20231229,14:03:49,156.3,100,16700
20231229,14:04:04,157.0,150,16700
20231229,14:04:12,155.55,100,16700
20231229,14:04:37,155.1,250,16700
20231229,14:06:10,155.1,800,18200
20231229,14:06:41,156.0,250,18200
20231229,14:07:43,156.0,150,18200
20231229,14:08:22,156.0,50,18200
20231229,14:08:30,157.7,50,18200
20231229,14:08:38,155.65,150,18200
20231229,14:08:54,155.65,50,18200
20231229,14:09:50,156.15,50,19500
20231229,14:11:39,156.35,50,19500
20231229,14:12:03,156.25,100,19600
20231229,14:12:19,156.2,400,19600
20231229,14:12:43,156.9,50,19600
20231229,14:13:09,157.0,250,19600
20231229,14:13:17,157.55,300,19600
20231229,14:13:25,157.55,300,19600
20231229,14:13:41,157.9,350,19600
20231229,14:13:50,157.9,50,19600
20231229,14:13:59,158.35,400,19600
20231229,14:14:17,158.35,900,19600
20231229,14:14:25,160.1,1850,19600
20231229,14:14:35,159.0,250,19600
20231229,14:14:52,160.65,150,19600
20231229,14:15:02,158.9,1800,23350
20231229,14:15:19,158.95,50,23350
20231229,14:15:28,159.95,150,23350
20231229,14:15:37,160.75,150,23350
20231229,14:15:45,161.0,200,23350
20231229,14:15:54,160.05,50,23350
20231229,14:16:47,160.5,150,23350
20231229,14:16:55,160.9,250,23350
20231229,14:17:47,160.85,500,23350
20231229,14:17:55,160.7,100,25850
20231229,14:18:12,160.7,50,25850
20231229,14:20:15,160.7,150,25850
20231229,14:22:28,160.7,150,26100
20231229,14:23:01,161.85,150,26100
20231229,14:23:18,161.1,100,26100
20231229,14:24:01,161.55,100,26200
20231229,14:24:10,161.55,100,26200
20231229,14:24:35,161.75,700,26200
20231229,14:25:30,162.45,600,26200
20231229,14:25:39,162.45,50,26200
20231229,14:26:13,162.45,50,26200
20231229,14:26:21,162.75,50,26200
20231229,14:26:38,163.0,150,26200
20231229,14:27:52,161.75,100,27300
20231229,14:28:01,162.05,150,27300
20231229,14:28:26,162.0,50,27300
20231229,14:28:59,161.5,150,27300
20231229,14:37:10,156.0,50,27350
20231229,14:42:58,156.3,50,27300
20231229,14:48:15,155.8,50,27350
20231229,14:51:35,155.8,50,27400
20231229,14:52:27,154.0,200,27400
20231229,14:54:09,155.0,100,27200
20231229,14:58:44,153.1,50,27300
20231229,15:00:27,152.0,250,27250
20231229,15:00:37,152.0,400,27250
20231229,15:01:37,153.0,150,27250
20231229,15:01:47,152.15,650,27250
20231229,15:02:16,152.0,300,27250
20231229,15:02:26,152.85,1450,27250
20231229,15:02:36,152.2,350,27250
20231229,15:02:45,152.25,400,27250
20231229,15:04:12,151.85,50,30300
20231229,15:04:30,151.85,150,30300
20231229,15:04:39,152.0,100,30300
20231229,15:05:00,151.35,1000,30300
20231229,15:05:09,152.95,100,30300
20231229,15:05:18,151.9,50,30300
20231229,15:05:26,151.6,350,30300
20231229,15:05:35,151.05,150,30300
20231229,15:05:43,151.0,100,30300
20231229,15:05:51,151.0,750,30300
20231229,15:09:27,154.0,500,31800
20231229,15:09:37,154.0,100,31800
20231229,15:12:37,153.0,100,32100
20231229,15:13:06,153.6,50,32100
20231229,15:13:16,153.6,100,32100
20231229,15:13:25,152.5,500,32100
20231229,15:13:52,153.95,50,32100
20231229,15:14:26,154.35,200,32100
20231229,15:15:18,154.3,200,32800
20231229,15:18:06,154.5,50,32800
20231229,15:20:16,153.9,50,32950
20231229,15:20:54,154.4,50,32950
20231229,15:22:43,154.05,250,33000
20231229,15:25:24,154.5,150,33150
20231229,15:26:25,154.35,50,33150
20231229,15:27:48,154.35,200,33200
20231229,15:27:57,154.6,350,33200
20231229,15:28:06,154.8,50,33200
20240101,09:18:24,152.8,1,33600
20240101,09:18:24,152.8,50,33600
20240101,09:18:43,155.0,50,33600
20240101,09:18:52,157.0,50,33600
20240101,09:19:55,158.0,50,33600
20240101,09:21:27,158.0,50,33800
20240101,09:22:34,158.0,50,33800
20240101,09:22:43,158.0,50,33800
20240101,09:23:50,158.0,200,33950
20240101,09:24:56,160.0,450,33950
20240101,09:26:11,160.0,50,33950
20240101,09:27:17,157.15,100,34500
20240101,09:27:34,157.5,50,34500
20240101,09:27:42,158.0,100,34500
20240101,09:27:59,158.0,50,34500
20240101,09:28:32,158.85,150,34500
20240101,09:29:47,157.0,250,34550
20240101,09:35:28,156.2,100,34600
20240101,09:37:43,155.7,100,34600
20240101,09:38:08,156.0,100,34600
20240101,09:38:33,156.4,100,34800
20240101,09:39:06,158.0,550,34800
20240101,09:39:23,158.35,100,34800
20240101,09:39:31,155.4,50,34800
20240101,09:40:22,156.25,100,34800
20240101,09:40:31,156.25,50,34800
20240101,09:40:38,157.95,100,34800
20240101,09:41:02,156.15,50,34800
20240101,09:41:58,156.8,50,35150
20240101,09:44:26,154.3,100,35150
20240101,09:44:43,154.3,50,35150
20240101,09:45:17,153.5,50,35150
20240101,09:45:42,154.15,50,35150
20240101,09:46:49,153.55,50,35150
20240101,09:46:58,153.2,50,35150
20240101,09:47:42,153.15,50,35350
20240101,09:47:50,154.2,600,35350
20240101,09:48:46,152.0,50,35350
20240101,09:53:44,149.0,50,35400
20240101,09:53:53,149.0,50,35400
20240101,09:54:02,149.0,50,35400
20240101,09:54:28,148.45,50,35400
20240101,09:56:43,146.85,150,35600
20240101,09:58:07,146.85,50,35600
20240101,09:59:51,151.1,150,35600
20240101,10:05:28,151.75,200,35600
20240101,10:07:11,150.4,50,35550
20240101,10:07:27,151.5,100,35550
20240101,10:07:53,151.1,150,35550
20240101,10:10:13,150.95,850,35750
20240101,10:11:11,151.85,150,35750
20240101,10:11:21,151.85,50,35750
20240101,10:11:53,151.9,50,35850
20240101,10:12:09,151.9,50,35850
20240101,10:12:17,151.9,50,35850
20240101,10:13:06,151.9,50,35850
20240101,10:14:02,151.9,100,35850
20240101,10:14:18,151.9,150,35850
20240101,10:21:22,151.45,50,36300
20240101,10:21:46,151.9,350,36300
20240101,10:22:04,152.45,50,36300
20240101,10:22:21,152.9,50,36300
20240101,10:22:30,152.0,50,36300
20240101,10:22:38,152.0,50,36300
20240101,10:23:03,153.0,250,36300
20240101,10:24:45,153.9,100,37150
20240101,10:24:54,154.0,150,37150
20240101,10:25:19,153.0,50,37150
20240101,10:26:05,151.4,250,37150
20240101,10:26:21,152.0,100,37150
20240101,10:26:29,152.0,100,37150
20240101,10:27:30,152.0,50,37600
20240101,10:29:36,151.05,50,37600
20240101,10:31:03,150.2,50,37600
20240101,10:31:27,150.35,50,37600
20240101,10:31:43,151.6,50,37600
20240101,10:32:06,151.2,50,37600
20240101,10:33:17,150.85,50,37650
20240101,10:34:50,149.7,50,37650
20240101,10:38:15,148.2,100,37700
20240101,10:41:29,148.0,50,37700
20240101,10:42:03,147.65,150,37750
20240101,10:42:12,147.65,50,37750
20240101,10:45:20,146.75,100,37950
20240101,10:47:43,146.75,300,38050
20240101,10:48:15,146.7,50,38050
20240101,10:52:38,146.7,150,38300
20240101,10:52:46,148.0,150,38300
20240101,10:54:08,147.0,50,38450
20240101,10:54:16,147.0,50,38450
20240101,10:54:24,147.0,50,38450
20240101,10:56:30,145.65,50,38450
20240101,10:57:48,145.65,50,38600
20240101,10:57:56,146.45,150,38600
20240101,10:58:34,146.45,50,38600
20240101,11:02:50,146.9,50,38850
20240101,11:03:22,147.45,50,38850
20240101,11:03:48,148.4,450,38850
20240101,11:04:29,148.7,200,38850
20240101,11:04:37,149.1,350,38850
20240101,11:04:52,149.45,50,38850
20240101,11:05:07,148.75,50,38850
20240101,11:05:23,148.8,100,38850
20240101,11:05:39,149.25,50,39900
20240101,11:05:54,149.25,100,39900
20240101,11:06:02,149.05,100,39900
20240101,11:06:09,149.05,200,39900
20240101,11:06:18,148.55,50,39900
20240101,11:06:30,149.45,50,39900
20240101,11:06:33,149.4,50,39900
20240101,11:06:39,149.0,50,39900
20240101,11:06:43,149.4,50,39900
20240101,11:07:19,149.3,50,39900
20240101,11:07:27,148.85,650,39900
20240101,11:07:35,147.75,250,39900
20240101,11:07:50,148.65,50,39900
20240101,11:08:19,148.85,50,39900
20240101,11:08:27,148.65,50,39900
20240101,11:08:42,149.4,50,40500
20240101,11:08:49,149.15,150,40500
20240101,11:08:57,149.4,50,40500
20240101,11:10:17,149.1,250,40500
20240101,11:11:13,148.25,50,40500
20240101,11:11:52,149.2,50,40750
20240101,11:11:59,149.45,100,40750
20240101,11:12:22,149.0,50,40750
20240101,11:13:08,149.5,50,40750
20240101,11:13:45,149.75,200,40750
20240101,11:14:37,148.35,50,41200
20240101,11:14:45,148.3,100,41200
20240101,11:17:28,149.7,50,41200
20240101,11:17:37,148.4,50,41250
20240101,11:17:46,148.7,150,41250
20240101,11:17:47,148.45,150,41250
20240101,11:17:53,149.0,50,41250
20240101,11:18:17,149.0,50,41250
20240101,11:18:25,148.6,100,41250
20240101,11:18:47,148.55,50,41250
20240101,11:18:55,148.35,100,41250
20240101,11:19:19,148.25,150,41250
20240101,11:19:38,146.3,550,41250
20240101,11:19:47,146.4,500,41250
20240101,11:19:56,146.2,250,41250
20240101,11:20:03,146.25,200,41250
20240101,11:20:11,146.25,50,41250
20240101,11:21:12,148.25,50,43050
20240101,11:22:10,147.0,150,43050
20240101,11:22:32,147.0,50,43050
20240101,11:23:18,146.05,450,43050
20240101,11:23:26,146.7,600,43050
20240101,11:23:34,147.0,300,43050
20240101,11:23:48,147.4,150,43500
20240101,11:23:55,148.4,500,43500
20240101,11:24:10,147.75,100,43500
20240101,11:24:25,147.75,300,43500
20240101,11:24:33,147.4,100,43500
20240101,11:24:40,147.8,150,43500
20240101,11:24:47,148.35,100,43500
20240101,11:24:54,147.45,350,43500
20240101,11:25:01,147.4,100,43500
20240101,11:25:15,148.05,250,43500
20240101,11:25:23,147.9,250,43500
20240101,11:25:30,148.05,300,43500
20240101,11:25:38,147.15,250,43500
20240101,11:25:45,147.2,200,43500
20240101,11:25:53,147.6,150,43500
20240101,11:26:00,147.5,100,43500
20240101,11:26:15,148.2,50,43500
20240101,11:26:22,148.0,350,43500
20240101,11:26:29,147.3,150,43500
20240101,11:26:36,147.9,150,43500
20240101,11:26:43,148.4,100,46100
20240101,11:26:58,147.25,250,46100
20240101,11:27:02,147.35,50,46100
20240101,11:27:17,147.9,50,46100
20240101,11:27:24,147.8,50,46100
20240101,11:27:27,148.8,50,46100
20240101,11:28:01,147.75,50,46100
20240101,11:28:44,148.0,100,46100
20240101,11:28:59,147.4,50,46100
20240101,11:29:07,146.85,300,46100
20240101,11:29:14,147.75,50,46100
20240101,11:30:42,147.5,300,46900
20240101,11:31:31,147.05,100,46900
20240101,11:31:39,147.35,50,46900
20240101,11:31:47,147.9,50,46900
20240101,11:31:54,147.3,100,46900
20240101,11:32:40,148.4,50,46900
20240101,11:34:32,147.5,100,47400
20240101,11:34:46,147.95,50,47400
20240101,11:34:54,148.45,50,47400
20240101,11:35:52,147.35,300,47450
20240101,11:36:13,148.75,50,47450
20240101,11:37:17,148.15,100,47450
20240101,11:37:55,147.85,100,47450
20240101,11:38:13,147.7,50,47450
20240101,11:38:14,147.95,100,47450
20240101,11:40:44,148.0,50,48000
20240101,11:41:12,147.15,50,48000
20240101,11:42:41,145.15,600,48000
20240101,11:49:03,147.95,100,48350
20240101,11:49:12,148.0,50,48350
20240101,11:49:36,147.25,150,48350
20240101,11:52:57,146.95,100,48550
20240101,11:53:04,146.5,100,48550
20240101,11:57:51,148.0,300,48650
20240101,12:00:10,146.0,200,48850
20240101,12:00:25,146.05,200,48850
20240101,12:01:28,146.05,400,48850
20240101,12:01:53,147.5,150,48850
20240101,12:05:20,147.0,50,49700
20240101,12:05:44,146.9,50,49700
20240101,12:07:13,145.9,100,49800
20240101,12:07:39,146.0,150,49800
20240101,12:08:42,145.8,50,49800
20240101,12:09:06,145.3,300,50100
20240101,12:09:14,145.75,100,50100
20240101,12:09:38,144.95,1450,50100
20240101,12:09:46,144.85,50,50100
20240101,12:09:54,144.8,50,50100
20240101,12:10:03,144.8,50,50100
20240101,12:10:12,144.95,100,50100
20240101,12:10:56,144.0,550,50100
20240101,12:11:04,144.0,50,50100
20240101,12:12:24,145.85,150,50800
20240101,12:12:33,145.2,100,50800
20240101,12:12:42,145.0,300,50800
20240101,12:13:07,145.3,50,50800
20240101,12:14:04,145.0,100,50800
20240101,12:14:12,145.0,50,50800
20240101,12:14:54,145.0,50,50850
20240101,12:15:29,144.6,150,50850
20240101,12:16:59,144.65,200,50850
20240101,12:17:46,145.85,50,50850
20240101,12:18:40,144.95,200,51000
20240101,12:18:48,145.9,150,51000
20240101,12:19:04,144.95,100,51000
20240101,12:22:42,144.6,50,51350
20240101,12:23:06,145.0,200,51350
20240101,12:23:14,145.55,400,51350
20240101,12:23:24,146.4,200,51350
20240101,12:23:48,145.5,50,51350
20240101,12:24:13,146.4,100,51950
20240101,12:24:21,146.4,100,51950
20240101,12:24:29,145.55,200,51950
20240101,12:25:01,145.5,100,51950
20240101,12:25:26,146.0,450,51950
20240101,12:25:34,146.0,50,51950
20240101,12:26:16,145.85,300,51950
20240101,12:26:40,145.7,250,51950
20240101,12:27:21,146.05,100,53050
20240101,12:28:08,146.0,100,53050
20240101,12:28:16,145.75,50,53050
20240101,12:28:25,146.45,50,53050
20240101,12:28:34,145.35,300,53050
20240101,12:29:51,145.55,50,53050
20240101,12:29:58,145.45,50,53600
20240101,12:30:14,146.7,100,53600
20240101,12:30:22,146.7,50,53600
20240101,12:30:30,146.7,50,53600
20240101,12:30:53,146.9,100,53600
20240101,12:31:08,147.4,50,53600
20240101,12:32:34,147.7,50,53600
20240101,12:39:29,146.7,100,53950
20240101,12:39:58,146.5,50,53950
20240101,12:40:29,145.0,100,53950
20240101,12:47:01,145.05,50,54150
20240101,12:51:10,143.95,50,54150
20240101,12:54:23,143.95,50,54150
20240101,12:54:31,144.0,100,54150
20240101,12:54:38,144.0,50,54150
20240101,12:56:30,143.9,50,54150
20240101,12:56:38,143.9,50,54150
20240101,12:56:54,143.9,50,54150
20240101,12:59:24,143.9,100,54450
20240101,13:00:46,145.9,150,54450
20240101,13:03:25,144.45,100,54600
20240101,13:04:44,144.65,100,54600
20240101,13:04:52,146.0,150,54600
20240101,13:05:31,144.6,50,54600
20240101,13:08:27,145.85,100,54550
20240101,13:09:05,145.95,100,54550
20240101,13:16:55,144.0,50,54650
20240101,13:19:04,144.45,100,54650
20240101,13:19:35,144.5,50,54650
20240101,13:19:43,144.55,50,54650
20240101,13:19:50,144.55,50,54650
20240101,13:21:07,144.1,50,54850
20240101,13:21:14,144.1,50,54850
20240101,13:28:45,144.0,50,54950
20240101,13:28:52,144.0,50,54950
20240101,13:29:01,144.0,50,54950
20240101,13:33:25,143.2,50,55050
20240101,13:34:11,143.2,50,55050
20240101,13:37:03,144.9,100,55100
20240101,13:37:17,144.45,200,55100
20240101,13:37:39,144.55,50,55100
20240101,13:38:09,144.55,300,55100
20240101,13:39:16,144.05,100,55150
20240101,13:39:23,144.05,50,55150
20240101,13:39:59,144.45,50,55150
20240101,13:40:22,144.0,50,55150
20240101,13:40:29,144.0,50,55150
20240101,13:40:36,144.0,50,55150
20240101,13:41:13,144.0,150,55150
20240101,13:41:42,143.8,50,55150
20240101,13:42:57,143.95,50,55650
20240101,13:43:19,144.0,100,55650
20240101,13:43:48,144.0,50,55650
20240101,13:50:13,143.55,50,55800
20240101,13:50:22,143.0,100,55800
20240101,13:51:05,143.0,50,55900
20240101,13:51:14,143.0,50,55900
20240101,13:51:22,143.0,100,55900
20240101,13:51:30,142.95,500,55900
20240101,13:52:46,143.45,150,55900
20240101,13:52:53,143.65,50,55900
20240101,13:53:00,143.45,150,55900
20240101,13:57:31,140.25,100,56700
20240101,13:57:41,140.25,100,56700
20240101,14:01:46,140.25,50,56700
20240101,14:02:49,140.0,100,56700
20240101,14:03:18,140.0,250,56600
20240101,14:03:27,140.0,50,56600
20240101,14:04:27,140.0,150,56600
20240101,14:06:35,139.95,150,56450
20240101,14:07:30,138.95,250,56450
20240101,14:07:38,139.0,50,56450
20240101,14:07:47,139.25,50,56450
20240101,14:09:20,138.6,250,56450
20240101,14:09:28,138.6,250,56700
20240101,14:10:02,138.5,400,56700
20240101,14:11:55,137.75,200,56700
20240101,14:13:01,137.75,100,57700
20240101,14:15:44,138.0,500,57800
20240101,14:15:53,138.6,650,57800
20240101,14:16:55,138.6,50,57800
20240101,14:17:12,137.65,50,57800
20240101,14:19:49,137.65,50,58900
20240101,14:21:37,137.65,300,58950
20240101,14:21:47,138.0,200,58950
20240101,14:22:14,138.0,200,58950
20240101,14:22:23,138.0,500,58950
20240101,14:22:41,138.55,200,58950
20240101,14:22:51,138.55,150,58950
20240101,14:23:10,139.0,200,58950
20240101,14:24:53,139.45,50,60350
20240101,14:27:11,139.95,200,60400
20240101,14:27:20,140.0,150,60400
20240101,14:28:05,139.95,50,60400
20240101,14:28:31,139.45,50,60400
20240101,14:31:57,139.9,50,60650
20240101,14:32:15,140.0,50,60650
20240101,14:34:12,139.75,50,60750
20240101,14:34:37,139.4,250,60750
20240101,14:35:45,138.15,100,60750
20240101,14:36:10,138.05,100,60750
20240101,14:37:12,138.05,100,61000
20240101,14:37:21,138.05,200,61000
20240101,14:38:28,138.95,100,61000
20240101,14:38:36,139.0,200,61000
20240101,14:39:26,138.6,600,61400
20240101,14:41:05,138.6,150,61400
20240101,14:41:12,138.6,50,61400
20240101,14:42:00,137.5,250,61400
20240101,14:42:21,138.0,150,62100
20240101,14:42:43,139.4,150,62100
20240101,14:42:54,139.5,450,62100
20240101,14:43:15,137.55,50,62100
20240101,14:43:45,138.55,200,62100
20240101,14:43:56,138.3,450,62100
20240101,14:44:07,138.5,150,62100
20240101,14:44:18,136.8,50,62100
20240101,14:44:28,136.8,300,62100
20240101,14:44:47,138.85,150,62100
20240101,14:44:58,138.8,50,62100
20240101,14:45:18,139.25,150,62300
20240101,14:45:27,139.25,150,62300
20240101,14:46:24,138.9,150,62300
20240101,14:46:34,139.5,300,62300
20240101,14:46:43,139.5,150,62300
20240101,14:47:02,139.5,50,62300
20240101,14:47:29,138.4,100,62300
20240101,14:47:38,138.4,50,62300
20240101,14:47:56,138.7,50,62300
20240101,14:48:14,138.6,250,62750
20240101,14:48:23,139.3,600,62750
20240101,14:48:32,139.25,150,62750
20240101,14:48:40,139.25,150,62750
20240101,14:49:06,139.2,150,62750
20240101,14:49:28,138.45,400,62750
20240101,14:49:50,137.55,50,62750
20240101,14:50:10,138.8,200,62750
20240101,14:50:20,137.85,50,62750
20240101,14:50:32,138.8,350,62750
20240101,14:50:52,138.8,150,62750
20240101,14:51:01,138.8,50,62750
20240101,14:52:11,139.45,250,63150
20240101,14:52:30,139.5,50,63150
20240101,14:52:48,139.05,200,63150
20240101,14:55:45,139.0,100,63350
20240101,14:55:54,139.0,50,63350
20240101,14:57:39,139.05,50,63450
20240101,14:57:47,139.2,50,63450
20240101,14:58:23,139.1,50,63450
20240101,15:01:00,135.2,700,63600
20240101,15:01:09,139.1,50,63600
20240101,15:01:19,139.1,250,63600
20240101,15:01:53,139.75,200,63600
20240101,15:02:03,139.0,100,63600
20240101,15:02:23,138.9,200,63600
20240101,15:03:01,138.35,100,63600
20240101,15:03:12,138.75,50,63600
20240101,15:03:50,140.2,300,64750
20240101,15:04:00,140.25,100,64750
20240101,15:04:10,140.15,100,64750
20240101,15:05:33,139.3,100,64750
20240101,15:08:01,142.1,100,65050
20240101,15:09:22,144.25,200,65050
20240101,15:10:37,145.7,50,65050
20240101,15:11:00,147.0,200,65050
20240101,15:11:32,146.8,100,65050
20240101,15:11:53,146.0,300,65050
20240101,15:12:23,147.0,150,65300
20240101,15:12:42,147.0,50,65300
20240101,15:12:54,147.4,500,65300
20240101,15:13:04,146.0,500,65300
20240101,15:13:15,146.0,100,65300
20240101,15:13:37,147.65,200,65300
20240101,15:14:27,147.5,1100,65300
20240101,15:16:57,147.0,250,65900
20240101,15:19:02,146.95,50,66000
20240101,15:19:49,147.0,50,66000
20240101,15:19:58,147.0,50,66000
20240101,15:20:21,148.35,50,66000
20240101,15:20:34,148.45,300,66000
20240101,15:21:19,149.35,50,66000
20240101,15:21:54,148.95,200,66050
20240101,15:22:06,150.0,1200,66050
20240101,15:22:29,150.35,200,66050
20240101,15:23:12,152.0,300,66050
20240101,15:23:33,152.4,50,66050
20240101,15:23:44,153.1,400,66050
20240101,15:23:55,153.05,100,66050
20240101,15:24:07,153.75,250,66050
20240101,15:24:31,153.0,50,67150
20240101,15:24:41,153.2,100,67150
20240101,15:24:51,153.5,100,67150
20240101,15:25:31,153.1,250,67150
20240101,15:25:44,153.0,50,67150
20240101,15:26:17,153.0,200,67150
20240101,15:27:53,153.9,100,67650
20240101,15:28:05,153.0,250,67650
20240101,15:28:29,153.05,100,67650
20240101,15:28:40,153.0,50,67650
20240101,15:29:26,151.8,50,67650
20240101,15:29:39,152.0,150,67650
20240102,09:18:59,150.4,1,67850
20240102,09:18:59,150.35,150,67850
20240102,09:19:49,148.55,50,67850
20240102,09:21:18,148.05,200,67900
20240102,09:21:29,148.05,200,67900
20240102,09:21:39,148.0,100,67900
20240102,09:21:59,148.0,150,67900
20240102,09:22:23,148.0,50,67900
20240102,09:22:34,148.25,150,67900
20240102,09:23:50,148.65,50,67950
20240102,09:24:28,149.35,50,67950
20240102,09:25:59,149.0,50,67950
20240102,09:26:19,148.85,50,67950
20240102,09:26:40,148.2,100,67950
20240102,09:26:50,148.2,50,67950
20240102,09:28:01,148.2,100,67950
20240102,09:28:33,149.7,100,67950
20240102,09:28:47,150.3,750,67950
20240102,09:30:52,150.3,500,68250
20240102,09:32:32,146.2,200,68300
20240102,09:33:01,146.2,50,68300
20240102,09:33:30,149.0,50,68300
20240102,09:35:12,149.0,50,68300
20240102,09:36:00,148.5,100,68550
20240102,09:36:09,149.0,100,68550
20240102,09:36:28,149.0,50,68550
20240102,09:40:51,146.4,50,68800
20240102,09:41:22,145.6,50,68800
20240102,09:44:34,145.6,100,68900
20240102,09:45:01,145.75,50,68900
20240102,09:45:20,145.75,50,68900
20240102,09:45:30,145.95,50,68900
20240102,09:48:36,146.75,50,69150
20240102,09:48:55,146.9,100,69150
20240102,09:51:12,147.0,100,69200
20240102,09:51:22,147.0,50,69200
20240102,09:51:32,146.5,50,69200
20240102,09:52:09,146.45,50,69200
20240102,09:52:18,146.5,50,69200
20240102,09:54:25,147.4,50,69450
20240102,09:54:44,147.5,150,69450
20240102,09:56:08,151.0,50,69450
20240102,09:56:21,152.0,50,69450
20240102,09:56:33,152.0,50,69450
20240102,09:56:46,153.0,250,69800
20240102,09:57:58,155.0,50,69800
20240102,09:58:09,155.0,850,69800
20240102,09:58:21,155.0,1100,69800
20240102,09:58:33,156.0,1200,69800
20240102,09:58:45,157.15,400,69800
20240102,09:59:42,157.45,50,73150
20240102,10:00:03,157.45,100,73150
20240102,10:00:40,157.45,150,73150
20240102,10:01:12,156.45,400,73150
20240102,10:01:23,158.5,150,73150
20240102,10:01:45,156.0,100,73150
20240102,10:01:56,155.95,350,73150
20240102,10:02:06,156.95,100,73150
20240102,10:02:27,156.3,50,73150
20240102,10:03:07,155.35,50,73850
20240102,10:03:19,154.2,250,73850
20240102,10:03:43,155.15,250,73850
20240102,10:03:54,155.0,250,73850
20240102,10:04:04,155.9,50,73850
20240102,10:04:55,154.65,200,73850
20240102,10:05:06,154.8,250,73850
20240102,10:05:16,154.45,150,73850
20240102,10:05:27,154.35,50,73850
20240102,10:05:57,154.35,50,74450
20240102,10:06:27,153.8,50,74450
20240102,10:06:38,153.0,800,74450
20240102,10:06:48,153.0,200,74450
20240102,10:07:20,151.95,150,74450
20240102,10:07:31,152.0,950,74450
20240102,10:07:52,152.0,150,74450
20240102,10:08:02,151.9,50,74450
20240102,10:08:42,152.0,500,76750
20240102,10:09:22,153.0,50,76750
20240102,10:09:41,153.0,550,76750
20240102,10:10:40,153.5,1000,76750
20240102,10:11:10,153.55,600,76750
20240102,10:11:30,154.4,50,76750
20240102,10:12:26,154.2,750,76800
20240102,10:12:36,154.05,200,76800
20240102,10:12:47,155.0,150,76800
20240102,10:12:58,155.35,250,76800
20240102,10:13:58,155.4,200,76800
20240102,10:14:18,153.05,50,76800
20240102,10:14:48,153.05,50,76850
20240102,10:15:18,153.6,50,76850
20240102,10:16:56,153.6,150,76850
20240102,10:17:16,153.9,50,76850
20240102,10:19:58,154.15,100,77000
20240102,10:20:18,153.85,50,77000
20240102,10:20:37,154.0,100,77000
20240102,10:20:47,154.5,150,77050
20240102,10:21:16,154.9,50,77050
20240102,10:21:26,155.0,250,77050
20240102,10:21:36,154.65,50,77050
20240102,10:22:05,155.1,200,77050
20240102,10:22:25,155.45,100,77050
20240102,10:22:35,155.5,150,77050
20240102,10:22:54,156.0,350,77050
20240102,10:23:24,156.65,150,77050
20240102,10:23:35,156.9,50,77050
20240102,10:24:05,157.45,50,77300
20240102,10:24:26,157.9,50,77300
20240102,10:24:36,158.15,150,77300
20240102,10:24:56,158.9,100,77300
20240102,10:25:08,160.0,300,77300
20240102,10:25:40,159.65,100,77300
20240102,10:25:50,160.45,100,77300
20240102,10:26:12,160.45,750,77300
20240102,10:26:35,161.6,950,77300
20240102,10:26:46,161.6,200,78250
20240102,10:26:58,161.0,350,78250
20240102,10:27:09,161.15,200,78250
20240102,10:28:01,160.0,100,78250
20240102,10:28:32,160.0,100,78250
20240102,10:29:12,160.5,50,78250
20240102,10:29:32,161.0,200,78250
20240102,10:30:15,161.1,50,78300
20240102,10:30:38,161.5,50,78300
20240102,10:31:18,160.65,50,78300
20240102,10:31:27,161.65,50,78300
20240102,10:32:10,161.65,50,78300
20240102,10:32:49,160.5,100,78300
20240102,10:33:38,161.3,50,78300
20240102,10:33:58,161.95,50,78300
20240102,10:34:08,162.0,50,78300
20240102,10:34:57,163.2,500,78300
20240102,10:35:17,163.2,50,78300
20240102,10:35:57,161.4,100,78500
20240102,10:36:07,161.05,100,78500
20240102,10:36:29,163.6,550,78500
20240102,10:36:54,164.75,250,78500
20240102,10:37:06,165.0,650,78500
20240102,10:37:18,166.05,400,78500
20240102,10:37:30,165.3,50,78500
20240102,10:37:40,164.85,200,78500
20240102,10:37:50,165.55,50,78500
20240102,10:38:21,165.15,50,78500
20240102,10:38:41,164.9,150,78500
20240102,10:39:02,165.9,50,79600
20240102,10:39:15,166.55,400,79600
20240102,10:39:26,166.9,300,79600
20240102,10:39:37,166.35,100,79600
20240102,10:39:48,167.6,250,79600
20240102,10:40:10,168.4,500,79600
20240102,10:40:21,166.8,150,79600
20240102,10:40:31,166.65,100,79600
20240102,10:40:42,167.35,150,79600
20240102,10:40:52,167.9,150,79600
20240102,10:41:03,168.35,450,79600
20240102,10:41:15,169.0,500,79600
20240102,10:41:25,167.6,150,79600
20240102,10:41:35,167.6,50,79600
20240102,10:41:57,164.8,50,80150
20240102,10:42:08,164.8,50,80150
20240102,10:42:28,164.8,50,80150
20240102,10:43:21,163.2,100,80150
20240102,10:43:43,163.55,200,80150
20240102,10:44:03,163.55,50,80150
20240102,10:44:23,162.1,50,80150
20240102,10:44:44,161.75,50,80150
20240102,10:45:16,163.05,100,80200
20240102,10:45:26,164.8,50,80200
20240102,10:45:36,164.4,250,80200
20240102,10:45:46,163.85,50,80200
20240102,10:46:25,163.1,50,80200
20240102,10:47:46,162.35,50,80250
20240102,10:48:07,161.55,100,80250
20240102,10:48:18,161.0,200,80250
20240102,10:49:06,160.05,100,80250
20240102,10:49:18,159.3,100,80250
20240102,10:50:51,160.0,200,80300
20240102,10:51:01,161.0,100,80300
20240102,10:51:21,161.05,50,80300
20240102,10:51:50,161.0,50,80300
20240102,10:54:54,160.5,50,80500
20240102,10:55:49,160.4,50,80500
20240102,10:56:46,160.0,100,80450
20240102,10:58:14,158.5,300,80450
20240102,10:58:24,158.5,100,80450
20240102,10:58:33,158.35,350,80450
20240102,10:59:41,156.9,50,80450
20240102,11:00:01,157.2,100,80800
20240102,11:00:30,157.9,50,80800
20240102,11:01:46,159.0,200,80800
20240102,11:02:05,159.75,50,80800
20240102,11:02:25,159.05,50,80800
20240102,11:04:26,159.05,100,81150
20240102,11:05:21,159.55,100,81150
20240102,11:05:40,160.35,50,81150
20240102,11:05:59,160.9,50,81150
20240102,11:06:27,160.45,100,81150
20240102,11:07:15,161.45,250,81150
20240102,11:07:24,161.45,50,81150
20240102,11:07:52,162.3,50,81150
20240102,11:08:01,160.2,100,81150
20240102,11:08:10,160.75,50,81150
20240102,11:08:19,160.8,50,81150
20240102,11:08:29,161.6,50,81150
20240102,11:08:38,161.1,150,81150
20240102,11:08:47,162.0,100,81300
20240102,11:08:57,161.35,100,81300
20240102,11:09:15,161.1,100,81300
20240102,11:12:28,160.55,50,81500
20240102,11:13:05,161.1,150,81500
20240102,11:13:14,161.55,50,81500
20240102,11:13:24,162.0,50,81500
20240102,11:13:54,162.4,100,81500
20240102,11:14:14,162.6,50,81500
20240102,11:14:23,162.95,50,81500
20240102,11:15:11,163.1,50,81800
20240102,11:15:41,164.25,50,81800
20240102,11:16:02,164.6,100,81800
20240102,11:17:18,165.45,300,81800
20240102,11:17:28,164.65,250,81800
20240102,11:17:47,164.05,100,81800
20240102,11:17:56,164.0,500,81900
20240102,11:18:24,163.9,50,81900
20240102,11:18:33,163.9,100,81900
20240102,11:19:01,164.85,150,81900
20240102,11:19:19,164.85,50,81900
20240102,11:21:18,161.75,100,82100
20240102,11:23:40,160.5,100,82100
20240102,11:23:49,160.5,50,82100
20240102,11:23:58,160.25,50,82200
20240102,11:24:35,161.0,50,82200
20240102,11:25:02,160.95,50,82200
20240102,11:25:30,161.0,200,82200
20240102,11:25:39,161.8,150,82200
20240102,11:26:16,161.0,50,82200
20240102,11:26:35,161.7,50,82200
20240102,11:26:45,162.6,300,82200
20240102,11:26:54,162.6,50,82800
20240102,11:27:03,162.75,350,82800
20240102,11:27:12,162.1,50,82800
20240102,11:27:49,163.1,100,82800
20240102,11:27:58,162.45,100,82800
20240102,11:28:16,162.6,50,82800
20240102,11:28:26,162.05,100,82800
20240102,11:28:35,162.45,150,82800
20240102,11:28:44,161.35,200,82800
20240102,11:29:11,161.85,50,82800
20240102,11:29:20,161.3,50,82800
20240102,11:29:39,161.0,150,82800
20240102,11:30:24,161.0,50,83300
20240102,11:30:59,161.0,250,83300
20240102,11:31:44,161.5,50,83300
20240102,11:31:53,161.9,50,83300
20240102,11:33:24,161.9,50,83700
20240102,11:33:42,162.35,50,83700
20240102,11:34:26,162.35,50,83700
20240102,11:34:36,162.45,50,83700
20240102,11:34:54,163.9,250,83700
20240102,11:35:12,162.6,50,83700
20240102,11:36:15,163.4,50,83850
20240102,11:36:24,163.8,150,83850
20240102,11:36:43,164.0,200,83850
20240102,11:36:53,164.0,100,83850
20240102,11:37:02,164.25,100,83850
20240102,11:39:33,160.35,50,84300
20240102,11:39:43,160.4,250,84300
20240102,11:40:37,160.35,100,84300
20240102,11:41:04,161.15,50,84300
20240102,11:43:57,162.55,50,84350
20240102,11:44:06,161.45,100,84350
20240102,11:44:52,162.4,100,84400
20240102,11:45:39,162.6,50,84400
20240102,11:49:48,162.75,100,84450
20240102,11:49:57,163.0,200,84450
20240102,11:50:24,163.0,50,84450
20240102,11:50:41,162.65,150,84450
20240102,11:50:50,162.45,1150,85300
20240102,11:50:59,163.25,350,85300
20240102,11:51:08,163.25,550,85300
20240102,11:51:26,163.0,100,85300
20240102,11:51:35,163.0,1300,85300
20240102,11:51:45,162.5,50,85300
20240102,11:51:54,162.0,500,85300
20240102,11:52:03,162.65,250,85300
20240102,11:52:21,163.2,100,85300
20240102,11:52:30,163.3,450,85300
20240102,11:52:39,162.8,650,85300
20240102,11:52:49,162.9,250,85300
20240102,11:52:58,163.3,700,85300
20240102,11:53:06,163.15,300,85300
20240102,11:53:24,163.65,50,85300
20240102,11:53:33,163.35,300,85300
20240102,11:53:42,163.55,150,85300
20240102,11:54:00,162.9,100,86600
20240102,11:54:08,162.6,200,86600
20240102,11:54:26,162.4,350,86600
20240102,11:54:44,161.7,100,86600
20240102,11:54:53,161.8,100,86600
20240102,11:55:02,161.95,150,86600
20240102,11:55:38,162.25,150,86600
20240102,11:55:46,162.3,50,86600
20240102,11:55:55,161.9,150,86600
20240102,11:56:04,162.25,50,86600
20240102,11:56:13,162.35,50,86600
20240102,11:58:05,162.5,150,87200
20240102,11:58:13,162.65,200,87200
20240102,11:58:57,162.05,50,87200
20240102,11:59:15,162.65,50,87200
20240102,11:59:41,162.75,50,87200
20240102,11:59:49,162.75,50,87200
20240102,12:00:24,162.1,50,87350
20240102,12:01:28,160.5,50,87350
20240102,12:02:21,161.0,100,87350
20240102,12:02:30,161.2,50,87350
20240102,12:02:47,161.25,200,87350
20240102,12:03:05,161.1,100,87750
20240102,12:03:14,161.2,50,87750
20240102,12:04:25,161.0,50,87750
20240102,12:04:44,161.3,100,87750
20240102,12:05:02,161.5,100,87750
20240102,12:05:11,161.7,100,87750
20240102,12:07:38,160.0,50,88200
20240102,12:07:47,160.0,50,88200
20240102,12:08:05,160.0,50,88200
20240102,12:08:31,159.25,200,88200
20240102,12:08:39,159.9,50,88200
20240102,12:10:24,159.95,50,88300
20240102,12:10:33,160.45,50,88300
20240102,12:10:51,158.95,100,88300
20240102,12:11:19,160.15,50,88300
20240102,12:11:46,159.0,50,88300
20240102,12:12:57,159.45,150,88450
20240102,12:13:06,159.9,650,88450
20240102,12:13:14,159.8,150,88450
20240102,12:13:57,159.75,200,88450
20240102,12:14:05,159.75,100,88450
20240102,12:14:14,159.65,100,88450
20240102,12:14:31,159.45,400,88450
20240102,12:14:49,159.45,100,88450
20240102,12:14:57,160.05,400,88450
20240102,12:15:06,159.7,50,90000
20240102,12:15:15,159.7,50,90000
20240102,12:15:33,159.0,200,90000
20240102,12:15:43,158.1,150,90000
20240102,12:16:13,157.2,700,90000
20240102,12:16:33,157.75,250,90000
20240102,12:16:44,157.35,200,90000
20240102,12:17:04,156.6,50,90000
20240102,12:17:15,155.95,50,90000
20240102,12:17:26,155.5,100,90000
20240102,12:17:36,153.85,500,90000
20240102,12:17:45,155.75,50,90000
20240102,12:18:03,157.0,100,89950
20240102,12:18:13,155.55,200,89950
20240102,12:18:32,156.25,50,89950
20240102,12:18:51,156.1,200,89950
20240102,12:19:01,156.3,50,89950
20240102,12:19:51,153.8,350,89950
20240102,12:20:28,155.0,1000,89950
20240102,12:20:37,155.45,450,89950
20240102,12:20:46,155.8,100,89950
20240102,12:20:56,155.55,500,89950
20240102,12:21:05,156.15,450,90750
20240102,12:21:15,157.15,250,90750
20240102,12:21:35,156.9,50,90750
20240102,12:21:45,157.05,400,90750
20240102,12:21:54,156.85,100,90750
20240102,12:22:13,158.0,250,90750
20240102,12:22:23,157.95,100,90750
20240102,12:25:42,156.0,50,90750
20240102,12:27:09,156.45,350,90800
20240102,12:27:18,156.5,100,90800
20240102,12:27:53,157.0,400,90800
20240102,12:28:11,157.0,50,90800
20240102,12:28:20,157.85,250,90800
20240102,12:28:30,157.65,200,90800
20240102,12:28:39,157.7,250,90800
20240102,12:28:48,157.8,50,90800
20240102,12:28:57,157.55,200,90800
20240102,12:29:06,157.5,50,90800
20240102,12:29:15,157.9,50,90800
20240102,12:29:33,157.35,350,90800
20240102,12:34:43,156.2,150,91350
20240102,12:35:02,156.1,50,91350
20240102,12:35:12,155.45,50,91350
20240102,12:35:51,154.95,50,91350
20240102,12:36:10,154.9,150,91350
20240102,12:36:19,155.55,150,91350
20240102,12:36:29,156.0,350,91350
20240102,12:36:38,156.0,450,91350
20240102,12:37:14,156.5,1100,91350
20240102,12:37:41,156.1,50,91350
20240102,12:37:51,156.15,50,91350
20240102,12:37:55,155.9,50,91350
20240102,12:37:58,156.15,50,91350
20240102,12:38:03,154.9,50,91350
20240102,12:38:09,156.5,200,91350
20240102,12:38:13,156.65,150,91350
20240102,12:38:14,157.35,50,91350
20240102,12:38:19,156.15,50,91350
20240102,12:38:22,156.5,100,91350
20240102,12:38:24,156.1,100,91350
20240102,12:38:27,155.95,50,91350
20240102,12:38:28,155.95,50,91350
20240102,12:38:29,156.7,50,91350
20240102,12:38:42,156.35,50,91350
20240102,12:38:51,156.05,200,91350
20240102,12:39:00,155.75,100,91900
20240102,12:39:17,155.0,500,91900
20240102,12:39:50,156.0,50,91900
20240102,12:40:19,155.2,50,91900
20240102,12:40:44,154.85,150,91900
20240102,12:41:01,154.0,50,91900
20240102,12:41:09,153.9,100,91900
20240102,12:41:18,153.75,50,91900
20240102,12:41:26,154.0,250,91900
20240102,12:41:35,153.5,250,91900
20240102,12:41:54,153.25,150,91900
20240102,12:42:03,153.25,150,92950
20240102,12:42:12,153.5,150,92950
20240102,12:42:21,153.45,300,92950
20240102,12:43:32,153.75,50,92950
20240102,12:43:40,153.75,50,92950
20240102,12:43:49,153.75,50,92950
20240102,12:43:58,153.95,50,92950
20240102,12:44:06,154.0,200,92950
20240102,12:44:15,153.85,50,92950
20240102,12:44:24,154.8,150,92950
20240102,12:44:41,155.0,150,92950
20240102,12:45:16,155.45,250,94200
20240102,12:45:33,155.65,50,94200
20240102,12:45:42,155.7,100,94200
20240102,12:45:50,155.1,100,94200
20240102,12:45:59,154.7,100,94200
20240102,12:46:16,155.5,300,94200
20240102,12:47:00,155.0,50,94200
20240102,12:47:17,155.5,100,94200
20240102,12:47:27,155.75,50,94200
20240102,12:47:45,155.5,50,94200
20240102,12:48:39,156.0,200,94850
20240102,12:48:48,156.5,350,94850
20240102,12:49:06,156.3,200,94850
20240102,12:49:49,156.3,50,94850
20240102,12:49:57,156.2,150,94850
20240102,12:50:06,156.5,150,94850
20240102,12:50:24,156.8,200,94850
20240102,12:50:33,156.85,50,94850
20240102,12:50:43,156.95,100,94850
20240102,12:51:18,155.4,200,96000
20240102,12:51:28,155.05,50,96000
20240102,12:51:47,156.2,200,96000
20240102,12:52:30,156.7,50,96000
20240102,12:52:39,156.95,100,96000
20240102,12:52:47,156.55,50,96000
20240102,12:53:05,156.9,50,96000
20240102,12:53:21,155.85,50,96000
20240102,12:53:33,155.85,50,96000
20240102,12:56:14,155.85,50,96050
20240102,12:58:14,157.0,250,96050
20240102,12:58:33,157.45,50,96050
20240102,12:59:09,157.0,50,96050
20240102,12:59:18,156.15,50,96050
20240102,13:01:18,157.05,50,96450
20240102,13:01:27,157.9,50,96450
20240102,13:02:21,158.8,50,96450
20240102,13:02:31,158.6,50,96450
20240102,13:02:41,159.2,150,96450
20240102,13:02:51,159.35,100,96450
20240102,13:03:01,159.7,100,96450
20240102,13:03:46,160.0,50,96600
20240102,13:04:08,160.0,150,96600
20240102,13:04:49,160.4,100,96600
20240102,13:04:59,160.6,100,96600
20240102,13:05:08,160.2,50,96600
20240102,13:06:11,160.8,50,96800
20240102,13:06:19,160.0,200,96800
20240102,13:07:57,158.8,50,96800
20240102,13:09:38,160.05,50,96900
20240102,13:09:56,158.25,150,96900
20240102,13:10:40,158.85,50,96900
20240102,13:10:49,159.0,250,96900
20240102,13:11:42,159.0,150,96900
20240102,13:11:51,159.15,200,96900
20240102,13:12:00,159.25,200,96900
20240102,13:12:17,159.5,50,97800
20240102,13:12:52,159.5,50,97800
20240102,13:13:09,159.5,50,97800
20240102,13:13:26,159.75,150,97800
20240102,13:13:35,160.7,100,97800
20240102,13:13:44,160.35,50,97800
20240102,13:13:52,160.4,50,97800
20240102,13:14:01,160.0,50,97800
20240102,13:15:53,158.45,50,98050
20240102,13:16:11,158.9,50,98050
20240102,13:18:01,159.35,50,98050
20240102,13:18:10,159.1,50,98050
20240102,13:18:26,159.0,100,98150
20240102,13:20:01,159.45,50,98150
20240102,13:20:50,159.45,50,98150
20240102,13:21:17,159.9,50,98200
20240102,13:22:16,159.8,100,98200
20240102,13:22:24,160.0,200,98200
20240102,13:23:08,160.45,150,98200
20240102,13:23:17,160.45,50,98200
20240102,13:24:17,160.75,50,98500
20240102,13:24:25,160.85,100,98500
20240102,13:25:19,159.9,50,98500
20240102,13:25:37,158.45,50,98500
20240102,13:25:55,158.55,450,98500
20240102,13:26:03,158.6,50,98500
20240102,13:27:04,159.15,100,98500
20240102,13:28:29,160.25,200,98600
20240102,13:28:37,160.55,250,98600
20240102,13:28:46,159.6,150,98600
20240102,13:29:28,160.0,50,98600
20240102,13:29:30,159.5,50,98600
20240102,13:29:36,160.0,50,98600
20240102,13:29:37,159.45,50,98600
20240102,13:29:41,159.5,50,98600
20240102,13:30:03,159.15,100,98600
20240102,13:30:16,159.05,50,98900
20240102,13:30:38,159.7,50,98900
20240102,13:30:48,159.8,50,98900
20240102,13:30:51,159.8,50,98900
20240102,13:31:27,159.3,50,98900
20240102,13:31:48,158.6,150,98900
20240102,13:34:12,157.25,100,98750
20240102,13:35:43,157.05,50,98750
20240102,13:36:19,157.1,50,98800
20240102,13:37:05,155.5,50,98800
20240102,13:40:01,157.0,250,98800
20240102,13:40:09,157.0,100,98800
20240102,13:43:16,157.9,500,99100
20240102,13:46:22,157.0,50,98900
20240102,13:46:30,157.0,50,98900
20240102,13:47:55,156.0,50,98900
20240102,13:49:37,155.65,200,98900
20240102,13:50:01,156.35,100,98900
20240102,13:50:10,155.45,100,98900
20240102,13:50:36,156.0,50,98900
20240102,13:50:45,155.95,100,98900
20240102,13:50:55,155.0,50,98900
20240102,13:51:04,155.4,100,98900
20240102,13:51:40,155.1,50,99100
20240102,13:51:49,155.45,50,99100
20240102,13:52:07,156.05,150,99100
20240102,13:52:54,156.85,50,99100
20240102,13:53:22,156.9,150,99100
20240102,13:53:32,158.1,250,99100
20240102,13:54:10,156.85,100,99100
20240102,13:54:20,156.3,50,99550
20240102,13:54:48,156.1,250,99550
20240102,13:55:06,155.7,50,99550
20240102,13:55:25,156.55,50,99550
20240102,13:56:08,156.5,50,99550
20240102,13:56:33,156.4,100,99550
20240102,13:57:34,157.45,100,99500
20240102,13:58:33,157.3,50,99500
20240102,13:59:08,156.25,50,99500
20240102,13:59:34,157.25,50,99500
20240102,14:00:18,157.2,100,99550
20240102,14:00:27,157.25,50,99550
20240102,14:00:43,156.8,100,99550
20240102,14:01:27,156.95,450,99550
20240102,14:01:36,156.65,50,99550
20240102,14:02:02,156.4,100,99550
20240102,14:02:54,156.4,50,99550
20240102,14:03:02,156.6,50,99550
20240102,14:03:11,156.5,50,99550
20240102,14:03:19,156.65,50,99800
20240102,14:04:14,157.9,150,99800
20240102,14:04:33,156.7,50,99800
20240102,14:05:28,156.0,100,99800
20240102,14:05:37,156.0,50,99800
20240102,14:06:03,156.5,50,99800
20240102,14:06:44,156.85,50,100000
20240102,14:07:51,156.5,100,100000
20240102,14:09:06,155.5,50,100000
20240102,14:09:16,154.65,150,100100
20240102,14:09:54,154.95,250,100100
20240102,14:10:04,153.6,100,100100
20240102,14:10:17,154.15,150,100100
20240102,14:10:38,153.7,100,100100
20240102,14:10:48,153.85,100,100100
20240102,14:10:58,152.95,50,100100
20240102,14:11:08,153.1,600,100100
20240102,14:11:21,153.1,100,100100
20240102,14:11:42,152.2,600,100100
20240102,14:11:52,152.0,150,100100
20240102,14:12:02,151.6,300,100100
20240102,14:12:12,151.5,200,100100
20240102,14:12:22,151.8,400,100500
20240102,14:12:32,151.8,50,100500
20240102,14:12:50,151.75,250,100500
20240102,14:13:00,151.25,450,100500
20240102,14:13:10,151.0,150,100500
20240102,14:13:20,150.95,50,100500
20240102,14:13:31,150.7,200,100500
20240102,14:13:41,150.9,750,100500
20240102,14:13:52,150.65,150,100500
20240102,14:14:02,150.55,50,100500
20240102,14:14:13,151.0,50,100500
20240102,14:14:24,150.35,50,100500
20240102,14:14:34,150.75,50,100500
20240102,14:14:44,151.15,50,100500
20240102,14:14:54,151.1,100,100500
20240102,14:15:03,150.9,300,100500
20240102,14:15:12,150.75,50,100500
20240102,14:15:32,150.45,200,100550
20240102,14:16:55,151.35,100,100550
20240102,14:18:01,152.2,100,100550
20240102,14:18:10,152.55,50,100550
20240102,14:19:10,153.85,50,100500
20240102,14:19:52,154.35,50,100500
20240102,14:20:11,153.45,50,100500
20240102,14:20:58,153.0,50,100500
20240102,14:21:07,153.0,150,100500
20240102,14:21:53,152.3,100,100750
20240102,14:22:02,152.3,50,100750
20240102,14:22:49,153.35,50,100750
20240102,14:22:58,153.5,50,100750
20240102,14:23:35,153.05,100,100750
20240102,14:23:53,153.3,50,100750
20240102,14:26:34,153.2,250,101000
20240102,14:27:29,153.8,100,101000
20240102,14:27:38,153.9,150,101000
20240102,14:27:47,153.85,700,101000
20240102,14:28:05,153.85,150,101000
20240102,14:28:14,153.85,50,101000
20240102,14:28:32,154.2,300,101000
20240102,14:28:41,154.25,100,101000
20240102,14:28:49,153.8,50,101000
20240102,14:28:58,154.0,50,101000
20240102,14:29:07,153.95,200,101000
20240102,14:29:15,154.15,150,101000
20240102,14:29:24,154.15,50,101000
20240102,14:29:33,153.65,200,101000
20240102,14:30:00,153.05,50,101000
20240102,14:30:19,153.0,100,101000
20240102,14:30:29,153.0,1050,100950
20240102,14:30:49,153.8,50,100950
20240102,14:31:17,153.15,100,100950
20240102,14:31:26,153.3,100,100950
20240102,14:31:35,153.35,50,100950
20240102,14:31:52,153.15,200,100950
20240102,14:32:10,153.6,50,100950
20240102,14:32:29,152.9,50,100950
20240102,14:32:38,153.05,50,100950
20240102,14:32:48,153.0,50,100950
20240102,14:32:56,152.25,50,100950
20240102,14:33:05,152.35,50,100950
20240102,14:33:14,152.25,200,100950
20240102,14:33:24,152.2,100,100900
20240102,14:34:20,152.65,50,100900
20240102,14:34:46,152.2,50,100900
20240102,14:35:13,153.0,150,100900
20240102,14:35:23,153.0,50,100900
20240102,14:35:32,153.0,50,100900
20240102,14:35:51,152.9,50,100900
20240102,14:35:59,152.7,100,100900
20240102,14:36:45,152.75,50,101200
20240102,14:36:54,152.5,50,101200
20240102,14:37:12,152.0,50,101200
20240102,14:37:21,152.0,50,101200
20240102,14:37:50,150.9,50,101200
20240102,14:38:01,149.8,1100,101200
20240102,14:38:25,148.7,850,101200
20240102,14:38:37,148.7,100,101200
20240102,14:38:49,148.75,850,101200
20240102,14:38:59,148.5,150,101200
20240102,14:39:09,148.55,200,101200
20240102,14:39:19,149.35,50,101250
20240102,14:39:28,149.75,100,101250
20240102,14:39:38,149.35,100,101250
20240102,14:39:49,149.4,250,101250
20240102,14:39:59,149.05,50,101250
20240102,14:40:10,149.55,250,101250
20240102,14:40:19,149.6,50,101250
20240102,14:40:52,148.0,100,101250
20240102,14:41:42,148.25,50,101250
20240102,14:44:13,149.0,50,101350
20240102,14:45:13,150.0,100,101350
20240102,14:45:51,148.55,100,101500
20240102,14:46:00,148.75,150,101500
20240102,14:46:48,148.8,50,101500
20240102,14:47:07,150.0,450,101500
20240102,14:47:17,150.5,350,101500
20240102,14:49:54,149.55,50,102000
20240102,14:50:32,150.0,150,102000
20240102,14:51:19,150.15,150,102000
20240102,14:52:16,150.25,150,102250
20240102,14:53:14,149.95,50,102250
20240102,14:53:42,149.95,50,102250
20240102,14:54:20,149.95,50,102250
20240102,14:54:30,150.0,200,102550
20240102,14:54:41,150.0,100,102550
20240102,14:56:56,151.65,100,102550
20240102,14:57:16,151.0,50,102550
20240102,14:59:09,152.5,50,102950
20240102,15:00:30,150.8,1800,103000
20240102,15:00:41,150.5,200,103000
20240102,15:01:20,151.9,100,103000
20240102,15:01:40,151.85,50,103000
20240102,15:01:50,151.9,150,103000
20240102,15:01:59,151.65,350,103000
20240102,15:02:19,151.25,50,103000
20240102,15:02:48,150.85,100,103000
20240102,15:02:58,150.45,50,103000
20240102,15:03:17,150.7,150,103000
20240102,15:03:26,150.1,150,103000
20240102,15:03:45,150.15,50,103000
20240102,15:04:04,149.05,2550,103000
20240102,15:04:14,148.8,150,103000
20240102,15:04:24,149.0,150,103000
20240102,15:04:51,150.15,150,103000
20240102,15:04:59,150.1,50,103000
20240102,15:05:00,150.0,150,103000
20240102,15:05:08,150.6,50,103000
20240102,15:05:13,150.5,50,103000
20240102,15:05:17,150.55,50,103000
20240102,15:05:22,151.0,50,103000
20240102,15:05:24,150.75,50,103000
20240102,15:05:27,150.7,50,103000
20240102,15:05:29,150.95,50,103000
20240102,15:05:30,150.95,50,103000
20240102,15:05:37,151.0,50,103000
20240102,15:05:38,150.95,100,103000
20240102,15:05:41,150.9,100,103000
20240102,15:05:42,150.75,100,103000
20240102,15:05:42,151.3,50,103000
20240102,15:05:43,150.7,50,103000
20240102,15:05:47,150.85,50,103000
20240102,15:05:58,150.2,50,103000
20240102,15:06:17,150.0,50,103000
20240102,15:06:30,150.8,50,103150
20240102,15:06:47,150.4,50,103150
20240102,15:07:16,151.55,200,103150
20240102,15:07:39,151.95,100,103150
20240102,15:08:02,154.0,150,103150
20240102,15:08:28,153.3,50,103150
20240102,15:08:40,153.35,100,103150
20240102,15:08:51,153.75,50,103150
20240102,15:10:27,155.0,200,103350
20240102,15:10:39,156.3,150,103350
20240102,15:10:51,156.1,400,103350
20240102,15:11:02,155.65,250,103350
20240102,15:11:23,156.75,50,103350
20240102,15:11:33,155.85,50,103350
20240102,15:11:53,156.65,100,103350
20240102,15:12:03,156.25,50,103350
20240102,15:12:22,156.45,200,103350
20240102,15:12:33,156.25,200,103750
20240102,15:13:04,157.15,200,103750
20240102,15:15:08,153.9,500,103750
20240102,15:15:50,154.1,150,104200
20240102,15:16:01,154.6,50,104200
20240102,15:16:30,154.9,150,104200
20240102,15:16:33,154.25,50,104200
20240102,15:16:41,154.15,100,104200
20240102,15:16:42,155.35,50,104200
20240102,15:16:49,154.35,100,104200
20240102,15:16:59,154.6,50,104200
20240102,15:17:07,154.7,150,104200
20240102,15:17:12,155.65,50,104200
20240102,15:17:26,156.1,100,104200
20240102,15:17:27,155.9,50,104200
20240102,15:17:28,155.95,50,104200
20240102,15:18:08,154.4,100,104200
20240102,15:18:47,155.0,50,104500
20240102,15:19:06,156.1,150,104500
20240102,15:19:16,155.95,100,104500
20240102,15:19:35,155.7,50,104500
20240102,15:19:54,157.0,200,104500
20240102,15:20:05,156.85,150,104500
20240102,15:20:17,156.85,150,104500
20240102,15:20:29,156.9,50,104500
20240102,15:20:49,156.7,50,104500
20240102,15:20:58,157.35,150,104500
20240102,15:21:09,157.1,350,104500
20240102,15:21:29,157.45,50,105100
20240102,15:22:24,158.65,250,105100
20240102,15:23:12,158.3,100,105100
20240102,15:23:21,159.4,50,105100
20240102,15:23:41,158.85,350,105100
20240102,15:23:51,159.5,100,105100
20240102,15:24:10,159.5,50,105100
20240102,15:24:19,158.0,100,105100
20240102,15:24:48,158.65,100,105200
20240102,15:24:58,159.65,50,105200
20240102,15:25:37,159.75,50,105200
20240102,15:26:57,159.15,100,105200
20240102,15:28:04,160.25,500,105150
20240102,15:28:25,160.25,150,105150
20240102,15:29:16,159.1,50,105150
20240102,15:29:37,158.3,50,105150
20240103,09:17:58,163.95,1,104650
20240103,09:17:58,163.95,100,104650
20240103,09:18:06,166.85,300,104650
20240103,09:21:10,162.8,50,104550
20240103,09:21:46,162.8,100,104550
20240103,09:22:56,162.8,50,104550
20240103,09:23:05,164.0,100,104550
20240103,09:24:55,164.0,150,104500
20240103,09:26:24,163.0,250,104500
20240103,09:27:43,163.25,50,104450
20240103,09:28:30,162.75,50,104450
20240103,09:28:56,162.0,300,104450
20240103,09:29:06,161.85,200,104450
20240103,09:29:59,161.85,50,104750
20240103,09:30:09,161.75,50,104750
20240103,09:31:30,161.75,250,104750
20240103,09:31:56,161.3,50,104750
20240103,09:32:05,161.3,50,104750
20240103,09:32:41,161.2,50,104750
20240103,09:33:28,160.95,300,104750
20240103,09:34:04,162.0,50,104750
20240103,09:34:13,162.0,150,104750
20240103,09:34:32,162.4,100,104750
20240103,09:35:43,162.0,100,104850
20240103,09:36:54,162.45,50,104850
20240103,09:37:15,162.9,50,104850
20240103,09:37:45,163.0,500,104850
20240103,09:37:56,163.75,200,104850
20240103,09:38:06,163.45,50,104850
20240103,09:38:17,164.5,150,104850
20240103,09:39:33,164.5,50,105750
20240103,09:40:35,164.7,50,105750
20240103,09:41:11,164.7,250,105750
20240103,09:41:52,164.7,50,105700
20240103,09:42:12,164.5,250,105700
20240103,09:42:22,164.5,50,105700
20240103,09:43:00,164.85,200,105700
20240103,09:43:27,164.85,50,105700
20240103,09:43:38,164.9,50,105700
20240103,09:43:48,165.0,250,105700
20240103,09:45:32,165.0,50,106350
20240103,09:45:42,164.0,400,106350
20240103,09:47:49,162.0,250,106700
20240103,09:47:57,164.45,100,106700
20240103,09:50:00,163.0,50,106700
20240103,09:50:18,161.8,100,106700
20240103,09:50:37,162.0,100,106700
20240103,09:50:46,162.0,100,106950
20240103,09:50:56,162.65,50,106950
20240103,09:51:05,162.1,50,106950
20240103,09:51:22,164.9,150,106950
20240103,09:54:19,162.2,50,107000
20240103,09:54:27,162.2,150,107000
20240103,09:54:36,162.1,150,107000
20240103,09:55:02,160.85,50,107000
20240103,09:55:45,160.85,50,107000
20240103,09:59:28,161.45,50,106950
20240103,10:00:38,160.65,50,106950
20240103,10:00:46,160.65,50,106950
20240103,10:00:55,160.45,100,106950
20240103,10:01:04,161.45,50,106950
20240103,10:01:31,161.9,50,106950
20240103,10:01:40,162.4,400,106950
20240103,10:02:39,161.95,100,106950
20240103,10:03:14,162.0,150,107250
20240103,10:03:23,162.0,200,107250
20240103,10:03:32,162.0,500,107250
20240103,10:03:40,162.0,150,107250
20240103,10:03:49,162.0,50,107250
20240103,10:03:58,162.0,200,107250
20240103,10:04:08,160.8,50,107250
20240103,10:04:19,159.95,50,107250
20240103,10:04:30,159.35,100,107250
20240103,10:05:03,159.35,50,107250
20240103,10:05:23,159.35,50,107250
20240103,10:05:34,162.45,50,107250
20240103,10:06:28,161.25,100,108400
20240103,10:06:36,161.05,100,108400
20240103,10:09:47,161.0,200,108550
20240103,10:10:38,161.25,50,108550
20240103,10:10:47,161.65,650,108550
20240103,10:10:56,162.0,250,108550
20240103,10:11:05,161.9,250,108550
20240103,10:11:14,162.25,450,108550
20240103,10:11:23,161.05,200,108550
20240103,10:11:31,160.9,100,108550
20240103,10:11:40,161.3,150,108550
20240103,10:11:49,161.35,50,108550
20240103,10:12:06,161.0,50,109100
20240103,10:12:15,162.9,50,109100
20240103,10:12:23,162.5,250,109100
20240103,10:12:32,162.45,200,109100
20240103,10:12:40,162.75,400,109100
20240103,10:12:49,162.35,50,109100
20240103,10:12:57,162.75,50,109100
20240103,10:13:06,162.95,50,109100
20240103,10:13:14,162.8,50,109100
20240103,10:13:31,163.9,250,109100
20240103,10:13:57,163.85,50,109100
20240103,10:14:22,162.45,50,109100
20240103,10:14:47,163.4,50,109100
20240103,10:15:21,163.35,650,109850
20240103,10:15:54,162.5,50,109850
20240103,10:16:02,162.0,350,109850
20240103,10:16:19,162.8,50,109850
20240103,10:16:27,161.7,50,109850
20240103,10:16:36,162.0,50,109850
20240103,10:16:44,162.35,50,109850
20240103,10:16:52,161.95,50,109850
20240103,10:17:18,162.95,100,109850
20240103,10:17:26,162.85,100,109850
20240103,10:18:00,162.85,50,110000
20240103,10:18:34,163.05,200,110000
20240103,10:18:42,163.4,250,110000
20240103,10:19:08,163.6,200,110000
20240103,10:19:25,163.9,50,110000
20240103,10:19:34,164.45,450,110000
20240103,10:19:43,164.75,50,110000
20240103,10:19:52,164.9,50,110000
20240103,10:20:01,164.4,50,110000
20240103,10:20:11,164.4,50,110000
20240103,10:20:20,165.45,250,110000
20240103,10:20:28,165.55,50,110000
20240103,10:20:37,165.55,150,110000
20240103,10:20:46,165.45,700,110650
20240103,10:20:56,166.0,100,110650
20240103,10:21:08,167.0,200,110650
20240103,10:21:19,167.0,50,110650
20240103,10:21:39,167.0,150,110650
20240103,10:21:48,167.0,150,110650
20240103,10:22:07,167.0,200,110650
20240103,10:22:16,166.0,50,110650
20240103,10:22:25,166.0,100,110650
20240103,10:22:35,166.0,50,110650
20240103,10:22:56,166.9,100,110650
20240103,10:23:15,167.0,50,110650
20240103,10:23:32,167.0,50,110650
20240103,10:23:59,167.0,50,111450
20240103,10:25:00,165.25,100,111450
20240103,10:25:09,165.0,1000,111450
20240103,10:26:55,164.0,350,112300
20240103,10:27:14,163.5,100,112300
20240103,10:27:31,163.25,100,112300
20240103,10:27:49,162.65,50,112300
20240103,10:28:07,163.5,50,112300
20240103,10:28:16,164.2,100,112300
20240103,10:28:43,162.05,100,112300
20240103,10:29:01,162.2,50,112300
20240103,10:29:20,160.7,50,112300
20240103,10:32:40,162.5,300,112500
20240103,10:33:06,160.0,2000,112550
20240103,10:33:24,162.3,350,112550
20240103,10:33:32,162.0,50,112550
20240103,10:33:41,158.55,500,112550
20240103,10:33:59,158.55,150,112550
20240103,10:34:59,161.25,50,112550
20240103,10:36:17,159.15,50,114700
20240103,10:36:26,160.7,100,114700
20240103,10:37:45,158.05,50,114700
20240103,10:37:54,158.05,100,114700
20240103,10:38:02,158.25,50,114700
20240103,10:38:19,159.7,100,114700
20240103,10:39:11,156.4,1500,114900
20240103,10:39:29,156.4,200,114900
20240103,10:39:46,159.6,50,114900
20240103,10:40:02,159.6,50,114900
20240103,10:40:11,160.4,500,114900
20240103,10:40:20,159.2,50,114900
20240103,10:40:28,160.0,200,114900
20240103,10:40:46,159.75,50,114900
20240103,10:40:54,159.0,200,114900
20240103,10:41:03,160.8,200,114900
20240103,10:41:12,159.6,100,114900
20240103,10:41:20,159.9,300,114900
20240103,10:41:29,159.95,50,114900
20240103,10:41:37,159.9,100,114900
20240103,10:41:45,160.35,50,114900
20240103,10:41:54,160.35,50,116250
20240103,10:42:02,160.25,200,116250
20240103,10:42:10,161.0,50,116250
20240103,10:42:19,160.5,100,116250
20240103,10:42:27,160.95,200,116250
20240103,10:42:35,160.4,50,116250
20240103,10:42:43,160.95,50,116250
20240103,10:43:00,160.5,50,116250
20240103,10:43:24,160.6,50,116250
20240103,10:45:24,162.9,150,116300
20240103,10:45:32,163.45,500,116300
20240103,10:45:42,164.65,250,116300
20240103,10:46:53,164.75,50,116300
20240103,10:47:01,162.9,100,116300
20240103,10:47:51,163.85,50,116950
20240103,10:49:47,162.85,200,116950
20240103,10:50:46,162.35,50,116950
20240103,10:50:54,163.0,250,117250
20240103,10:51:03,163.0,100,117250
20240103,10:51:36,162.55,200,117250
20240103,10:51:52,162.1,100,117250
20240103,10:52:01,163.55,250,117250
20240103,10:52:19,163.5,100,117250
20240103,10:52:28,163.0,300,117250
20240103,10:52:45,163.55,450,117250
20240103,10:53:03,163.2,50,117250
20240103,10:53:11,162.3,50,117250
20240103,10:53:37,162.05,150,117250
20240103,10:53:53,162.3,50,117250
20240103,10:54:43,162.25,100,117950
20240103,10:55:00,162.1,50,117950
20240103,10:55:34,160.0,200,117950
20240103,10:56:52,160.0,50,117950
20240103,10:57:17,160.0,50,118250
20240103,10:57:50,160.0,50,118250
20240103,10:58:07,160.0,50,118250
20240103,10:58:41,160.0,100,118250
20240103,11:02:40,161.0,150,118500
20240103,11:04:09,160.65,50,118650
20240103,11:04:58,160.65,50,118650
20240103,11:06:34,159.05,100,118650
20240103,11:06:41,159.45,50,118650
20240103,11:06:57,158.7,50,118650
20240103,11:08:01,158.7,50,118650
20240103,11:08:10,158.7,50,118650
20240103,11:08:18,158.55,100,118650
20240103,11:09:00,159.25,50,118950
20240103,11:11:02,159.4,50,118950
20240103,11:12:24,159.75,100,119000
20240103,11:12:56,159.85,100,119000
20240103,11:13:04,159.9,50,119000
20240103,11:13:53,159.35,100,119000
20240103,11:14:17,158.8,50,119000
20240103,11:17:37,160.0,50,119200
20240103,11:17:46,160.0,50,119200
20240103,11:21:16,158.3,200,119200
20240103,11:21:58,157.95,100,119200
20240103,11:22:06,157.85,100,119200
20240103,11:22:22,158.15,50,119200
20240103,11:22:47,158.35,50,119200
20240103,11:22:56,158.3,50,119200
20240103,11:23:21,158.4,50,119200
20240103,11:24:02,157.0,150,119500
20240103,11:24:10,156.8,50,119500
20240103,11:25:23,157.85,50,119500
20240103,11:25:31,157.3,50,119500
20240103,11:25:40,158.15,50,119500
20240103,11:26:37,158.45,50,119500
20240103,11:29:21,159.9,150,119850
20240103,11:30:25,160.0,50,120000
20240103,11:32:26,158.7,250,120000
20240103,11:33:27,159.65,250,120000
20240103,11:33:35,161.0,100,120000
20240103,11:33:44,159.65,50,120000
20240103,11:34:00,159.2,50,120000
20240103,11:34:50,159.85,50,120000
20240103,11:35:22,159.0,500,120000
20240103,11:35:31,159.0,250,120000
20240103,11:36:26,158.9,200,121050
20240103,11:36:42,159.0,50,121050
20240103,11:37:06,158.5,100,121050
20240103,11:37:21,158.5,100,121050
20240103,11:41:19,158.0,300,121450
20240103,11:41:35,158.5,200,121450
20240103,11:42:46,158.5,100,121850
20240103,11:43:01,158.4,150,121850
20240103,11:43:18,157.35,150,121850
20240103,11:43:52,156.7,100,121850
20240103,11:45:22,156.5,250,121900
20240103,11:45:30,157.0,300,121900
20240103,11:46:21,157.0,150,121900
20240103,11:46:30,157.5,100,121900
20240103,11:46:46,157.5,50,121900
20240103,11:47:11,157.5,50,121900
20240103,11:47:20,157.2,50,121900
20240103,11:47:38,157.1,150,121900
20240103,11:47:56,157.95,100,121900
20240103,11:48:14,155.65,100,122850
20240103,11:48:23,155.65,100,122850
20240103,11:49:34,156.0,450,122850
20240103,11:51:17,155.55,50,123050
20240103,11:51:25,155.4,100,123050
20240103,11:51:49,154.75,50,123050
20240103,11:53:43,154.7,50,123050
20240103,11:53:51,154.7,50,123050
20240103,11:58:20,156.4,50,123200
20240103,12:01:41,155.5,50,123250
20240103,12:03:29,155.0,250,123250
20240103,12:04:10,155.45,50,123250
20240103,12:04:35,155.9,50,123250
20240103,12:05:27,156.45,200,123250
20240103,12:05:37,156.5,200,123250
20240103,12:06:12,157.45,200,123750
20240103,12:06:30,158.0,350,123750
20240103,12:07:40,157.5,50,123750
20240103,12:07:58,158.25,150,123750
20240103,12:08:07,158.0,50,123750
20240103,12:08:33,158.45,50,123750
20240103,12:11:14,158.05,100,124550
20240103,12:12:38,158.5,100,124450
20240103,12:13:21,158.95,400,124450
20240103,12:14:18,159.0,50,124450
20240103,12:15:43,159.2,100,124950
20240103,12:17:37,158.75,300,124950
20240103,12:18:43,158.95,50,125000
20240103,12:20:45,158.05,50,125000
20240103,12:20:53,158.0,300,125000
20240103,12:21:28,159.2,150,125000
20240103,12:21:45,159.0,50,125000
20240103,12:21:54,159.6,300,125000
20240103,12:22:03,159.9,150,125000
20240103,12:22:58,160.45,50,125000
20240103,12:24:01,161.0,350,125000
20240103,12:24:11,162.0,100,126000
20240103,12:24:22,162.85,500,126000
20240103,12:24:33,162.75,350,126000
20240103,12:24:43,162.05,150,126000
20240103,12:24:53,162.7,100,126000
20240103,12:25:15,162.7,250,126000
20240103,12:25:24,162.8,50,126000
20240103,12:25:33,163.15,50,126000
20240103,12:25:42,162.45,150,126000
20240103,12:25:52,160.85,50,126000
20240103,12:26:01,161.3,100,126000
20240103,12:26:42,163.0,800,126000
20240103,12:26:51,163.8,650,126000
20240103,12:27:02,163.8,1400,126000
20240103,12:27:13,163.75,250,129900
20240103,12:27:23,163.0,150,129900
20240103,12:27:50,163.95,50,129900
20240103,12:27:59,163.35,50,129900
20240103,12:28:26,163.95,50,129900
20240103,12:28:35,163.95,50,129900
20240103,12:28:43,164.4,150,129900
20240103,12:28:52,164.45,100,129900
20240103,12:29:01,164.0,50,129900
20240103,12:29:37,163.95,50,129900
20240103,12:29:46,163.95,650,129900
20240103,12:29:55,163.5,550,129900
20240103,12:30:04,163.55,550,129900
20240103,12:30:13,163.55,650,132250
20240103,12:30:30,164.3,100,132250
20240103,12:30:39,163.9,50,132250
20240103,12:30:56,163.95,150,132250
20240103,12:31:13,164.0,50,132250
20240103,12:31:22,164.75,600,132250
20240103,12:31:30,164.8,500,132250
20240103,12:31:47,164.9,150,132250
20240103,12:31:56,164.3,50,132250
20240103,12:32:04,164.25,50,132250
20240103,12:32:22,164.05,100,132250
20240103,12:32:32,164.95,250,132250
20240103,12:32:42,165.4,350,132250
20240103,12:33:08,165.05,50,132250
20240103,12:33:43,165.15,200,134950
20240103,12:33:53,163.6,150,134950
20240103,12:34:02,163.0,350,134950
20240103,12:35:03,164.15,50,134950
20240103,12:35:20,163.85,50,134950
20240103,12:35:55,164.45,50,134950
20240103,12:36:12,163.0,150,134950
20240103,12:36:21,163.3,50,134950
20240103,12:37:57,163.3,100,134950
20240103,12:40:17,161.9,50,135250
20240103,12:40:25,163.0,100,135250
20240103,12:40:51,163.0,500,135250
20240103,12:41:34,162.25,50,135250
20240103,12:45:53,162.0,50,135850
20240103,12:47:22,162.0,100,135850
20240103,12:47:30,162.0,100,135850
20240103,12:48:20,162.0,100,135900
20240103,12:48:44,162.0,50,135900
20240103,12:48:52,162.0,100,135900
20240103,12:49:00,162.85,50,135900
20240103,12:49:08,162.7,50,135900
20240103,12:49:17,162.6,50,135900
20240103,12:52:17,159.7,150,135800
20240103,12:52:26,159.0,50,135800
20240103,12:52:42,159.0,50,135800
20240103,12:52:59,159.0,50,135800
20240103,12:53:06,158.15,50,135800
20240103,12:53:32,158.4,100,135800
20240103,12:53:58,159.7,50,135800
20240103,12:54:07,158.9,50,135800
20240103,12:54:16,158.0,350,136100
20240103,12:54:24,157.0,500,136100
20240103,12:54:33,157.0,250,136100
20240103,12:54:42,157.0,150,136100
20240103,12:54:51,156.95,100,136100
20240103,12:55:08,156.5,500,136100
20240103,12:55:25,156.5,100,136100
20240103,12:55:33,156.9,100,136100
20240103,12:55:50,156.95,100,136100
20240103,12:56:07,156.75,50,136100
20240103,12:56:15,157.0,150,136100
20240103,12:56:32,157.2,50,136100
20240103,12:57:06,157.25,100,136100
20240103,12:57:22,157.25,50,138000
20240103,12:58:04,157.5,50,138000
20240103,12:58:13,157.5,50,138000
20240103,12:58:21,157.8,100,138000
20240103,12:58:46,157.6,100,138000
20240103,12:59:03,157.65,50,138000
20240103,12:59:21,157.5,50,138000
20240103,12:59:38,157.4,150,138000
20240103,12:59:47,157.5,100,138000
20240103,12:59:56,157.55,50,138000
20240103,13:00:12,157.7,150,138000
20240103,13:00:21,157.85,100,138600
20240103,13:01:04,156.8,300,138600
20240103,13:01:23,156.7,100,138600
20240103,13:03:13,157.0,50,138600
20240103,13:03:22,157.35,100,139300
20240103,13:03:38,157.7,150,139300
20240103,13:04:38,155.55,50,139300
20240103,13:05:04,155.85,50,139300
20240103,13:05:32,157.5,50,139300
20240103,13:05:40,157.6,50,139300
20240103,13:05:57,157.0,100,139300
20240103,13:06:06,156.9,50,139300
20240103,13:06:14,157.0,50,139300
20240103,13:06:22,157.0,50,139800
20240103,13:07:22,157.8,50,139800
20240103,13:08:19,157.0,100,139800
20240103,13:08:44,157.0,50,139800
20240103,13:09:26,157.0,50,140050
20240103,13:09:34,157.0,50,140050
20240103,13:09:50,157.0,50,140050
20240103,13:10:39,157.2,50,140050
20240103,13:10:47,157.2,100,140050
20240103,13:10:56,157.6,100,140050
20240103,13:11:04,157.7,50,140050
20240103,13:11:13,157.8,50,140050
20240103,13:11:30,157.85,50,140050
20240103,13:11:46,157.9,50,140050
20240103,13:12:52,157.9,50,140500
20240103,13:13:34,157.0,250,140500
20240103,13:13:51,157.8,50,140500
20240103,13:14:08,156.95,200,140500
20240103,13:14:17,157.15,200,140500
20240103,13:15:00,157.75,150,140500
20240103,13:17:46,157.9,50,140500
20240103,13:18:11,156.05,100,140500
20240103,13:18:29,156.5,150,140450
20240103,13:18:39,157.15,200,140450
20240103,13:20:49,156.5,50,140450
20240103,13:20:58,156.45,50,140450
20240103,13:21:06,156.0,150,140450
20240103,13:21:30,156.9,100,140650
20240103,13:22:20,157.45,100,140650
20240103,13:22:28,157.65,50,140650
20240103,13:23:49,155.95,200,140650
20240103,13:24:45,157.25,50,140950
20240103,13:26:23,156.55,50,140950
20240103,13:26:47,156.55,100,140950
20240103,13:27:03,157.5,50,140950
20240103,13:28:24,157.0,50,141100
20240103,13:29:05,156.8,50,141100
20240103,13:29:36,156.8,50,141100
20240103,13:29:53,156.95,50,141100
20240103,13:30:26,156.8,50,141250
20240103,13:31:08,157.15,50,141250
20240103,13:31:33,157.0,50,141250
20240103,13:31:41,157.25,50,141250
20240103,13:32:22,156.85,50,141250
20240103,13:32:55,156.9,100,141250
20240103,13:33:04,157.25,50,141250
20240103,13:33:13,158.2,300,141250
20240103,13:33:22,158.8,400,142000
20240103,13:33:31,159.0,150,142000
20240103,13:33:40,158.9,50,142000
20240103,13:34:14,158.9,50,142000
20240103,13:34:23,158.85,50,142000
20240103,13:35:05,157.75,100,142000
20240103,13:35:13,158.05,50,142000
20240103,13:35:21,158.15,50,142000
20240103,13:36:44,157.5,50,142350
20240103,13:37:51,156.35,50,142350
20240103,13:38:16,156.1,150,142350
20240103,13:38:40,156.75,200,142350
20240103,13:38:56,156.55,50,142350
20240103,13:39:23,155.0,50,142350
20240103,13:39:40,156.0,300,142750
20240103,13:40:15,155.0,50,142750
20240103,13:40:33,155.4,100,142750
20240103,13:40:50,155.95,50,142750
20240103,13:41:07,155.7,50,142750
20240103,13:41:33,155.25,50,142750
20240103,13:41:50,155.45,50,142750
20240103,13:42:06,155.5,500,142750
20240103,13:45:28,156.0,200,143750
20240103,13:45:53,157.15,150,143750
20240103,13:46:45,156.35,50,143750
20240103,13:46:53,157.45,50,143750
20240103,13:47:02,155.75,50,143750
20240103,13:47:44,155.2,50,143750
20240103,13:47:53,155.8,100,143750
20240103,13:48:34,156.05,50,144050
20240103,13:49:15,156.05,100,144050
20240103,13:50:13,156.05,50,144050
20240103,13:50:54,156.2,50,144050
20240103,13:51:11,155.5,200,144050
20240103,13:51:37,154.15,200,144200
20240103,13:52:19,154.15,100,144200
20240103,13:52:35,154.3,250,144200
20240103,13:53:09,155.15,50,144200
20240103,13:53:25,155.1,200,144200
20240103,13:53:42,155.45,50,144200
20240103,13:54:22,155.9,50,144700
20240103,13:55:03,156.25,50,144700
20240103,13:55:19,156.45,50,144700
20240103,13:56:19,156.1,50,144700
20240103,13:56:52,156.1,350,144700
20240103,13:57:09,157.0,250,144700
20240103,13:57:43,157.35,50,145500
20240103,13:58:18,157.4,50,145500
20240103,13:58:35,157.9,100,145500
20240103,13:58:43,156.95,150,145500
20240103,13:58:52,157.4,100,145500
20240103,13:59:08,157.0,50,145500
20240103,13:59:25,157.0,50,145500
20240103,13:59:33,156.95,50,145500
20240103,14:00:21,157.0,50,145500
20240103,14:01:52,155.05,200,146100
20240103,14:04:43,156.4,500,146100
20240103,14:05:16,154.3,50,146100
20240103,14:05:24,154.8,50,146100
20240103,14:05:33,154.05,100,146100
20240103,14:05:41,154.05,100,146100
20240103,14:05:57,154.0,50,146100
20240103,14:06:05,154.0,50,146100
20240103,14:06:48,153.35,50,146500
20240103,14:06:57,153.35,300,146500
20240103,14:08:18,154.6,100,146500
20240103,14:08:33,154.5,100,146500
20240103,14:09:05,154.5,50,146500
20240103,14:10:31,154.5,50,146800
20240103,14:10:38,154.65,50,146800
20240103,14:11:02,154.05,50,146800
20240103,14:11:10,153.7,100,146800
20240103,14:11:18,155.05,300,146800
20240103,14:12:30,155.6,50,147000
20240103,14:13:43,156.0,50,147000
20240103,14:14:25,154.15,50,147000
20240103,14:15:48,156.5,200,147050
20240103,14:16:41,157.6,250,147050
20240103,14:17:06,157.05,150,147050
20240103,14:17:48,155.0,500,147050
20240103,14:18:04,156.5,50,147050
20240103,14:18:12,156.8,50,147050
20240103,14:19:01,157.15,200,147400
20240103,14:19:25,157.5,250,147400
20240103,14:19:35,158.2,300,147400
20240103,14:20:10,158.95,250,147400
20240103,14:20:19,159.0,200,147400
20240103,14:20:28,160.0,50,147400
20240103,14:20:46,157.75,150,147400
20240103,14:21:21,157.2,50,147400
20240103,14:21:30,157.25,50,148250
20240103,14:21:38,157.0,100,148250
20240103,14:21:46,157.85,50,148250
20240103,14:22:13,156.25,150,148250
20240103,14:22:30,156.55,50,148250
20240103,14:22:47,157.8,100,148250
20240103,14:23:04,157.7,100,148250
20240103,14:23:21,157.65,50,148250
20240103,14:24:01,156.85,50,148250
20240103,14:24:50,158.1,250,148550
20240103,14:24:58,157.75,100,148550
20240103,14:26:19,157.95,50,148550
20240103,14:26:34,157.9,50,148550
20240103,14:26:58,157.75,50,148550
20240103,14:27:20,157.75,50,148550
20240103,14:29:09,156.55,50,148750
20240103,14:29:16,156.25,50,148750
20240103,14:29:32,156.25,50,148750
20240103,14:29:56,156.85,50,148750
20240103,14:31:10,156.5,50,148600
20240103,14:31:35,156.95,100,148600
20240103,14:31:52,157.5,350,148600
20240103,14:32:01,157.75,50,148600
20240103,14:36:00,157.65,50,149150
20240103,14:36:18,157.85,100,149150
20240103,14:39:55,157.85,50,149250
20240103,14:40:13,158.0,50,149250
20240103,14:40:41,159.0,50,149250
20240103,14:40:59,158.0,1000,149250
20240103,14:45:18,156.75,200,150300
20240103,14:50:39,157.2,300,150200
20240103,14:51:04,156.0,50,150200
20240103,14:51:13,156.45,300,150200
20240103,14:51:46,155.9,50,150150
20240103,14:51:54,155.9,50,150150
20240103,14:52:29,154.0,500,150150
20240103,14:58:21,154.0,50,149800
20240103,15:00:22,156.95,200,149800
20240103,15:01:10,157.4,50,150000
20240103,15:01:37,158.95,50,150000
20240103,15:01:47,159.0,300,150000
20240103,15:02:05,158.35,50,150000
20240103,15:05:43,160.0,600,150050
20240103,15:06:53,159.1,50,150050
20240103,15:07:01,160.0,400,150050
20240103,15:08:06,161.95,150,150050
20240103,15:08:28,161.95,50,150050
20240103,15:09:00,162.25,750,150050
20240103,15:09:10,162.45,200,150050
20240103,15:09:21,162.1,100,150050
20240103,15:09:30,159.55,150,150050
20240103,15:11:11,160.95,200,150600
20240103,15:11:20,161.0,50,150600
20240103,15:12:58,158.4,1250,150500
20240103,15:13:07,159.45,100,150500
20240103,15:13:16,159.5,100,150500
20240103,15:14:36,159.5,50,150500
20240103,15:14:45,160.0,50,150500
20240103,15:16:16,160.5,50,150750
20240103,15:16:26,161.2,250,150750
20240103,15:16:37,160.85,50,150750
20240103,15:17:33,161.5,150,150750
20240103,15:18:08,161.0,100,150750
20240103,15:18:34,161.65,50,150750
20240103,15:18:52,161.0,100,150950
20240103,15:19:10,160.5,50,150950
20240103,15:19:46,159.85,50,150950
20240103,15:21:13,161.5,100,150950
20240103,15:22:42,160.55,50,151150
20240103,15:22:51,161.0,50,151150
20240103,15:23:00,161.0,50,151150
20240103,15:23:52,160.95,100,151150
20240103,15:24:50,158.4,1000,151200
20240103,15:25:08,158.4,150,151200
20240103,15:26:01,159.3,100,151200
20240103,15:27:28,160.0,100,151200
20240103,15:27:46,159.0,950,151750
20240103,15:27:55,159.0,100,151750
20240103,15:28:57,158.9,500,151750
20240104,09:18:24,150.05,1,152000
20240104,09:18:24,150.05,150,152000
20240104,09:18:42,152.05,50,152000
20240104,09:18:59,152.05,100,152000
20240104,09:19:08,150.65,150,152000
20240104,09:19:17,151.65,150,152000
20240104,09:19:26,150.55,50,152000
20240104,09:19:44,151.0,50,152000
20240104,09:21:11,150.0,50,151950
20240104,09:22:56,150.0,450,151950
20240104,09:23:05,150.0,150,151950
20240104,09:23:32,150.0,150,152400
20240104,09:23:49,149.25,100,152400
20240104,09:24:41,149.5,50,152400
20240104,09:24:59,150.0,300,152400
20240104,09:25:25,149.05,50,152400
20240104,09:26:01,149.05,400,152400
20240104,09:26:10,150.8,300,152400
20240104,09:26:28,150.0,150,153500
20240104,09:27:40,150.0,50,153500
20240104,09:27:49,150.0,50,153500
20240104,09:29:04,149.5,50,153500
20240104,09:29:23,149.3,100,153500
20240104,09:29:44,150.0,500,153600
20240104,09:30:11,149.0,50,153600
20240104,09:30:40,148.75,100,153600
20240104,09:30:50,148.6,100,153600
20240104,09:30:59,148.0,200,153600
20240104,09:31:08,148.0,50,153600
20240104,09:33:52,147.55,250,153550
20240104,09:34:56,147.55,50,153550
20240104,09:35:05,150.75,300,153550
20240104,09:35:15,149.0,100,153550
20240104,09:35:24,150.0,100,153550
20240104,09:35:33,150.0,100,153550
20240104,09:35:42,149.85,100,154050
20240104,09:35:50,150.7,650,154050
20240104,09:35:59,149.7,250,154050
20240104,09:36:08,150.7,600,154050
20240104,09:36:16,150.7,400,154050
20240104,09:36:25,151.25,850,154050
20240104,09:36:35,150.7,150,154050
20240104,09:36:43,151.2,150,154050
20240104,09:36:52,151.25,200,154050
20240104,09:37:01,150.85,100,154050
20240104,09:37:09,151.25,100,154050
20240104,09:37:18,151.05,300,154050
20240104,09:37:27,150.85,200,154050
20240104,09:37:36,151.0,850,154050
20240104,09:37:59,150.1,300,154050
20240104,09:38:20,149.7,50,154050
20240104,09:38:29,149.6,200,154050
20240104,09:38:39,149.5,50,157950
20240104,09:38:48,150.3,100,157950
20240104,09:38:58,150.3,50,157950
20240104,09:39:07,150.9,50,157950
20240104,09:39:16,150.9,50,157950
20240104,09:39:53,150.9,50,157950
20240104,09:40:02,150.95,50,157950
20240104,09:40:30,150.25,50,157950
20240104,09:40:49,150.35,50,157950
20240104,09:40:58,151.0,200,157950
20240104,09:42:48,149.6,50,158250
20240104,09:43:42,149.15,50,158250
20240104,09:44:10,151.0,750,158250
20240104,09:44:19,151.0,550,158250
20240104,09:44:37,150.85,50,159550
20240104,09:44:46,151.35,1350,159550
20240104,09:44:56,150.8,50,159550
20240104,09:45:05,151.5,250,159550
20240104,09:45:15,151.45,50,159550
20240104,09:45:24,150.7,200,159550
20240104,09:45:34,151.0,150,159550
20240104,09:45:43,151.0,100,159550
20240104,09:45:52,151.5,200,159550
20240104,09:46:01,151.1,50,159550
20240104,09:46:29,151.2,50,159550
20240104,09:46:47,151.2,50,159550
20240104,09:47:05,151.25,50,159550
20240104,09:47:51,151.25,50,161650
20240104,09:49:55,151.6,200,161650
20240104,09:50:04,151.4,300,161650
20240104,09:50:13,151.65,200,161650
20240104,09:50:31,151.65,100,161650
20240104,09:50:58,151.65,100,162500
20240104,09:51:08,151.5,500,162500
20240104,09:51:45,151.35,50,162500
20240104,09:51:54,151.35,50,162500
20240104,09:52:21,152.0,300,162500
20240104,09:52:30,152.0,300,162500
20240104,09:52:49,152.0,100,162500
20240104,09:53:35,152.0,50,162500
20240104,09:53:55,151.9,50,163500
20240104,09:54:59,150.25,50,163500
20240104,09:55:26,150.0,400,163500
20240104,09:56:01,149.45,100,163500
20240104,09:56:19,149.85,50,163500
20240104,09:56:28,149.4,100,163500
20240104,09:56:55,149.85,50,164000
20240104,09:57:04,149.9,50,164000
20240104,09:57:13,149.85,50,164000
20240104,09:58:25,149.3,150,164000
20240104,09:58:43,149.5,200,164000
20240104,09:58:52,149.9,400,164000
20240104,09:59:39,149.9,50,164300
20240104,09:59:47,149.9,200,164300
20240104,09:59:56,149.9,100,164300
20240104,10:00:05,149.9,50,164300
20240104,10:00:23,149.9,500,164300
20240104,10:00:32,150.35,450,164300
20240104,10:00:41,150.55,50,164300
20240104,10:01:08,150.4,250,164300
20240104,10:01:26,150.5,50,164300
20240104,10:01:52,150.55,50,164300
20240104,10:02:01,150.45,100,164300
20240104,10:04:18,150.2,50,165750
20240104,10:04:53,149.95,100,165750
20240104,10:05:05,149.75,100,165750
20240104,10:07:55,147.7,700,166000
20240104,10:08:57,148.5,350,166150
20240104,10:09:06,148.8,100,166150
20240104,10:09:16,148.55,100,166150
20240104,10:09:26,148.45,100,166150
20240104,10:09:35,148.45,50,166150
20240104,10:10:02,148.85,400,166150
20240104,10:10:11,148.85,300,166150
20240104,10:10:20,148.9,250,166150
20240104,10:10:29,148.5,50,166150
20240104,10:10:38,148.45,50,166150
20240104,10:10:47,148.95,100,166150
20240104,10:10:56,148.8,100,166150
20240104,10:11:14,148.75,50,166150
20240104,10:11:22,148.75,100,166150
20240104,10:11:32,148.75,200,166150
20240104,10:11:49,148.8,50,167100
20240104,10:12:07,148.85,200,167100
20240104,10:12:16,148.6,100,167100
20240104,10:12:26,148.8,100,167100
20240104,10:12:35,148.75,50,167100
20240104,10:12:44,148.75,100,167100
20240104,10:13:21,149.15,250,167100
20240104,10:14:43,147.15,50,167600
20240104,10:14:52,147.15,50,167600
20240104,10:16:42,146.25,50,167600
20240104,10:16:52,146.25,150,167600
20240104,10:17:02,145.85,100,167600
20240104,10:17:20,145.85,100,167600
20240104,10:17:46,145.65,100,167800
20240104,10:17:55,145.6,300,167800
20240104,10:18:32,146.65,200,167800
20240104,10:18:42,146.35,550,167800
20240104,10:19:31,143.45,1650,167800
20240104,10:19:50,144.2,100,167800
20240104,10:21:03,142.25,200,168350
20240104,10:21:25,142.5,150,168350
20240104,10:21:35,142.2,150,168350
20240104,10:21:45,142.2,100,168350
20240104,10:21:55,143.0,150,168350
20240104,10:22:32,142.95,100,168350
20240104,10:22:51,142.3,50,168350
20240104,10:23:18,143.1,600,168350
20240104,10:23:36,142.95,150,168350
20240104,10:23:55,143.25,100,169750
20240104,10:24:05,143.45,50,169750
20240104,10:24:14,143.7,50,169750
20240104,10:24:23,143.0,250,169750
20240104,10:24:33,143.3,50,169750
20240104,10:24:43,142.95,100,169750
20240104,10:24:52,143.35,50,169750
20240104,10:25:20,143.05,50,169750
20240104,10:25:40,143.2,300,169750
20240104,10:26:34,143.6,150,169750
20240104,10:26:53,143.7,100,170500
20240104,10:27:02,143.55,100,170500
20240104,10:27:11,143.55,200,170500
20240104,10:27:19,143.55,150,170500
20240104,10:27:29,143.85,50,170500
20240104,10:27:38,143.65,300,170500
20240104,10:27:48,143.65,400,170500
20240104,10:28:06,143.65,50,170500
20240104,10:28:23,143.35,100,170500
20240104,10:28:32,143.6,100,170500
20240104,10:28:41,143.6,50,170500
20240104,10:28:59,143.55,350,170500
20240104,10:29:07,143.5,100,170500
20240104,10:29:16,143.35,150,170500
20240104,10:29:26,143.45,50,170500
20240104,10:31:06,143.1,50,172650
20240104,10:31:34,143.0,50,172650
20240104,10:31:52,142.8,100,172650
20240104,10:33:31,142.95,100,172750
20240104,10:35:24,142.05,100,172750
20240104,10:36:17,142.05,50,172850
20240104,10:36:35,142.25,100,172850
20240104,10:36:44,142.0,50,172850
20240104,10:36:54,142.0,150,172850
20240104,10:37:03,142.0,50,172850
20240104,10:37:22,142.45,150,172850
20240104,10:38:17,142.75,50,172850
20240104,10:38:36,143.15,450,172850
20240104,10:39:05,143.4,250,173800
20240104,10:39:14,143.4,200,173800
20240104,10:39:24,143.1,50,173800
20240104,10:39:59,143.75,50,173800
20240104,10:40:08,143.85,100,173800
20240104,10:40:26,143.5,50,173800
20240104,10:40:35,143.3,200,173800
20240104,10:40:44,143.7,100,173800
20240104,10:41:02,143.7,50,173800
20240104,10:41:20,142.45,100,173800
20240104,10:41:39,142.25,250,173800
20240104,10:45:09,142.4,100,174900
20240104,10:45:18,142.4,50,174900
20240104,10:46:38,141.6,50,174900
20240104,10:46:56,141.55,100,174900
20240104,10:47:22,141.05,450,174900
20240104,10:47:48,141.05,250,175050
20240104,10:47:57,142.4,100,175050
20240104,10:48:59,142.7,50,175050
20240104,10:49:07,142.65,150,175050
20240104,10:50:37,142.25,150,175050
20240104,10:50:47,142.25,50,175300
20240104,10:50:56,141.85,100,175300
20240104,10:53:26,143.0,200,175300
20240104,10:53:44,143.0,50,175500
20240104,10:55:35,143.15,150,175500
20240104,10:55:36,143.3,300,175500
20240104,10:55:41,143.6,250,175500
20240104,10:55:47,143.6,50,175500
20240104,10:56:29,143.25,50,175500
20240104,10:56:46,143.3,50,176300
20240104,10:56:54,143.5,50,176300
20240104,10:57:02,143.5,150,176300
20240104,10:57:28,143.75,50,176300
20240104,10:59:57,142.5,150,176600
20240104,11:01:28,141.1,200,176600
20240104,11:02:47,142.85,100,176700
20240104,11:03:13,142.85,100,176700
20240104,11:03:59,142.85,50,176700
20240104,11:04:17,142.85,250,176700
20240104,11:04:43,142.9,50,176700
20240104,11:05:11,143.2,50,176700
20240104,11:05:20,143.2,50,176700
20240104,11:05:29,143.05,50,176700
20240104,11:06:58,142.75,200,177100
20240104,11:09:01,140.9,50,177150
20240104,11:09:10,140.9,150,177150
20240104,11:09:19,141.9,150,177150
20240104,11:11:41,140.75,650,177150
20240104,11:12:33,140.75,100,178050
20240104,11:13:00,140.7,550,178050
20240104,11:14:08,142.7,100,178050
20240104,11:19:06,142.5,50,178350
20240104,11:19:16,142.5,150,178350
20240104,11:19:27,142.5,50,178350
20240104,11:23:57,142.0,50,178400
20240104,11:25:15,142.2,150,178400
20240104,11:25:33,141.0,550,178400
20240104,11:30:01,142.25,150,179000
20240104,11:31:13,141.45,50,179000
20240104,11:32:48,141.65,50,179000
20240104,11:32:57,141.55,150,179150
20240104,11:33:05,141.5,50,179150
20240104,11:35:33,142.45,350,179150
20240104,11:35:42,142.5,250,179150
20240104,11:36:44,142.0,50,179550
20240104,11:36:52,142.5,100,179550
20240104,11:37:01,142.6,100,179550
20240104,11:37:10,143.4,100,179550
20240104,11:37:44,142.2,100,179550
20240104,11:37:53,142.5,1500,179550
20240104,11:38:11,142.05,200,179550
20240104,11:38:30,142.8,50,179550
20240104,11:38:39,142.95,150,179550
20240104,11:38:48,143.55,150,181250
20240104,11:38:57,143.45,50,181250
20240104,11:39:06,143.2,100,181250
20240104,11:39:15,143.25,150,181250
20240104,11:39:23,144.0,150,181250
20240104,11:39:47,143.0,100,181250
20240104,11:44:49,142.05,50,181700
20240104,11:45:30,142.15,50,181700
20240104,11:46:24,142.15,100,181700
20240104,11:48:41,142.0,50,181800
20240104,11:50:17,141.0,50,181800
20240104,11:50:52,140.1,350,181900
20240104,11:51:09,140.1,50,181900
20240104,11:53:21,141.0,50,181900
20240104,11:54:00,141.0,50,181800
20240104,11:54:08,141.0,100,181800
20240104,11:54:38,140.45,250,181800
20240104,11:54:46,140.85,100,181800
20240104,11:55:01,140.45,50,181800
20240104,11:55:40,140.7,50,181800
20240104,11:56:06,140.9,50,181800
20240104,12:00:12,141.4,50,182100
20240104,12:00:29,141.4,50,182100
20240104,12:01:43,140.25,100,182100
20240104,12:03:20,141.2,250,182150
20240104,12:03:54,141.15,100,182150
20240104,12:04:10,141.7,100,182150
20240104,12:04:18,141.7,50,182150
20240104,12:05:19,141.7,50,182150
20240104,12:05:52,141.0,50,182150
20240104,12:08:01,141.0,50,182550
20240104,12:08:34,141.0,100,182550
20240104,12:10:56,141.25,150,182700
20240104,12:16:20,140.5,150,182850
20240104,12:18:05,140.0,150,183000
20240104,12:21:12,140.0,250,183000
20240104,12:23:09,139.45,50,183000
20240104,12:24:07,138.9,50,183300
20240104,12:24:18,138.65,50,183300
20240104,12:26:16,138.45,50,183300
20240104,12:28:27,137.0,150,183450
20240104,12:28:36,137.0,350,183450
20240104,12:33:06,137.0,100,183450
20240104,12:34:50,137.35,100,183450
20240104,12:34:58,137.35,400,183450
20240104,12:36:08,137.5,100,183950
20240104,12:36:24,137.5,100,183950
20240104,12:36:57,137.65,50,183950
20240104,12:37:52,137.0,550,183950
20240104,12:38:00,136.85,150,183950
20240104,12:38:25,136.85,100,183950
20240104,12:38:33,136.9,100,183950
20240104,12:40:19,136.6,250,184650
20240104,12:43:16,136.6,50,184650
20240104,12:45:08,136.95,300,184600
20240104,12:45:52,137.0,100,184600
20240104,12:46:26,137.05,50,184600
20240104,12:49:25,136.8,100,184750
20240104,12:49:33,136.8,50,184750
20240104,12:50:46,138.5,750,184750
20240104,12:51:03,138.1,50,184750
20240104,12:52:07,138.3,100,184750
20240104,12:52:16,138.35,100,184750
20240104,12:52:25,138.55,250,184750
20240104,12:53:30,136.0,500,184750
20240104,13:00:19,136.0,50,185000
20240104,13:02:19,136.2,50,185000
20240104,13:02:37,136.0,100,185000
20240104,13:02:46,136.0,100,185000
20240104,13:04:03,135.65,100,185150
20240104,13:07:16,135.65,100,185200
20240104,13:08:54,136.0,100,185200
20240104,13:10:58,136.5,50,185350
20240104,13:12:24,136.5,50,185350
20240104,13:13:30,136.0,50,185400
20240104,13:13:38,136.0,100,185400
20240104,13:13:47,136.0,200,185400
20240104,13:14:13,136.0,50,185400
20240104,13:16:12,136.0,100,185800
20240104,13:16:20,134.05,500,185800
20240104,13:16:55,134.05,200,185800
20240104,13:17:30,136.0,50,185800
20240104,13:17:47,136.0,50,185800
20240104,13:18:57,136.45,50,186100
20240104,13:19:05,136.25,50,186100
20240104,13:19:23,136.9,50,186100
20240104,13:24:20,136.35,50,186200
20240104,13:25:20,136.5,50,186200
20240104,13:25:37,136.5,50,186200
20240104,13:26:11,136.1,200,186200
20240104,13:27:06,136.2,50,186350
20240104,13:27:23,136.0,150,186350
20240104,13:28:39,136.75,50,186350
20240104,13:29:14,136.15,250,186350
20240104,13:29:56,136.0,50,186350
20240104,13:30:47,135.0,400,186900
20240104,13:32:34,135.95,150,186900
20240104,13:33:08,136.25,300,187250
20240104,13:33:17,136.65,650,187250
20240104,13:33:41,136.55,50,187250
20240104,13:34:09,136.9,50,187250
20240104,13:34:17,137.0,100,187250
20240104,13:34:35,136.75,50,187250
20240104,13:34:44,137.25,50,187250
20240104,13:34:53,137.0,100,187250
20240104,13:35:01,137.0,50,187250
20240104,13:36:02,137.0,50,187250
20240104,13:36:11,137.05,50,188550
20240104,13:37:21,135.6,100,188550
20240104,13:39:27,134.4,50,188600
20240104,13:42:41,133.65,400,188650
20240104,13:42:50,133.35,450,188650
20240104,13:44:04,134.95,100,188650
20240104,13:44:29,135.0,50,188650
20240104,13:44:46,134.55,100,188650
20240104,13:44:54,135.0,850,188650
20240104,13:50:26,135.0,300,189700
20240104,13:51:50,135.0,50,189850
20240104,13:55:12,135.25,100,189850
20240104,13:57:13,135.05,50,189900
20240104,13:57:21,135.0,50,189900
20240104,14:00:48,135.0,200,189850
20240104,14:01:29,135.0,100,189850
20240104,14:01:38,135.0,200,189850
20240104,14:02:16,135.45,50,189850
20240104,14:03:31,135.5,100,190200
20240104,14:03:48,135.5,50,190200
20240104,14:06:37,135.0,100,190350
20240104,14:07:26,134.75,50,190350
20240104,14:09:24,134.75,400,190250
20240104,14:10:41,134.75,50,190250
20240104,14:11:53,134.5,300,190250
20240104,14:12:34,134.5,200,190500
20240104,14:13:06,134.25,150,190500
20240104,14:13:54,134.0,400,190500
20240104,14:14:02,138.25,1250,190500
20240104,14:15:46,135.95,250,190450
20240104,14:16:43,135.0,50,190450
20240104,14:18:47,135.5,50,190350
20240104,14:18:56,135.5,100,190350
20240104,14:19:12,135.0,150,190350
20240104,14:19:59,135.0,100,190350
20240104,14:23:22,135.0,150,190750
20240104,14:27:04,136.0,150,190900
20240104,14:27:58,136.0,50,190950
20240104,14:28:08,136.0,100,190950
20240104,14:29:05,135.45,50,190950
20240104,14:30:21,135.0,50,190950
20240104,14:30:57,136.4,150,191150
20240104,14:33:59,135.0,100,191300
20240104,14:34:16,135.0,300,191300
20240104,14:34:25,135.0,100,191300
20240104,14:34:59,135.5,250,191300
20240104,14:36:38,135.0,500,191900
20240104,14:37:02,134.6,550,191900
20240104,14:37:18,135.0,350,191900
20240104,14:38:56,135.0,50,191900
20240104,14:40:28,135.0,50,193350
20240104,14:41:38,135.0,100,193350
20240104,14:42:09,135.0,50,193350
20240104,14:43:03,135.0,50,193550
20240104,14:43:37,135.0,150,193550
20240104,14:44:24,134.5,600,193550
20240104,14:44:34,135.0,100,193550
20240104,14:45:17,134.5,50,194300
20240104,14:45:49,134.5,50,194300
20240104,14:46:13,135.0,100,194300
20240104,14:47:39,135.0,100,194300
20240104,14:47:47,134.5,50,194300
20240104,14:49:35,134.5,50,194500
20240104,14:49:43,134.5,50,194500
20240104,14:51:31,134.75,100,194600
20240104,14:51:49,134.0,750,194600
20240104,14:51:58,134.0,50,194600
20240104,14:53:01,134.95,100,194600
20240104,14:53:55,134.9,50,194600
20240104,14:57:19,134.0,50,195600
20240104,14:57:28,134.0,50,195600
20240104,14:57:45,134.65,50,195600
20240104,14:57:54,135.0,350,195600
20240104,14:58:54,134.8,100,195600
20240104,14:59:02,135.0,100,195600
20240104,14:59:11,135.95,50,195600
20240104,14:59:38,135.0,400,195600
20240104,15:00:31,134.5,1000,195900
20240104,15:00:42,134.75,50,195900
20240104,15:00:53,136.0,100,195900
20240104,15:02:21,134.3,150,195900
20240104,15:02:49,135.0,50,195900
20240104,15:06:54,134.25,500,196100
20240104,15:07:24,134.0,150,196100
20240104,15:08:58,134.0,50,196100
20240104,15:10:02,134.0,300,196150
20240104,15:13:08,133.95,100,196450
20240104,15:13:28,133.95,50,196450
20240104,15:13:39,133.75,450,196450
20240104,15:13:50,133.5,50,196450
20240104,15:14:09,133.5,900,196450
20240104,15:14:46,133.25,450,196450
20240104,15:15:04,133.25,350,196450
20240104,15:15:32,133.25,50,196600
20240104,15:15:41,133.0,1450,196600
20240104,15:16:03,131.15,150,196600
20240104,15:16:49,131.1,150,196600
20240104,15:17:36,131.1,250,196600
20240104,15:19:25,133.15,50,196750
20240104,15:20:13,132.05,50,196750
20240104,15:20:54,132.0,450,196750
20240104,15:21:21,132.0,50,196800
20240104,15:21:49,131.75,50,196800
20240104,15:23:00,131.75,50,196800
20240104,15:23:19,132.0,300,196800
20240104,15:23:40,132.0,1300,196800
20240104,15:23:50,132.45,50,196800
20240104,15:24:12,131.65,100,196800
20240104,15:24:22,132.0,1050,198550
20240104,15:24:42,132.0,250,198550
20240104,15:25:12,132.0,300,198550
20240104,15:26:06,132.0,300,198550
20240104,15:27:09,131.5,50,198550
20240104,15:27:56,131.35,100,199800
20240104,15:28:07,132.0,50,199800
20240104,15:28:38,132.7,200,199800
20240104,15:29:17,131.1,150,199800
20240105,09:17:51,127.7,1,199150
20240105,09:17:51,127.65,1,199150
20240105,09:17:51,127.7,300,199150
20240105,09:18:56,127.7,50,199150
20240105,09:21:15,130.05,250,199250
20240105,09:21:33,130.05,100,199250
20240105,09:22:23,130.0,200,199250
20240105,09:22:53,131.0,300,199250
20240105,09:23:12,131.0,150,199250
20240105,09:24:26,131.0,100,198750
20240105,09:25:35,132.6,150,198750
20240105,09:28:27,132.6,150,198900
20240105,09:28:54,129.85,100,198900
20240105,09:29:03,129.95,50,198900
20240105,09:29:12,129.95,50,198900
20240105,09:30:04,129.5,100,199050
20240105,09:30:58,126.75,100,199050
20240105,09:31:07,126.75,150,199050
20240105,09:32:45,126.75,50,199150
20240105,09:33:29,128.1,50,199150
20240105,09:33:37,128.1,150,199150
20240105,09:33:46,128.1,50,199150
20240105,09:34:14,128.0,100,199150
20240105,09:34:25,128.0,900,199150
20240105,09:34:53,127.55,50,199150
20240105,09:35:19,127.55,50,199150
20240105,09:35:38,127.55,150,199950
20240105,09:36:13,127.55,50,199950
20240105,09:36:30,127.0,50,199950
20240105,09:37:16,127.6,50,199950
20240105,09:37:25,127.2,50,199950
20240105,09:37:59,128.0,100,199950
20240105,09:39:16,128.0,50,200100
20240105,09:39:24,127.25,50,200100
20240105,09:39:57,127.5,50,200100
20240105,09:41:00,127.5,250,200100
20240105,09:43:47,127.9,50,200150
20240105,09:44:14,127.95,50,200150
20240105,09:45:32,127.5,200,200150
20240105,09:45:50,127.55,150,200150
20240105,09:45:59,128.0,50,200150
20240105,09:48:43,127.3,50,200400
20240105,09:49:18,127.3,100,200400
20240105,09:49:28,127.25,50,200400
20240105,09:49:37,127.25,100,200400
20240105,09:49:46,127.25,50,200400
20240105,09:50:24,128.0,350,200400
20240105,09:50:33,127.8,100,200500
20240105,09:51:59,127.8,50,200500
20240105,09:52:08,127.25,50,200500
20240105,09:52:35,127.25,350,200500
20240105,09:53:10,127.25,150,200500
20240105,09:55:13,127.25,300,200050
20240105,09:55:30,127.25,300,200050
20240105,09:55:39,127.25,300,200050
20240105,09:55:47,127.25,150,200050
20240105,09:56:31,127.25,50,199300
20240105,09:58:04,127.0,50,199300
20240105,10:01:17,126.95,150,199350
20240105,10:01:34,126.95,50,199350
20240105,10:01:43,127.0,50,199350
20240105,10:02:24,127.45,50,199350
20240105,10:02:48,127.3,50,199500
20240105,10:03:05,127.0,150,199500
20240105,10:04:11,127.0,100,199500
20240105,10:05:09,126.0,300,199500
20240105,10:05:18,126.0,100,199500
20240105,10:05:25,126.25,100,199500
20240105,10:05:34,126.55,200,199950
20240105,10:06:05,126.25,50,199950
20240105,10:06:13,126.0,50,199950
20240105,10:09:22,126.5,50,200250
20240105,10:10:53,126.5,100,200250
20240105,10:13:27,125.95,150,200250
20240105,10:13:49,125.95,100,200250
20240105,10:13:57,125.95,50,200250
20240105,10:14:30,125.4,150,200250
20240105,10:15:41,125.4,350,200300
20240105,10:16:08,125.0,650,200300
20240105,10:16:17,125.6,50,200300
20240105,10:16:34,126.0,100,200300
20240105,10:16:43,126.65,500,200300
20240105,10:16:59,127.55,400,200300
20240105,10:17:16,126.35,700,200300
20240105,10:17:50,126.35,100,199600
20240105,10:19:11,126.95,100,199600
20240105,10:19:55,126.0,100,199600
20240105,10:20:04,126.0,200,199600
20240105,10:20:45,126.25,50,200000
20240105,10:20:58,126.25,50,200000
20240105,10:24:48,126.9,100,200100
20240105,10:24:56,126.9,100,200100
20240105,10:25:37,127.0,100,200100
20240105,10:25:45,126.9,200,200100
20240105,10:27:43,127.25,150,200600
20240105,10:27:51,127.45,100,200600
20240105,10:28:28,127.55,100,200600
20240105,10:28:35,127.55,50,200600
20240105,10:28:58,127.0,100,200600
20240105,10:31:49,127.0,200,200600
20240105,10:32:11,127.25,650,200600
20240105,10:34:14,127.1,100,200350
20240105,10:34:22,127.1,50,200350
20240105,10:34:30,127.1,50,200350
20240105,10:34:52,127.1,50,200350
20240105,10:34:59,126.0,450,200350
20240105,10:39:02,126.45,100,200450
20240105,10:40:56,126.65,100,200450
20240105,10:41:05,126.85,50,200450
20240105,10:41:38,126.15,200,200600
20240105,10:42:19,126.85,100,200600
20240105,10:43:09,126.05,100,200600
20240105,10:43:26,126.85,100,200600
20240105,10:43:47,127.45,100,200600
20240105,10:44:26,127.95,450,200600
20240105,10:44:37,128.2,50,200600
20240105,10:44:56,128.3,50,201600
20240105,10:45:05,128.35,50,201600
20240105,10:45:15,128.0,100,201600
20240105,10:45:24,127.95,100,201600
20240105,10:45:33,128.0,50,201600
20240105,10:45:43,128.55,200,201600
20240105,10:46:04,129.0,100,201600
20240105,10:46:24,129.45,100,201600
20240105,10:47:23,129.0,50,201600
20240105,10:47:45,129.9,50,201900
