date,time,tick_price,volume,open_interest
20240124,15:07:55,12.2,200,1200
20240124,15:08:05,12.15,500,1200
20240124,15:08:16,11.45,500,1200
20240125,10:10:30,12.05,1,1200
20240125,10:10:30,12.05,50,1200
20240125,10:29:43,14.4,50,1200
20240125,10:31:36,14.4,50,1200
20240125,10:38:17,12.6,50,1250
20240125,10:52:22,12.8,250,1250
20240125,11:20:20,12.0,100,1500
20240125,11:30:31,11.9,50,1600
20240125,11:39:14,11.35,50,1650
20240125,12:33:28,11.35,100,1650
20240125,12:38:32,11.25,300,1650
20240125,12:40:57,11.25,50,1900
20240125,14:23:41,11.5,250,1900
20240125,15:13:07,9.2,250,1650
20240125,15:18:27,8.85,250,1900
20240129,09:15:13,9.25,1,1650
20240129,09:15:13,9.5,400,1650
20240129,09:15:53,9.45,350,1650
20240129,09:16:43,9.2,100,1650
20240129,09:16:56,9.15,250,1650
20240129,09:27:13,8.75,150,2000
20240129,09:27:50,8.65,350,2000
20240129,09:37:31,8.65,50,2000
20240129,10:10:15,9.85,50,2000
20240129,10:20:05,9.85,50,2000
20240129,10:23:04,9.75,50,2000
20240129,10:41:32,9.85,50,2000
20240129,11:32:58,8.6,50,2050
20240129,12:21:42,8.6,200,2050
20240129,13:00:41,9.15,150,1850
20240129,13:04:15,8.4,200,1700
20240129,13:42:55,8.4,1750,1700
20240129,13:43:12,8.7,250,1700
20240129,13:46:02,8.4,100,1650
20240129,13:50:00,8.35,100,1550
20240129,15:25:04,8.0,100,1600
20240129,15:25:15,8.0,100,1600
20240129,15:29:42,8.9,150,1500
20240130,09:17:13,9.7,1,1350
20240130,09:17:13,9.7,200,1350
20240130,10:42:46,9.2,50,1550
20240130,10:43:15,9.0,50,1550
20240130,13:51:48,8.45,150,1600
20240130,14:41:05,8.45,150,1750
20240201,14:52:55,3.05,1,1900
20240201,14:52:55,3.05,100,1900
20240205,10:12:02,3.05,1,1900
20240205,10:12:02,3.05,50,1900
20240205,13:52:02,3.05,50,1900
20240205,14:45:08,5.45,150,1900
20240205,14:49:23,5.45,50,1750
20240205,14:50:32,5.45,50,1700
20240205,15:18:23,5.45,150,1650
20240206,09:17:36,5.55,1,1500
20240206,09:17:36,5.55,150,1500
20240206,11:17:55,5.3,50,1350
20240206,11:48:27,4.65,50,1350
20240206,12:48:06,4.65,200,1350
20240206,12:49:04,5.45,50,1350
20240206,13:02:15,5.15,150,1400
20240206,13:47:14,5.1,150,1250
20240206,15:19:43,5.3,150,1100
20240207,10:16:08,5.0,1,1000
20240207,10:16:08,5.0,50,1000
20240207,10:19:28,5.0,50,1000
20240207,10:20:47,4.35,100,1000
20240207,11:27:50,4.35,100,1000
20240207,12:45:28,4.9,50,1000
20240207,13:45:29,4.9,1000,1000
20240222,12:14:26,1.0,1,1700
20240222,12:14:26,1.0,50,1700
20240222,12:15:17,0.9,50,1700
20240222,13:18:00,0.9,250,1750
20240222,13:21:47,0.65,300,2000
20240222,13:25:14,0.65,300,2000
20240222,15:13:52,2.6,100,1700
20240222,15:14:02,2.6,100,1800
20240222,15:16:36,1.45,50,1800
20240222,15:17:09,1.25,50,1850
20240222,15:17:57,1.2,50,1850
20240223,09:15:04,1.2,1,1750
20240223,09:15:04,1.2,100,1750
20240223,09:15:06,1.2,1350,1750
20240223,09:15:07,1.2,50,1750
20240223,09:15:16,1.1,250,1750
20240223,09:16:32,1.0,50,3500
20240223,09:16:45,1.0,400,3500
20240223,09:16:58,1.05,300,3500
20240223,09:17:35,0.95,300,3500
20240223,09:17:37,0.95,400,3500
20240223,09:19:21,1.05,100,3500
20240223,09:19:26,1.0,50,4050
20240223,09:20:15,0.95,100,4050
20240223,09:20:36,0.9,100,4050
20240223,09:20:47,0.9,50,4050
20240223,09:21:00,0.9,200,4050
20240223,09:22:13,0.9,1850,4550
20240223,09:22:18,0.95,250,4550
20240223,09:22:34,0.9,250,4550
20240223,09:25:03,0.95,50,4550
20240223,09:25:50,0.9,400,4400
20240223,09:25:53,0.9,50,4400
20240223,09:26:08,0.9,50,4400
20240223,09:26:24,0.9,50,4400
20240223,09:26:51,0.9,250,4400
20240223,09:27:01,1.05,1350,4400
20240223,09:28:38,0.85,200,4400
20240223,09:29:43,0.85,200,6500
20240223,09:29:44,0.9,50,6500
20240223,09:29:59,0.9,50,6500
20240223,09:31:04,0.9,550,6750
20240223,09:32:23,0.85,100,6750
20240223,09:32:59,0.85,50,6750
20240223,09:34:17,0.9,200,6850
20240223,09:34:55,0.9,50,6850
20240223,09:36:21,0.85,100,6850
20240223,09:39:45,0.95,1800,6850
20240223,09:39:53,0.85,50,8450
20240223,09:44:24,0.95,350,7900
20240223,09:44:53,1.0,1550,7900
20240223,09:44:54,1.0,1850,7900
20240223,09:45:04,0.95,50,7900
20240223,09:45:13,1.05,350,7900
20240223,09:45:31,1.05,50,7900
20240223,09:45:44,1.0,50,7900
20240223,09:46:18,1.1,3850,11300
20240223,09:48:22,1.05,300,11300
20240223,09:49:07,1.15,1500,14950
20240223,09:50:01,1.15,150,14950
20240223,09:50:19,1.3,750,14950
20240223,09:50:55,1.3,600,14950
20240223,09:51:10,1.1,600,14950
20240223,09:53:24,1.1,200,17150
20240223,09:53:29,1.1,500,17150
20240223,09:53:32,1.1,550,17150
20240223,09:53:38,1.1,50,17150
20240223,09:53:41,1.1,100,17150
20240223,09:54:32,1.05,450,17150
20240223,09:56:20,1.2,50,17450
20240223,09:58:05,1.1,50,17450
20240223,10:00:35,1.1,400,17450
20240223,10:06:04,1.0,700,17450
20240223,10:07:13,1.15,2850,16850
20240223,10:07:14,1.15,50,16850
20240223,10:07:24,1.25,1150,16850
20240223,10:10:51,1.1,200,19950
20240223,10:12:10,1.0,7950,19950
20240223,10:12:11,1.0,50,19950
20240223,10:12:12,0.95,100,19950
20240223,10:12:15,1.0,100,19950
20240223,10:12:26,0.95,150,19950
20240223,10:12:29,0.95,100,19950
20240223,10:12:29,1.0,200,19950
20240223,10:12:47,1.0,500,19950
20240223,10:12:54,1.0,1500,19950
20240223,10:12:58,1.0,50,21350
20240223,10:14:29,0.95,50,21350
20240223,10:14:43,1.0,250,21350
20240223,10:14:55,1.0,1800,21350
20240223,10:15:10,1.05,100,21350
20240223,10:15:11,1.05,1850,21350
20240223,10:15:19,1.05,100,21350
20240223,10:15:20,1.1,2300,21350
20240223,10:15:21,1.2,5000,21350
20240223,10:15:53,1.1,400,21350
20240223,10:17:47,1.15,150,21350
20240223,10:19:16,1.1,400,28650
20240223,10:19:19,1.1,200,28650
20240223,10:19:24,1.05,150,28650
20240223,10:19:37,1.05,50,28650
20240223,10:20:39,1.0,600,28650
20240223,10:20:40,1.0,7100,28650
20240223,10:20:41,1.0,450,28650
20240223,10:20:54,1.0,2050,28650
20240223,10:21:12,0.95,100,28650
20240223,10:21:28,0.95,50,28650
20240223,10:23:03,0.95,100,30500
20240223,10:23:09,1.0,250,30500
20240223,10:25:47,1.0,1800,30650
20240223,10:26:15,1.0,100,30650
20240223,10:26:49,1.0,1000,30650
20240223,10:28:08,1.0,100,30650
20240223,10:31:43,0.95,50,29150
20240223,10:31:55,0.95,250,29200
20240223,10:31:56,0.9,300,29200
20240223,10:31:57,0.85,1800,29200
20240223,10:33:51,0.9,50,29200
20240223,10:39:44,0.85,1200,29400
20240223,10:40:33,0.9,100,29400
20240223,10:45:39,0.9,100,29900
20240223,10:47:10,0.9,100,29850
20240223,10:47:12,0.9,300,29850
20240223,10:50:24,0.9,250,29850
20240223,10:54:02,0.9,250,29750
20240223,10:54:43,0.85,50,29950
20240223,11:05:39,0.9,250,30150
20240223,11:06:00,0.95,1150,30150
20240223,11:06:07,0.95,100,30150
20240223,11:06:33,0.9,50,30150
20240223,11:06:33,1.0,50,30150
20240223,11:06:58,1.0,2150,30150
20240223,11:07:00,1.0,50,30150
20240223,11:07:45,1.1,1100,31050
20240223,11:08:20,1.0,500,31050
20240223,11:08:54,1.05,100,31050
20240223,11:09:18,1.05,50,31050
20240223,11:10:11,1.0,350,31050
20240223,11:11:22,0.95,5450,31900
20240223,11:11:22,0.9,100,31900
20240223,11:11:23,0.95,100,31900
20240223,11:11:24,0.95,50,31900
20240223,11:11:25,0.95,50,31900
20240223,11:11:26,0.95,50,31900
20240223,11:17:52,0.95,50,31900
20240223,11:22:06,0.95,100,35350
20240223,11:49:01,0.95,250,35350
20240223,11:52:50,0.95,100,35650
20240223,11:52:51,0.9,50,35650
20240223,11:54:50,0.9,50,35650
20240223,11:58:34,0.9,100,35550
20240223,12:00:38,0.95,50,35550
20240223,12:06:30,0.95,100,35500
20240223,12:11:23,0.9,100,35500
20240223,12:23:27,0.95,50,35550
20240223,12:25:25,0.9,400,35500
20240223,12:25:27,0.9,50,35550
20240223,12:26:33,0.9,250,35550
20240223,12:26:34,0.9,400,35550
20240223,12:26:43,0.85,50,35550
20240223,12:27:44,0.9,50,35550
20240223,12:36:39,0.9,100,35550
20240223,12:51:33,0.85,500,35250
20240223,12:51:35,0.85,300,35250
20240223,12:52:38,0.85,250,35650
20240223,12:52:51,0.85,50,35650
20240223,12:53:11,0.85,100,35650
20240223,13:01:36,0.8,50,35650
20240223,13:03:51,0.8,300,35650
20240223,13:03:52,0.8,50,35650
20240223,13:06:24,0.8,700,35950
20240223,13:10:35,0.8,750,36450
20240223,13:10:42,0.8,50,36450
20240223,13:12:34,0.75,150,36450
20240223,13:12:59,0.75,1000,36450
20240223,13:13:00,0.75,50,36450
20240223,13:13:01,0.75,50,36450
20240223,13:13:03,0.75,50,36450
20240223,13:13:19,0.75,250,36450
20240223,13:13:44,0.75,50,36850
20240223,13:13:45,0.75,50,36850
20240223,13:37:38,0.75,50,36950
20240223,13:37:51,0.75,50,36950
20240223,13:38:38,0.7,100,36950
20240223,13:42:55,0.7,50,36950
20240223,13:46:05,0.75,50,36950
20240223,14:12:16,0.9,1000,36950
20240223,14:22:28,0.75,50,37750
20240223,14:23:43,0.7,2750,37800
20240223,14:23:50,0.65,100,37800
20240223,14:26:00,0.65,250,38700
20240223,14:26:48,0.7,50,38700
20240223,14:26:56,0.7,50,38700
20240223,14:27:33,0.7,100,38700
20240223,14:29:24,0.7,50,39150
20240223,14:44:31,0.7,100,39200
20240223,15:06:32,0.7,250,39200
20240223,15:10:31,0.65,2200,39200
20240223,15:10:31,0.6,1800,39450
20240223,15:10:56,0.6,50,39450
20240223,15:12:00,0.6,2150,38150
20240223,15:12:01,0.6,2600,38150
20240223,15:12:02,0.6,1500,38150
20240223,15:12:50,0.6,100,38150
20240223,15:12:51,0.65,100,38150
20240223,15:13:00,0.65,100,38150
20240223,15:13:04,0.65,100,38150
20240223,15:14:02,0.65,500,38150
20240223,15:19:33,0.6,50,36150
20240223,15:19:34,0.6,100,36150
20240223,15:21:21,0.6,50,36150
20240223,15:25:18,0.6,100,36050
20240223,15:25:24,0.6,100,36000
20240223,15:25:25,0.65,100,36000
20240223,15:25:49,0.6,250,35700
20240223,15:25:53,0.6,250,35700
20240223,15:25:54,0.6,250,35700
20240223,15:25:55,0.6,250,35700
20240223,15:25:56,0.6,1600,35700
20240223,15:26:08,0.6,100,35700
20240223,15:27:25,0.65,1400,35700
20240223,15:29:47,0.55,50,35700
20240226,09:15:06,0.6,1,33500
20240226,09:15:06,0.6,750,33500
20240226,09:15:07,0.6,50,33500
20240226,09:15:12,0.6,100,33500
20240226,09:15:14,0.55,100,33500
20240226,09:15:16,0.55,200,33500
20240226,09:15:28,0.55,250,33500
20240226,09:15:56,0.6,200,32400
20240226,09:16:52,0.5,200,32400
20240226,09:17:44,0.5,50,32400
20240226,09:18:52,0.5,300,32400
20240226,09:19:07,0.5,250,32200
20240226,09:20:40,0.5,1150,32200
20240226,09:24:30,0.45,50,32200
20240226,09:25:17,0.45,100,31950
20240226,09:25:20,0.5,250,31950
20240226,09:25:20,0.45,50,31950
20240226,09:26:24,0.45,50,31950
20240226,09:26:34,0.45,50,31950
20240226,09:26:52,0.45,250,31950
20240226,09:27:31,0.45,250,31950
20240226,09:28:02,0.5,400,31950
20240226,09:28:18,0.45,50,32150
20240226,09:28:19,0.45,50,32150
20240226,09:28:20,0.5,150,32150
20240226,09:31:20,0.45,250,32250
20240226,09:37:11,0.45,1150,32250
20240226,09:37:13,0.45,50,32250
20240226,09:37:19,0.45,50,32250
20240226,09:44:52,0.45,100,32250
20240226,09:46:00,0.4,1850,32250
20240226,09:46:40,0.4,600,32250
20240226,09:49:57,0.4,150,31850
20240226,09:50:13,0.4,250,31850
20240226,09:51:03,0.4,500,31850
20240226,09:53:32,0.35,250,31850
20240226,09:57:44,0.35,250,31850
20240226,09:57:49,0.35,100,31850
20240226,09:58:02,0.35,250,32100
20240226,09:58:46,0.35,250,32100
20240226,09:59:59,0.35,250,32100
20240226,10:02:07,0.35,50,32100
20240226,10:04:09,0.4,50,31850
20240226,10:05:53,0.35,100,31850
20240226,10:06:07,0.35,50,31850
20240226,10:06:20,0.35,50,31850
20240226,10:08:32,0.4,50,31850
20240226,10:19:55,0.4,700,31850
20240226,10:20:04,0.4,50,31850
20240226,10:27:09,0.35,1800,31850
20240226,10:27:22,0.35,50,31850
20240226,10:27:28,0.35,700,31850
20240226,10:30:36,0.35,900,31850
20240226,10:35:14,0.35,50,31300
20240226,10:35:15,0.35,100,31300
20240226,10:38:02,0.35,1350,31300
20240226,10:46:50,0.4,150,31300
20240226,10:55:55,0.35,1450,31800
20240226,10:55:55,0.3,5400,31800
20240226,10:55:56,0.3,3600,31800
20240226,10:58:42,0.3,1800,31400
20240226,10:58:43,0.35,1800,31400
20240226,10:58:44,0.35,3600,31400
20240226,10:58:45,0.35,1200,31400
20240226,11:06:47,0.35,50,32000
20240226,11:14:16,0.3,5000,32000
20240226,11:20:52,0.35,250,32000
20240226,11:21:16,0.35,50,36400
20240226,11:21:17,0.35,50,36400
20240226,11:22:03,0.4,1500,36400
20240226,11:37:09,0.4,1550,36700
20240226,11:37:14,0.4,1150,36700
20240226,11:42:51,0.4,50,36700
20240226,11:43:02,0.4,250,37100
20240226,11:46:37,0.4,50,37100
20240226,11:56:03,0.4,950,36850
20240226,12:02:31,0.4,250,37150
20240226,12:59:01,0.4,250,37400
20240226,12:59:13,0.35,1800,37400
20240226,13:15:05,0.3,200,37400
20240226,13:18:47,0.3,250,38250
20240226,13:33:07,0.35,850,38250
20240226,14:12:10,0.35,100,38250
20240226,14:24:40,0.35,100,37700
20240226,14:24:49,0.35,150,37700
20240226,14:24:52,0.35,50,37700
20240226,14:24:56,0.35,150,37700
20240226,14:24:57,0.35,100,37700
20240226,14:25:05,0.35,250,37700
20240226,14:25:10,0.35,50,37700
20240226,14:25:13,0.35,250,37700
20240226,14:25:13,0.35,50,37700
20240226,14:25:14,0.35,200,37700
20240226,14:25:16,0.35,50,37700
20240226,14:25:33,0.35,50,37700
20240226,14:26:31,0.35,250,37600
20240226,14:27:21,0.35,100,37600
20240226,14:30:25,0.35,250,37600
20240226,14:45:12,0.35,2700,37850
20240226,14:48:47,0.3,250,37850
20240226,14:50:41,0.3,250,38350
20240226,14:51:11,0.3,250,38350
20240226,14:51:26,0.4,500,38350
20240226,14:52:32,0.3,50,38850
20240226,14:53:11,0.3,100,38850
20240226,15:21:14,0.3,50,38850
20240226,15:24:34,0.35,50,38850
20240226,15:29:30,0.3,100,38850
20240227,09:15:03,0.35,1,38850
20240227,09:15:03,0.35,50,38850
20240227,09:15:07,0.35,800,38850
20240227,09:15:09,0.35,50,38850
20240227,09:17:16,0.25,650,38850
20240227,09:17:21,0.25,250,38850
20240227,09:19:59,0.25,50,38850
20240227,09:20:11,0.25,50,38350
20240227,09:20:14,0.25,250,38350
20240227,09:20:23,0.25,100,38350
20240227,09:20:27,0.25,250,38350
20240227,09:21:55,0.25,350,38350
20240227,09:23:10,0.25,250,38350
20240227,09:24:45,0.3,950,38350
20240227,09:27:33,0.3,50,38600
20240227,09:42:03,0.25,800,38600
20240227,09:51:43,0.35,250,38650
20240227,09:58:52,0.35,100,38650
20240227,10:00:46,0.35,100,38650
20240227,10:01:04,0.25,200,38650
20240227,10:01:45,0.35,250,38650
20240227,10:06:36,0.35,100,38650
20240227,10:11:19,0.3,1350,38650
20240227,10:14:03,0.3,250,37500
20240227,10:17:52,0.3,1050,37500
20240227,10:33:37,0.25,50,37500
20240227,10:36:14,0.35,1000,37450
20240227,10:38:49,0.3,250,37450
20240227,10:42:50,0.3,250,37450
20240227,10:50:41,0.25,5250,37450
20240227,10:56:42,0.3,50,37450
20240227,10:56:44,0.3,250,37450
20240227,11:00:04,0.3,250,37450
20240227,11:01:03,0.3,250,37450
20240227,11:01:46,0.25,250,37450
20240227,11:12:05,0.3,100,37450
20240227,11:13:41,0.3,800,37450
20240227,11:23:44,0.3,250,37450
20240227,11:38:20,0.3,100,37450
20240227,11:38:49,0.3,250,37450
20240227,11:40:09,0.3,250,37450
20240227,11:40:21,0.25,100,37450
20240227,11:40:25,0.3,250,37450
20240227,11:40:29,0.3,50,37450
20240227,11:40:39,0.3,50,37450
20240227,11:40:51,0.3,250,37450
20240227,11:41:13,0.3,50,37450
20240227,11:41:21,0.3,250,37450
20240227,11:42:01,0.25,50,37450
20240227,11:42:01,0.3,50,37450
20240227,11:42:02,0.3,50,37450
20240227,11:42:26,0.3,50,37450
20240227,11:42:37,0.25,150,37450
20240227,11:43:40,0.3,50,37450
20240227,11:44:17,0.3,50,38250
20240227,11:44:21,0.3,250,38250
20240227,11:44:23,0.3,50,38250
20240227,11:45:15,0.3,50,38250
20240227,11:45:34,0.3,50,38250
20240227,11:45:44,0.3,50,38250
20240227,11:47:38,0.3,250,38250
20240227,11:47:57,0.25,250,38200
20240227,11:48:41,0.3,50,38200
20240227,11:48:43,0.3,50,38200
20240227,11:53:27,0.25,250,38200
20240227,11:54:24,0.3,50,38200
20240227,11:54:46,0.3,1850,38200
20240227,11:57:28,0.3,250,38750
20240227,12:01:03,0.3,250,38500
20240227,12:04:30,0.35,250,38250
20240227,12:04:36,0.3,250,38250
20240227,12:05:53,0.3,250,38250
20240227,12:06:12,0.3,50,38250
20240227,12:09:01,0.3,250,38250
20240227,12:09:14,0.3,250,37700
20240227,12:11:14,0.3,100,37400
20240227,12:19:23,0.3,150,37400
20240227,12:43:16,0.3,1000,37400
20240227,12:44:00,0.3,50,37400
20240227,12:44:01,0.3,50,38050
20240227,12:48:30,0.35,1800,38050
20240227,12:48:31,0.35,1800,38050
20240227,12:49:38,0.35,1800,38850
20240227,12:50:12,0.3,100,38850
20240227,12:50:57,0.35,250,38850
20240227,12:51:03,0.35,50,38850
20240227,12:51:16,0.35,250,38850
20240227,12:51:22,0.35,250,38850
20240227,12:54:13,0.35,250,38850
20240227,12:54:25,0.35,50,38850
20240227,12:55:09,0.35,250,38850
20240227,12:55:20,0.35,250,38850
20240227,12:55:40,0.35,50,38850
20240227,12:55:55,0.35,250,38600
20240227,12:56:42,0.35,200,38600
20240227,12:56:43,0.35,50,38600
20240227,12:57:00,0.35,250,38600
20240227,12:57:01,0.35,300,38600
20240227,12:57:17,0.4,500,38600
20240227,12:57:18,0.4,3800,38600
20240227,12:57:29,0.4,950,38600
20240227,12:59:45,0.45,250,38600
20240227,13:00:24,0.45,150,38450
20240227,13:00:38,0.45,500,38450
20240227,13:01:18,0.45,1800,38450
20240227,13:01:37,0.45,250,38950
20240227,13:01:40,0.45,1800,38950
20240227,13:02:39,0.45,50,38950
20240227,13:02:51,0.4,50,38950
20240227,13:03:42,0.4,50,38950
20240227,13:03:55,0.45,250,38950
20240227,13:09:50,0.4,250,38950
20240227,13:15:21,0.4,250,38550
20240227,13:17:46,0.35,500,38550
20240227,13:19:53,0.4,250,38300
20240227,13:22:57,0.4,450,37900
20240227,13:24:15,0.4,750,37900
20240227,13:29:35,0.4,50,38350
20240227,13:33:23,0.35,50,38400
20240227,13:41:52,0.35,250,38350
20240227,13:44:49,0.35,250,38100
20240227,13:47:31,0.35,250,37850
20240227,13:50:37,0.35,250,37600
20240227,13:52:34,0.4,150,37500
20240227,13:53:23,0.4,250,37500
20240227,13:53:30,0.4,250,37500
20240227,13:53:51,0.35,50,37500
20240227,13:57:20,0.35,250,37500
20240227,13:58:55,0.4,50,37900
20240227,13:59:00,0.35,50,37750
20240227,14:04:19,0.4,250,37750
20240227,14:05:09,0.4,50,37750
20240227,14:05:13,0.35,50,37950
20240227,14:10:16,0.35,250,37950
20240227,14:11:53,0.4,150,37700
20240227,14:11:58,0.4,100,37700
20240227,14:13:10,0.4,4850,37700
20240227,14:13:11,0.4,50,37700
20240227,14:13:59,0.45,100,36300
20240227,14:14:34,0.45,1800,36300
20240227,14:14:34,0.5,2350,36300
20240227,14:14:36,0.45,150,36300
20240227,14:14:37,0.45,50,36300
20240227,14:14:41,0.45,50,36300
20240227,14:17:05,0.45,50,36300
20240227,14:17:38,0.45,50,33600
20240227,14:20:20,0.55,50,33600
20240227,14:20:43,0.55,50,33500
20240227,14:23:49,0.55,50,33500
20240227,14:24:44,0.5,400,33500
20240227,14:26:01,0.45,50,33600
20240227,14:26:21,0.55,50,33600
20240227,14:26:23,0.5,100,33600
20240227,14:27:31,0.45,50,33600
20240227,14:30:00,0.45,250,33550
20240227,14:31:00,0.45,250,33550
20240227,14:32:34,0.55,50,33550
20240227,14:33:16,0.55,50,33350
20240227,14:33:17,0.55,50,33350
20240227,14:33:21,0.4,50,33350
20240227,14:33:30,0.4,50,33350
20240227,14:34:45,0.45,50,33500
20240227,14:34:46,0.45,50,33500
20240227,14:34:55,0.45,50,33500
20240227,14:35:05,0.5,50,33500
20240227,14:35:55,0.4,50,33500
20240227,14:36:08,0.45,50,33500
20240227,14:36:09,0.45,100,33500
20240227,14:36:42,0.45,50,33500
20240227,14:37:01,0.5,50,33500
20240227,14:38:32,0.5,50,33500
20240227,14:38:51,0.4,50,33550
20240227,14:38:55,0.5,50,33550
20240227,14:39:20,0.4,50,33550
20240227,14:40:48,0.5,50,33550
20240227,14:40:52,0.4,50,33550
20240227,14:41:12,0.5,250,33550
20240227,14:41:39,0.4,50,33550
20240227,14:41:50,0.5,50,33550
20240227,14:42:08,0.4,50,33550
20240227,14:42:40,0.5,50,33550
20240227,14:42:55,0.5,50,33550
20240227,14:42:56,0.45,50,33550
20240227,14:43:24,0.45,100,33550
20240227,14:43:24,0.45,50,33550
20240227,14:43:32,0.45,50,33550
20240227,14:44:12,0.45,50,33550
20240227,14:44:53,0.5,50,33250
20240227,14:45:27,0.55,1800,33250
20240227,14:45:30,0.45,50,33250
20240227,14:45:41,0.5,800,33250
20240227,14:45:43,0.5,100,33250
20240227,14:45:44,0.5,50,33250
20240227,14:45:45,0.5,50,33250
20240227,14:46:21,0.45,1800,33250
20240227,14:46:27,0.5,100,33250
20240227,14:46:50,0.5,50,31900
20240227,14:46:55,0.5,50,31900
20240227,14:47:36,0.45,100,31900
20240227,14:49:14,0.45,50,31900
20240227,14:49:23,0.5,50,31900
20240227,14:49:57,0.5,50,31900
20240227,14:50:22,0.45,50,31900
20240227,14:51:17,0.5,50,31900
20240227,14:51:58,0.5,50,31900
20240227,14:52:39,0.45,50,31900
20240227,14:53:44,0.5,250,32000
20240227,14:54:17,0.5,50,32000
20240227,14:54:22,0.5,50,32000
20240227,14:54:57,0.45,50,32000
20240227,14:55:33,0.5,50,32000
20240227,14:56:19,0.45,100,32300
20240227,14:56:26,0.5,100,32300
20240227,14:58:50,0.5,50,32300
20240227,15:00:00,0.55,500,32300
20240227,15:00:23,0.5,50,32300
20240227,15:00:41,0.55,200,32300
20240227,15:02:01,0.5,50,32850
20240227,15:02:05,0.5,50,32850
20240227,15:02:34,0.55,50,32850
20240227,15:02:53,0.55,50,32850
20240227,15:02:56,0.55,50,32850
20240227,15:03:01,0.5,50,32850
20240227,15:03:13,0.55,50,32850
20240227,15:03:49,0.55,200,32850
20240227,15:05:08,0.5,100,32850
20240227,15:05:53,0.6,50,32850
20240227,15:06:44,0.6,50,32850
20240227,15:07:23,0.6,50,32850
20240227,15:07:25,0.6,50,32850
20240227,15:08:45,0.65,50,32850
20240227,15:08:46,0.65,50,32700
20240227,15:08:52,0.65,150,32700
20240227,15:09:14,0.55,50,32700
20240227,15:09:21,0.65,250,32700
20240227,15:09:22,0.65,100,32700
20240227,15:09:33,0.7,50,32700
20240227,15:11:02,0.7,50,33150
20240227,15:11:02,0.6,50,33150
20240227,15:11:03,0.6,50,33150
20240227,15:11:05,0.6,50,33150
20240227,15:11:11,0.65,50,33150
20240227,15:11:57,0.6,50,33150
20240227,15:12:59,0.6,100,33150
20240227,15:13:07,0.6,200,33150
20240227,15:13:12,0.65,100,33150
20240227,15:13:16,0.6,500,33150
20240227,15:13:25,0.6,50,33150
20240227,15:14:28,0.5,50,33100
20240227,15:14:29,0.55,350,33100
20240227,15:18:38,0.55,100,33050
20240227,15:18:50,0.6,100,33050
20240227,15:18:52,0.65,150,33050
20240227,15:18:55,0.65,50,33050
20240227,15:18:57,0.6,200,33050
20240227,15:18:58,0.6,100,33050
20240227,15:18:59,0.65,50,33050
20240227,15:19:01,0.6,100,33050
20240227,15:19:05,0.6,50,33050
20240227,15:19:06,0.65,100,33050
20240227,15:19:10,0.65,50,33050
20240227,15:19:14,0.6,50,33050
20240227,15:19:43,0.6,50,33050
20240227,15:21:00,0.55,1600,32450
20240227,15:21:05,0.55,50,32450
20240227,15:21:06,0.55,50,32450
20240227,15:21:07,0.55,100,32450
20240227,15:21:08,0.55,50,32450
20240227,15:21:15,0.55,50,32450
20240227,15:21:21,0.55,50,32450
20240227,15:22:08,0.55,50,32450
20240227,15:22:18,0.55,500,32450
20240227,15:23:50,0.55,250,32450
20240227,15:24:27,0.5,100,31850
20240227,15:24:28,0.5,50,31850
20240227,15:24:54,0.55,50,31850
20240227,15:24:58,0.55,50,31850
20240227,15:25:05,0.5,50,31850
20240227,15:25:23,0.45,100,31850
20240227,15:25:25,0.55,50,31850
20240227,15:27:39,0.5,50,31850
20240227,15:28:32,0.55,50,31650
20240227,15:29:32,0.65,100,31600
20240228,09:15:02,0.6,1,31600
20240228,09:15:02,0.6,50,31600
20240228,09:15:04,0.6,50,31600
20240228,09:15:05,0.55,50,31600
20240228,09:15:07,0.65,150,31600
20240228,09:15:07,0.55,150,31600
20240228,09:15:17,0.65,50,31600
20240228,09:15:18,0.45,50,31600
20240228,09:16:04,0.45,100,31600
20240228,09:16:16,0.45,200,31600
20240228,09:19:36,0.4,50,31700
20240228,09:20:47,0.4,50,31700
20240228,09:21:06,0.4,300,31700
20240228,09:22:25,0.4,650,31600
20240228,09:26:42,0.4,200,31400
20240228,09:26:43,0.4,50,31400
20240228,09:26:44,0.4,50,31400
20240228,09:26:45,0.4,50,31400
20240228,09:26:46,0.4,50,31400
20240228,09:26:49,0.4,50,31400
20240228,09:26:58,0.4,50,31400
20240228,09:27:01,0.35,250,31400
20240228,09:27:24,0.35,50,31400
20240228,09:28:56,0.3,100,31400
20240228,09:29:21,0.3,50,31700
20240228,09:32:16,0.4,1500,31700
20240228,09:32:18,0.4,300,31800
20240228,09:33:33,0.45,50,31800
20240228,09:33:37,0.35,50,31800
20240228,09:35:44,0.35,1800,31800
20240228,09:39:09,0.35,750,33650
20240228,09:41:28,0.35,50,31600
20240228,09:41:29,0.35,50,31600
20240228,09:41:30,0.35,50,31600
20240228,09:41:31,0.35,50,31600
20240228,09:41:55,0.35,50,31600
20240228,09:42:56,0.35,700,31650
20240228,09:48:24,0.35,350,32100
20240228,09:49:32,0.3,50,32450
20240228,09:55:10,0.35,300,32450
20240228,09:58:06,0.3,250,32450
20240228,10:02:35,0.3,1800,32750
20240228,10:03:27,0.3,2100,33000
20240228,10:03:28,0.3,250,33000
20240228,10:26:46,0.3,50,34300
20240228,10:50:02,0.3,250,34250
20240228,10:50:02,0.3,50,34250
20240228,10:52:41,0.3,750,34250
20240228,10:59:24,0.25,250,34150
20240228,10:59:51,0.25,500,34350
20240228,11:00:00,0.25,550,34350
20240228,11:05:25,0.25,1500,34850
20240228,11:05:40,0.25,50,34850
20240228,11:06:52,0.25,50,34850
20240228,11:07:06,0.25,1200,34850
20240228,11:29:52,0.25,50,36050
20240228,11:29:58,0.25,50,36050
20240228,11:30:07,0.25,400,36050
20240228,11:30:11,0.25,500,36050
20240228,11:33:52,0.3,1500,36050
20240228,11:36:17,0.3,50,36050
20240228,11:39:11,0.3,50,36450
20240228,11:40:50,0.25,250,36450
20240228,11:55:15,0.3,50,36450
20240228,12:01:05,0.25,500,36500
20240228,12:01:05,0.25,1800,36500
20240228,12:07:39,0.25,250,37950
20240228,12:14:37,0.25,50,37950
20240228,12:15:26,0.25,250,37850
20240228,12:29:48,0.3,50,37850
20240228,12:41:10,0.25,300,37850
20240228,12:41:38,0.25,550,37850
20240228,12:42:49,0.25,250,37850
20240228,12:48:55,0.25,100,37600
20240228,12:49:27,0.25,50,37600
20240228,13:09:45,0.2,500,37600
20240228,13:10:03,0.2,500,37600
20240228,13:24:25,0.2,1900,37600
20240228,13:25:43,0.2,450,37600
20240228,13:27:06,0.2,100,37600
20240228,13:27:38,0.25,100,37600
20240228,13:32:11,0.2,250,37600
20240228,13:37:57,0.2,250,37850
20240228,13:42:12,0.2,200,37850
20240228,13:42:13,0.3,3150,38100
20240228,13:44:47,0.25,200,38100
20240228,13:44:57,0.25,250,36650
20240228,13:50:20,0.25,250,36900
20240228,13:50:23,0.25,700,36900
20240228,13:57:31,0.25,650,36900
20240228,13:57:33,0.25,100,36900
20240228,14:03:46,0.2,200,36900
20240228,14:07:21,0.25,600,36450
20240228,14:14:07,0.2,250,36450
20240228,14:26:50,0.25,200,36450
20240228,14:34:20,0.2,250,36450
20240228,14:37:06,0.2,250,36700
20240228,14:37:49,0.2,250,36700
20240228,14:40:05,0.25,50,36950
20240228,14:42:28,0.2,250,36950
20240228,14:51:31,0.25,50,37450
20240228,14:55:18,0.15,200,37450
20240228,14:57:28,0.15,950,37450
20240228,14:57:28,0.15,700,37650
20240228,15:01:05,0.15,50,37650
20240228,15:01:05,0.15,50,36950
20240228,15:01:15,0.15,50,36950
20240228,15:02:39,0.15,250,36950
20240228,15:02:46,0.15,50,37000
20240228,15:04:05,0.15,1450,37000
20240228,15:04:06,0.15,300,37000
20240228,15:05:07,0.15,50,37000
20240228,15:06:13,0.15,1800,38950
20240228,15:06:27,0.15,250,38950
20240228,15:08:56,0.15,300,38950
20240228,15:09:59,0.15,250,38950
20240228,15:10:04,0.15,300,38950
20240228,15:10:12,0.15,350,38950
20240228,15:10:19,0.15,250,38950
20240228,15:10:22,0.15,250,38950
20240228,15:10:25,0.15,500,38950
20240228,15:10:27,0.15,450,38950
20240228,15:10:31,0.15,250,38950
20240228,15:10:32,0.15,250,38950
20240228,15:10:52,0.15,300,38950
20240228,15:10:56,0.15,350,42100
20240228,15:13:44,0.15,50,42100
20240228,15:15:02,0.15,150,42100
20240228,15:15:13,0.1,200,42400
20240228,15:15:18,0.1,50,42400
20240228,15:15:29,0.2,50,42400
20240228,15:17:16,0.1,150,42400
20240228,15:18:43,0.2,50,42400
20240228,15:24:29,0.1,250,42400
20240228,15:25:00,0.1,100,42400
20240228,15:25:04,0.2,200,42400
20240228,15:25:21,0.1,50,42400
20240228,15:25:24,0.1,100,42400
20240228,15:25:37,0.1,100,42400
20240228,15:25:39,0.1,50,42400
20240228,15:26:04,0.15,50,42300
20240228,15:28:14,0.1,100,42300
20240228,15:28:23,0.1,200,42300
20240228,15:29:30,0.1,400,42300
20240228,15:29:31,0.1,200,42300
20240228,15:29:33,0.1,1800,42300
20240228,15:29:44,0.1,1800,42300
20240228,15:29:52,0.1,1800,42300
20240229,09:15:03,0.1,1,42300
20240229,09:15:03,0.2,1300,42300
20240229,09:15:04,0.1,50,42300
20240229,09:15:05,0.2,1800,42300
20240229,09:15:15,0.15,200,42300
20240229,09:15:17,0.15,350,42300
20240229,09:15:21,0.15,250,42300
20240229,09:15:22,0.1,2700,42300
20240229,09:15:23,0.2,1950,42300
20240229,09:15:25,0.1,50,42300
20240229,09:15:27,0.1,150,42300
20240229,09:15:28,0.1,200,42300
20240229,09:15:31,0.1,1800,42300
20240229,09:15:34,0.1,1800,42300
20240229,09:15:38,0.1,300,42300
20240229,09:15:39,0.1,450,42300
20240229,09:15:58,0.05,300,42300
20240229,09:16:19,0.05,1800,43650
20240229,09:16:20,0.15,4000,43650
20240229,09:16:22,0.1,1600,43650
20240229,09:16:23,0.15,1250,43650
20240229,09:16:26,0.15,250,43650
20240229,09:16:29,0.15,350,43650
20240229,09:16:44,0.1,700,43650
20240229,09:17:42,0.15,2350,43650
20240229,09:17:49,0.15,300,43650
20240229,09:17:50,0.15,50,43650
20240229,09:17:59,0.15,250,43650
20240229,09:18:38,0.15,50,43650
20240229,09:18:47,0.15,50,43650
20240229,09:18:52,0.15,200,43650
20240229,09:19:00,0.15,250,43650
20240229,09:19:01,0.15,50,43650
20240229,09:19:04,0.15,350,38150
20240229,09:19:50,0.15,100,38150
20240229,09:20:14,0.15,200,38150
20240229,09:21:49,0.2,50,38150
20240229,09:22:13,0.15,50,37900
20240229,09:23:44,0.2,50,37900
20240229,09:23:57,0.15,2200,37900
20240229,09:24:04,0.15,250,37900
20240229,09:24:57,0.15,400,37900
20240229,09:25:24,0.1,300,37900
20240229,09:25:41,0.15,2050,35850
20240229,09:26:43,0.15,650,35850
20240229,09:26:44,0.15,10800,35850
20240229,09:26:45,0.15,1100,35850
20240229,09:27:47,0.2,1000,35850
20240229,09:28:22,0.25,50,35750
20240229,09:28:26,0.25,150,35750
20240229,09:29:42,0.2,450,35750
20240229,09:31:39,0.2,50,35800
20240229,09:32:53,0.2,250,35800
20240229,09:33:05,0.2,250,35800
20240229,09:33:08,0.2,300,35800
20240229,09:33:40,0.2,250,35800
20240229,09:34:12,0.2,250,36850
20240229,09:39:04,0.25,50,37100
20240229,09:39:44,0.25,50,37100
20240229,09:39:53,0.25,50,37100
20240229,09:40:59,0.25,50,37100
20240229,09:41:29,0.2,100,37100
20240229,09:41:37,0.25,700,37100
20240229,09:41:48,0.2,50,37100
20240229,09:41:50,0.25,1000,37100
20240229,09:41:51,0.25,1800,37100
20240229,09:43:48,0.25,1800,37100
20240229,09:43:57,0.25,1800,39200
20240229,09:44:07,0.3,50,39200
20240229,09:44:29,0.3,1200,39200
20240229,09:44:48,0.3,1800,39200
20240229,09:45:07,0.3,50,39200
20240229,09:47:00,0.2,700,44850
20240229,09:47:46,0.25,250,44850
20240229,09:48:19,0.2,150,44850
20240229,09:49:54,0.3,50,44850
20240229,09:49:55,0.3,50,45200
20240229,09:50:15,0.2,100,45200
20240229,09:50:26,0.2,750,45200
20240229,09:53:23,0.3,50,45200
20240229,09:54:19,0.3,50,45300
20240229,09:55:22,0.2,250,45300
20240229,09:56:49,0.3,200,45300
20240229,09:56:58,0.2,100,45300
20240229,09:58:25,0.2,850,45300
20240229,10:01:08,0.25,450,46150
20240229,10:01:43,0.3,450,46150
20240229,10:07:23,0.25,250,46150
20240229,10:09:32,0.2,200,46150
20240229,10:12:11,0.2,250,46150
20240229,10:14:10,0.2,2850,46650
20240229,10:15:15,0.2,50,46650
20240229,10:15:31,0.15,150,46650
20240229,10:15:38,0.1,700,46650
20240229,10:16:04,0.15,300,46650
20240229,10:16:08,0.15,200,46650
20240229,10:16:15,0.15,200,44300
20240229,10:16:28,0.15,50,44300
20240229,10:16:43,0.2,50,44300
20240229,10:34:34,0.2,1500,44300
20240229,10:36:28,0.2,50,44300
20240229,10:40:10,0.15,50,44300
20240229,10:46:27,0.2,300,44250
20240229,10:49:09,0.15,300,44250
20240229,11:01:25,0.15,50,44250
20240229,11:06:11,0.15,100,44000
20240229,11:10:26,0.2,100,43900
20240229,11:11:12,0.15,100,43900
20240229,11:11:38,0.15,150,43900
20240229,11:16:00,0.15,50,43900
20240229,11:17:27,0.15,100,43700
20240229,11:17:54,0.15,550,43700
20240229,11:20:25,0.15,300,43050
20240229,11:22:59,0.2,700,43050
20240229,11:24:58,0.15,50,42750
20240229,11:25:29,0.2,350,42750
20240229,11:27:04,0.2,700,42700
20240229,11:27:04,0.2,1800,42700
20240229,11:32:54,0.15,1800,42700
20240229,11:32:56,0.2,50,42700
20240229,11:32:58,0.2,950,42700
20240229,11:33:19,0.2,50,42700
20240229,11:35:54,0.25,150,41100
20240229,11:35:56,0.25,350,41100
20240229,11:35:57,0.25,350,41100
20240229,11:35:59,0.2,50,41100
20240229,11:36:57,0.2,1800,41100
20240229,11:37:27,0.2,200,41100
20240229,11:37:31,0.2,100,42800
20240229,11:37:35,0.2,100,42800
20240229,11:37:40,0.2,50,42800
20240229,11:37:44,0.2,50,42800
20240229,11:40:00,0.2,400,42800
20240229,11:46:02,0.25,50,43450
20240229,11:46:44,0.2,50,43450
20240229,11:48:08,0.2,50,43500
20240229,11:52:12,0.25,50,43550
20240229,11:53:44,0.25,50,43600
20240229,11:54:16,0.2,550,43600
20240229,11:55:01,0.2,2500,43600
20240229,11:56:08,0.2,50,43650
20240229,11:58:43,0.2,50,43650
20240229,11:58:50,0.2,300,43650
20240229,12:05:15,0.2,250,44000
20240229,12:07:54,0.2,250,44250
20240229,12:08:52,0.2,250,44250
20240229,12:09:18,0.2,250,44250
20240229,12:09:31,0.2,250,44250
20240229,12:09:36,0.2,400,44250
20240229,12:11:17,0.2,700,45450
20240229,12:18:05,0.2,50,45250
20240229,12:20:41,0.25,1000,45250
20240229,12:22:42,0.25,50,45500
20240229,12:25:01,0.2,250,45500
20240229,12:27:56,0.25,1850,45600
20240229,12:28:45,0.2,1850,45600
20240229,12:39:53,0.2,50,45600
20240229,12:41:11,0.25,50,45600
20240229,12:41:26,0.2,50,45600
20240229,12:41:37,0.2,50,45600
20240229,12:43:06,0.2,550,45600
20240229,12:43:28,0.2,1800,45600
20240229,12:50:16,0.2,100,47450
20240229,12:50:37,0.2,100,47450
20240229,12:50:58,0.2,100,47450
20240229,12:59:54,0.2,800,47750
20240229,13:00:21,0.2,1000,47750
20240229,13:00:33,0.2,200,47750
20240229,13:02:31,0.2,50,47750
20240229,13:03:08,0.2,1000,49750
20240229,13:03:09,0.2,800,49750
20240229,13:03:10,0.2,3500,49750
20240229,13:08:11,0.2,3000,49750
20240229,13:10:17,0.2,500,54850
20240229,13:12:41,0.2,100,54850
20240229,13:12:55,0.2,100,58350
20240229,13:17:36,0.2,1800,58550
20240229,13:18:14,0.2,300,58550
20240229,13:18:17,0.2,900,58550
20240229,13:18:40,0.2,1000,58550
20240229,13:19:20,0.2,600,58550
20240229,13:19:25,0.2,900,58550
20240229,13:19:28,0.2,200,58550
20240229,13:19:30,0.2,200,58550
20240229,13:19:31,0.2,200,58550
20240229,13:19:42,0.2,2750,58550
20240229,13:22:04,0.2,50,64650
20240229,13:25:08,0.2,950,64550
20240229,13:34:08,0.15,750,63600
20240229,13:39:17,0.2,50,62850
20240229,13:43:30,0.2,50,62850
20240229,13:43:50,0.2,50,62850
20240229,13:44:02,0.2,50,62850
20240229,13:50:54,0.15,800,62850
20240229,13:55:23,0.15,1800,62850
20240229,13:55:23,0.15,5400,62050
20240229,13:55:24,0.15,550,62050
20240229,13:56:28,0.15,250,56900
20240229,13:58:07,0.1,16000,56900
20240229,13:59:09,0.1,250,56900
20240229,14:00:09,0.1,500,47650
20240229,14:00:32,0.1,250,47650
20240229,14:03:30,0.05,100,46650
20240229,14:06:48,0.05,50,46650
20240229,14:09:42,0.05,1800,46650
20240229,14:09:43,0.05,10800,46650
20240229,14:09:44,0.05,1650,46650
20240229,14:09:55,0.05,1800,46650
20240229,14:09:56,0.05,1800,46650
20240229,14:12:24,0.05,350,46650
20240229,14:14:17,0.1,500,40300
20240229,14:15:34,0.1,850,40300
20240229,14:17:20,0.05,50,39800
20240229,14:18:04,0.1,300,39800
20240229,14:28:48,0.05,3300,39500
20240229,14:28:51,0.05,200,37400
20240229,14:28:52,0.05,400,37400
20240229,14:29:18,0.05,100,37400
20240229,14:29:22,0.05,500,37400
20240229,14:32:49,0.05,400,37400
20240229,14:32:52,0.05,1900,35200
20240229,14:32:52,0.05,300,35200
20240229,14:32:54,0.05,350,35200
20240229,14:32:54,0.05,1400,35200
20240229,14:32:55,0.05,550,35200
20240229,14:32:56,0.05,850,35200
20240229,14:32:58,0.1,550,35200
20240229,14:39:06,0.05,50,34200
20240229,14:42:53,0.1,50,34200
20240229,15:01:53,0.1,900,34150
20240229,15:18:41,0.05,700,34150
20240229,15:19:06,0.05,400,34150
