date,time,tick_price,volume,open_interest
20240123,12:05:21,3.05,50,50
20240123,12:06:03,3.1,50,50
20240123,14:05:44,3.05,100,150
20240123,14:40:10,6.55,500,250
20240124,15:08:16,3.05,1,750
20240124,15:08:16,3.05,50,750
20240125,09:46:16,8.0,1,800
20240125,09:46:16,7.45,600,800
20240125,09:49:28,6.75,300,900
20240125,09:54:40,6.75,50,1200
20240125,09:55:22,7.0,50,1200
20240125,10:03:46,8.25,50,1300
20240125,10:05:56,8.25,250,1300
20240125,10:21:39,8.25,250,1550
20240125,10:22:31,4.7,50,1550
20240125,10:26:18,5.1,50,1700
20240125,10:26:29,6.3,50,1700
20240125,10:29:09,7.25,200,1700
20240125,10:31:35,7.3,50,1900
20240125,11:30:51,8.15,50,1950
20240125,11:43:29,6.0,50,1950
20240125,11:47:21,7.0,50,2000
20240125,11:49:56,5.95,50,2050
20240125,11:50:19,5.95,50,2050
20240125,11:52:39,5.95,50,2150
20240125,11:53:09,5.9,50,2150
20240125,11:53:50,5.85,50,2150
20240125,11:58:12,5.85,100,2250
20240125,12:00:12,5.6,100,2250
20240125,12:05:05,6.6,500,2450
20240125,12:08:40,5.6,150,2950
20240125,12:11:50,5.55,50,3100
20240125,12:12:09,5.4,50,3100
20240125,12:12:20,5.4,50,3100
20240125,12:15:01,6.95,50,3250
20240125,12:19:10,5.4,50,3250
20240125,12:19:20,5.4,100,3250
20240125,12:23:57,5.35,200,3400
20240125,12:24:16,5.35,50,3400
20240125,12:25:13,5.3,50,3650
20240125,12:27:07,6.3,50,3650
20240125,12:30:11,6.15,50,3750
20240125,12:30:20,5.1,100,3750
20240125,12:30:29,5.1,500,3750
20240125,12:35:05,3.5,1100,4400
20240125,12:35:15,3.5,250,4400
20240125,12:35:26,5.55,50,4400
20240125,12:35:54,5.5,50,4400
20240125,12:36:03,5.45,1150,4400
20240125,12:36:13,5.45,50,4400
20240125,12:36:42,5.45,100,7050
20240125,12:37:00,5.25,50,7050
20240125,12:37:09,5.25,600,7050
20240125,12:37:18,5.25,400,7050
20240125,12:37:37,5.25,50,7050
20240125,12:38:13,5.2,100,7050
20240125,12:38:22,5.15,100,7050
20240125,12:38:31,5.5,1150,7050
20240125,12:39:37,5.3,50,7050
20240125,12:40:56,5.35,100,6150
20240125,12:42:20,5.35,250,6150
20240125,12:43:25,5.75,50,6500
20240125,12:43:43,5.8,100,6500
20240125,12:45:05,5.3,150,6500
20240125,12:46:44,5.35,100,6650
20240125,12:47:10,5.3,50,6650
20240125,12:48:03,5.3,50,6650
20240125,12:48:31,5.3,50,6650
20240125,12:48:50,5.1,50,6900
20240125,12:49:00,4.95,350,6900
20240125,12:49:10,5.35,50,6900
20240125,12:49:20,5.35,100,6900
20240125,12:49:57,5.3,50,6900
20240125,12:51:54,5.25,50,7500
20240125,12:53:16,5.2,100,7500
20240125,12:53:24,5.2,50,7500
20240125,12:53:41,5.2,50,7500
20240125,12:53:51,5.2,50,7500
20240125,12:54:00,5.2,50,7500
20240125,12:54:55,5.2,50,7850
20240125,12:55:23,5.2,100,7850
20240125,12:55:32,5.2,400,7850
20240125,12:55:59,5.2,50,7850
20240125,12:56:18,5.2,50,7850
20240125,12:56:28,5.2,350,7850
20240125,12:56:37,5.2,450,7850
20240125,12:56:46,5.2,150,7850
20240125,12:57:14,5.25,50,7850
20240125,12:57:23,5.25,250,7850
20240125,12:57:32,5.25,150,7850
20240125,12:58:00,5.2,100,9750
20240125,12:58:10,5.25,150,9750
20240125,12:58:56,5.25,400,9750
20240125,12:59:29,5.25,1250,9750
20240125,12:59:39,5.25,950,9750
20240125,13:00:00,5.2,50,9750
20240125,13:00:11,5.25,150,9750
20240125,13:00:52,5.15,300,12550
20240125,13:01:01,5.15,550,12550
20240125,13:01:11,5.15,100,12550
20240125,13:02:37,5.15,50,12550
20240125,13:05:51,5.1,250,13550
20240125,13:08:31,5.4,100,13700
20240125,13:11:47,5.1,50,13700
20240125,13:11:56,5.5,300,13700
20240125,13:12:42,5.15,50,13700
20240125,13:13:28,5.1,50,13550
20240125,13:13:46,5.1,50,13550
20240125,13:13:56,5.1,50,13550
20240125,13:14:05,5.05,100,13550
20240125,13:14:25,5.05,50,13550
20240125,13:22:02,4.95,50,13800
20240125,13:25:49,5.0,50,13850
20240125,13:25:58,5.0,50,13850
20240125,13:26:26,5.0,50,13850
20240125,13:26:35,5.0,50,13850
20240125,13:28:49,5.0,50,14050
20240125,13:40:50,5.0,50,14100
20240125,13:41:08,4.95,50,14100
20240125,13:41:16,4.95,50,14100
20240125,13:41:24,5.0,50,14100
20240125,13:41:33,5.0,50,14100
20240125,13:41:50,4.95,50,14100
20240125,13:42:41,5.0,50,14100
20240125,13:42:49,5.15,50,14450
20240125,13:43:06,4.95,50,14450
20240125,13:46:27,4.9,50,14500
20240125,13:46:35,4.8,150,14500
20240125,13:46:53,4.75,50,14500
20240125,13:47:54,4.6,250,14500
20240125,13:48:52,4.75,50,14800
20240125,13:49:11,4.7,200,14800
20240125,13:50:08,4.65,150,14800
20240125,13:50:39,4.85,50,14800
20240125,13:50:48,4.5,50,14800
20240125,13:53:36,4.95,100,14900
20240125,13:53:46,4.5,50,14900
20240125,13:56:37,4.4,50,14950
20240125,13:59:35,5.0,1500,15000
20240125,13:59:45,5.0,1500,15000
20240125,14:02:07,4.4,400,15000
20240125,14:02:16,4.4,900,15000
20240125,14:02:25,4.4,50,15000
20240125,14:02:34,4.45,50,15000
20240125,14:03:01,4.45,50,15000
20240125,14:03:10,4.45,350,15000
20240125,14:03:28,4.45,50,15000
20240125,14:03:37,4.45,50,15000
20240125,14:04:05,4.45,200,16900
20240125,14:04:14,4.45,50,16900
20240125,14:04:23,4.45,50,16900
20240125,14:04:32,4.45,50,16900
20240125,14:04:41,4.45,100,16900
20240125,14:04:59,4.45,250,16900
20240125,14:05:08,4.45,300,16900
20240125,14:05:17,4.35,1200,16900
20240125,14:05:26,4.3,2300,16900
20240125,14:05:35,4.3,1600,16900
20240125,14:05:44,4.25,550,16900
20240125,14:05:53,4.2,1950,16900
20240125,14:06:03,4.25,950,16900
20240125,14:06:12,4.2,50,16900
20240125,14:06:21,4.25,200,16900
20240125,14:06:31,4.2,200,16900
20240125,14:06:51,4.2,250,18800
20240125,14:07:00,4.2,1500,18800
20240125,14:07:09,4.2,100,18800
20240125,14:07:18,4.25,150,18800
20240125,14:07:28,4.2,500,18800
20240125,14:09:20,4.1,900,18800
20240125,14:09:29,4.1,200,18800
20240125,14:09:38,4.1,100,18800
20240125,14:09:48,4.1,100,20900
20240125,14:09:57,4.1,50,20900
20240125,14:10:33,4.1,100,20900
20240125,14:10:42,4.1,100,20900
20240125,14:10:52,4.1,750,20900
20240125,14:11:01,4.1,500,20900
20240125,14:11:10,4.1,650,20900
20240125,14:11:19,4.1,400,20900
20240125,14:11:28,4.1,200,20900
20240125,14:11:36,4.1,450,20900
20240125,14:11:45,4.1,150,20900
20240125,14:11:54,4.1,50,20900
20240125,14:12:03,4.1,250,20900
20240125,14:12:12,4.1,50,20900
20240125,14:12:21,4.1,50,20900
20240125,14:12:30,4.15,200,20900
20240125,14:12:39,4.15,50,20900
20240125,14:12:57,4.15,150,24600
20240125,14:13:06,4.15,50,24600
20240125,14:13:24,4.15,150,24600
20240125,14:14:10,4.15,900,24600
20240125,14:14:49,4.2,250,24600
20240125,14:14:58,4.3,50,24600
20240125,14:15:07,4.3,150,24600
20240125,14:15:17,4.3,50,24600
20240125,14:15:26,4.3,150,24600
20240125,14:15:36,4.3,50,24600
20240125,14:15:46,4.35,1250,24600
20240125,14:15:55,4.35,750,26750
20240125,14:16:05,4.35,200,26750
20240125,14:16:14,4.35,100,26750
20240125,14:16:23,4.35,50,26750
20240125,14:16:32,4.35,100,26750
20240125,14:16:41,4.4,150,26750
20240125,14:16:51,4.4,50,26750
20240125,14:17:00,4.5,250,26750
20240125,14:17:09,4.4,100,26750
20240125,14:17:18,4.4,100,26750
20240125,14:17:28,4.4,350,26750
20240125,14:17:37,4.4,1500,26750
20240125,14:17:47,4.5,300,26750
20240125,14:17:56,4.35,550,26750
20240125,14:18:06,4.35,700,26750
20240125,14:18:17,4.4,1350,26750
20240125,14:18:28,4.35,950,26750
20240125,14:18:37,4.35,400,26750
20240125,14:18:56,4.35,200,31750
20240125,14:21:18,4.3,650,31750
20240125,14:22:29,4.35,900,32500
20240125,14:22:38,4.35,200,32500
20240125,14:22:56,4.35,200,32500
20240125,14:23:05,4.35,50,32500
20240125,14:23:40,4.3,100,32500
20240125,14:23:49,4.3,250,32500
20240125,14:23:58,4.25,350,32500
20240125,14:24:07,4.4,200,32500
20240125,14:24:16,4.3,350,32500
20240125,14:24:24,4.25,200,32500
20240125,14:24:33,4.25,150,32500
20240125,14:24:42,4.25,100,32500
20240125,14:24:50,4.25,100,33250
20240125,14:24:59,4.25,100,33250
20240125,14:25:07,4.15,50,33250
20240125,14:25:42,4.3,100,33250
20240125,14:25:51,4.3,100,33250
20240125,14:26:50,4.3,100,33250
20240125,14:28:04,4.3,50,33800
20240125,14:29:17,4.3,100,33800
20240125,14:29:44,4.35,100,33800
20240125,14:30:12,4.35,50,33800
20240125,14:32:31,4.4,100,34050
20240125,14:33:09,4.45,1900,34050
20240125,14:36:22,4.4,600,35000
20240125,14:36:31,4.35,700,35000
20240125,14:36:40,4.35,1100,35000
20240125,14:36:49,4.35,850,35000
20240125,14:36:59,4.35,950,36950
20240125,14:37:08,4.35,300,36950
20240125,14:37:16,4.35,50,36950
20240125,14:37:33,4.35,250,36950
20240125,14:37:42,4.35,150,36950
20240125,14:37:50,4.3,1300,36950
20240125,14:37:59,4.3,650,36950
20240125,14:38:08,4.3,900,36950
20240125,14:38:16,4.35,650,36950
20240125,14:38:25,4.4,250,36950
20240125,14:38:34,4.4,150,36950
20240125,14:38:44,4.35,400,36950
20240125,14:38:54,4.35,1200,36950
20240125,14:39:04,4.35,1050,36950
20240125,14:39:14,4.35,950,36950
20240125,14:43:54,4.4,200,46000
20240125,14:47:10,4.3,50,46200
20240125,14:47:19,4.3,150,46200
20240125,14:47:28,4.25,300,46200
20240125,14:47:37,4.25,250,46200
20240125,14:47:46,4.25,250,46200
20240125,14:47:54,4.25,150,46200
20240125,14:48:03,4.2,100,46200
20240125,14:48:20,4.2,50,46200
20240125,14:48:47,4.2,100,46200
20240125,14:51:22,4.0,50,47400
20240125,14:51:30,4.0,50,47400
20240125,14:51:48,4.15,250,47400
20240125,14:52:15,4.15,350,47750
20240125,14:52:23,4.15,150,47750
20240125,14:52:32,4.15,50,47750
20240125,14:53:45,4.15,50,47750
20240125,14:56:14,4.05,200,48300
20240125,14:58:35,4.2,50,48500
20240125,15:01:01,4.05,300,48500
20240125,15:07:01,3.55,1800,48200
20240125,15:08:45,3.7,100,48200
20240125,15:09:17,3.75,150,48200
20240125,15:09:28,3.75,50,48200
20240125,15:12:56,3.9,250,48050
20240125,15:13:27,3.9,300,48050
20240125,15:18:05,3.8,800,48050
20240125,15:19:59,3.75,250,48050
20240125,15:23:21,3.8,1300,48050
20240125,15:24:33,3.85,500,48050
20240125,15:27:45,4.2,200,48050
20240125,15:27:57,4.25,300,48050
20240125,15:28:07,4.2,50,47550
20240125,15:28:29,4.25,150,47550
20240125,15:29:30,4.25,300,47550
20240125,15:29:42,4.25,50,47550
20240129,09:15:22,3.95,1,47400
20240129,09:15:22,3.95,500,47400
20240129,09:15:30,3.95,150,47400
20240129,09:16:16,3.95,300,47400
20240129,09:17:02,4.15,2550,47400
20240129,09:18:05,3.95,1350,47400
20240129,09:18:24,3.95,100,47400
20240129,09:21:07,3.9,250,47400
20240129,09:21:27,3.9,300,47400
20240129,09:22:12,3.9,350,47400
20240129,09:22:21,3.9,50,47400
20240129,09:22:29,3.85,350,47400
20240129,09:23:03,3.85,1550,47400
20240129,09:24:59,3.7,600,47400
20240129,09:25:10,3.7,150,47400
20240129,09:25:59,3.7,1100,47400
20240129,09:27:50,3.75,50,47400
20240129,09:33:04,3.85,50,47400
20240129,09:33:43,3.8,150,47400
20240129,09:34:18,3.75,400,47400
20240129,09:38:15,4.55,500,47400
20240129,09:57:06,4.55,100,47400
20240129,09:57:45,3.75,1100,47400
20240129,09:57:55,3.75,50,47400
20240129,09:58:36,3.75,250,47400
20240129,10:02:10,3.75,300,47400
20240129,10:02:51,3.7,50,47400
20240129,10:03:48,3.75,300,47400
20240129,10:04:52,3.85,50,47400
20240129,11:24:55,3.85,50,47400
20240129,11:52:53,3.7,250,47400
20240129,11:53:01,3.7,200,47400
20240129,11:57:45,3.85,1200,47400
20240129,11:59:59,3.85,250,47400
20240129,12:08:49,3.85,50,47400
20240129,13:04:15,3.6,1800,47400
20240129,13:07:45,3.6,300,47400
20240129,13:09:38,3.85,250,47400
20240129,13:09:57,3.9,250,47400
20240129,13:13:36,3.9,1600,47400
20240129,13:13:47,3.9,200,47400
20240129,13:15:01,3.95,200,47500
20240129,13:21:58,3.95,300,47400
20240129,13:24:21,3.95,50,47400
20240129,13:24:30,3.9,50,47400
20240129,13:33:56,4.0,2050,47400
20240129,13:34:57,4.05,750,47400
20240129,13:36:03,4.05,1400,47400
20240129,13:36:21,4.1,550,47400
20240129,13:36:54,4.15,850,47400
20240129,13:38:44,4.1,200,47400
20240129,13:39:01,4.15,1400,47650
20240129,13:39:19,4.15,200,47650
20240129,13:39:27,4.15,1400,47650
20240129,13:39:52,4.2,2800,47650
20240129,13:51:14,4.15,50,47550
20240129,13:56:07,4.1,50,47550
20240129,14:05:34,4.1,1400,47550
20240129,14:06:52,4.1,1400,47550
20240129,14:09:21,4.05,1950,47550
20240129,14:15:44,4.05,1400,49200
20240129,14:16:02,4.05,1400,49200
20240129,14:16:41,4.15,200,49200
20240129,14:17:28,4.2,100,49200
20240129,14:18:33,4.2,200,49950
20240129,14:23:40,4.2,1400,49850
20240129,14:27:51,4.2,1400,50850
20240129,14:31:04,4.3,250,50850
20240129,14:33:36,4.3,750,50600
20240129,14:41:45,4.3,200,50600
20240129,14:41:55,4.2,50,50600
20240129,14:44:14,4.3,50,50700
20240129,14:45:33,4.3,200,50700
20240129,15:01:17,4.3,500,50700
20240129,15:04:53,4.5,1700,50700
20240129,15:05:42,4.4,300,50700
20240129,15:11:29,4.45,1400,50400
20240129,15:18:19,4.2,450,51150
20240129,15:22:58,4.4,200,51150
20240129,15:23:08,4.7,1200,51150
20240129,15:28:15,4.7,350,51150
20240129,15:28:44,4.3,1400,51150
20240129,15:29:05,4.3,750,51150
20240130,09:15:06,4.4,1,52800
20240130,09:15:06,4.4,50,52800
20240130,10:35:36,4.5,100,52800
20240130,10:36:28,4.75,50,52800
20240130,10:41:08,5.15,750,52800
20240130,11:22:31,5.15,700,52800
20240130,11:31:03,5.15,250,52800
20240130,11:36:59,4.85,50,52800
20240130,12:06:15,5.55,300,52800
20240130,12:08:20,5.55,50,52800
20240130,12:10:45,5.1,50,52800
20240130,12:12:05,5.1,200,52800
20240130,12:21:32,5.55,500,52800
20240130,12:33:14,5.55,50,52800
20240130,12:48:20,5.75,100,52800
20240130,12:54:36,5.75,50,52800
20240130,13:35:30,4.95,250,52800
20240130,14:11:18,5.05,50,52800
20240130,14:29:06,5.0,50,52800
20240130,14:30:03,5.5,1000,52800
20240130,14:35:08,5.9,250,53400
20240130,14:44:12,5.1,750,53400
20240130,14:46:09,5.5,400,53400
20240130,14:50:38,5.65,50,53400
20240130,14:58:59,5.15,50,53400
20240130,15:03:10,5.1,50,53400
20240130,15:15:49,5.75,750,53400
20240130,15:16:21,5.75,200,53400
20240130,15:16:53,5.15,50,53400
20240130,15:17:12,5.15,50,53400
20240130,15:17:23,5.75,1300,53400
20240130,15:17:33,5.85,1000,53400
20240130,15:20:17,5.95,2250,51150
20240130,15:22:39,5.95,100,50050
20240130,15:22:59,5.9,100,50050
20240130,15:28:42,5.9,200,49950
20240131,09:23:02,5.85,1,49750
20240131,09:23:02,5.85,500,49750
20240131,09:26:24,5.5,100,50250
20240131,09:27:32,5.5,300,50150
20240131,09:28:58,6.1,50,50150
20240131,09:29:07,6.0,250,50150
20240131,09:35:58,5.5,400,50200
20240131,09:59:03,5.5,650,49800
20240131,10:03:21,5.8,250,49800
20240131,10:45:01,5.8,100,50050
20240131,10:54:43,4.95,500,50150
20240131,10:57:16,4.95,50,50150
20240131,11:06:57,4.6,500,50150
20240131,11:12:07,4.6,250,50350
20240131,11:14:04,5.0,500,50350
20240131,11:35:01,5.65,150,50350
20240131,11:35:19,5.7,350,50350
20240131,11:37:06,5.7,50,49850
20240131,11:37:39,5.35,150,49850
20240131,11:48:46,5.6,200,49850
20240131,11:49:09,5.6,100,49850
20240131,11:59:32,5.3,200,50150
20240131,12:26:16,5.0,50,50050
20240131,13:06:58,4.85,50,50000
20240131,13:55:32,5.5,50,50000
20240131,13:59:30,5.5,200,50000
20240131,15:14:42,5.5,50,50000
20240131,15:25:42,4.9,100,50000
20240131,15:29:52,5.5,50,49900
20240201,09:15:29,5.6,1,49900
20240201,09:15:29,5.6,100,49900
20240201,09:15:59,5.3,50,49900
20240201,09:21:59,5.3,100,49950
20240201,09:23:45,5.8,100,49950
20240201,09:25:56,5.7,200,49950
20240201,09:28:47,5.15,100,50150
20240201,09:32:42,5.1,50,50150
20240201,09:57:48,5.1,50,50100
20240201,10:03:32,4.85,500,50000
20240201,10:08:19,4.85,300,50200
20240201,10:12:01,5.4,150,49900
20240201,10:13:56,5.55,350,49900
20240201,10:51:02,5.35,50,49400
20240201,11:05:05,5.35,50,49350
20240201,11:11:38,6.05,50,49300
20240201,11:24:16,6.05,150,49300
20240201,12:13:44,6.05,150,49300
20240201,12:16:21,4.95,250,49450
20240201,12:31:07,4.95,100,49700
20240201,12:34:15,4.65,100,49800
20240201,13:27:49,4.65,200,49850
20240201,14:00:02,4.7,150,50000
20240201,14:01:14,5.0,350,50150
20240201,14:15:22,4.6,150,49950
20240201,14:17:26,4.6,100,49950
20240201,14:36:03,4.9,50,50100
20240201,14:48:07,4.5,150,50100
20240201,15:04:05,4.45,250,50100
20240201,15:22:37,4.45,50,50200
20240201,15:24:40,4.5,100,50250
20240201,15:26:02,5.65,50,50250
20240201,15:28:45,5.4,100,50250
20240202,09:18:20,4.5,1,50250
20240202,09:18:20,4.5,100,50250
20240202,09:36:20,4.15,150,50250
20240202,09:38:37,4.05,150,50250
20240202,10:01:57,3.75,750,50250
20240202,10:05:58,3.75,750,51000
20240202,10:56:55,4.45,50,51150
20240202,11:13:45,4.4,250,51150
20240202,11:19:19,4.4,50,50900
20240202,11:21:34,4.0,150,50900
20240202,11:21:43,4.4,250,50900
20240202,11:26:45,4.4,250,50750
20240202,11:27:18,4.0,250,50750
20240202,11:36:56,4.0,50,50500
20240202,11:42:38,4.45,250,50500
20240202,11:43:05,4.0,50,50500
20240202,11:47:17,4.45,250,50250
20240202,12:02:09,4.1,250,50000
20240202,12:02:26,4.1,250,50000
20240202,12:06:35,4.6,3250,50000
20240202,12:06:43,4.5,3000,50000
20240202,12:09:57,4.3,1500,50100
20240202,12:29:23,4.35,100,50000
20240202,12:30:47,4.3,250,50100
20240202,12:36:36,4.0,50,50350
20240202,12:45:23,4.55,200,50350
20240202,12:52:09,4.0,250,50350
20240202,13:14:26,4.65,200,50350
20240202,13:51:43,4.9,700,50350
20240202,13:51:51,5.75,2350,50350
20240202,13:52:08,4.5,900,50350
20240202,13:52:24,4.5,500,50350
20240202,13:53:03,4.45,3200,50350
20240202,13:53:28,4.5,900,50350
20240202,13:53:36,4.5,900,50350
20240202,13:57:12,3.5,6000,54200
20240202,13:58:00,3.5,900,54200
20240202,13:58:08,4.35,450,54200
20240202,13:59:18,4.2,450,54200
20240202,14:03:56,4.1,950,51550
20240202,14:13:21,4.3,800,51100
20240202,14:15:29,4.3,1000,51500
20240202,14:21:35,5.35,5000,51500
20240202,14:22:09,4.4,1000,51500
20240202,14:40:21,3.5,6000,53700
20240202,14:41:35,4.3,900,53700
20240202,14:41:44,4.25,800,53700
20240202,14:43:30,4.2,250,51500
20240202,14:47:47,4.15,250,51250
20240202,14:52:59,5.35,6000,51000
20240202,14:53:18,4.2,1150,51000
20240202,14:53:39,4.25,500,51000
20240202,14:53:51,4.25,600,51000
20240202,15:02:47,4.2,50,53850
20240202,15:12:14,3.6,6000,53900
20240202,15:12:24,4.25,500,53900
20240202,15:12:33,4.2,700,53900
20240202,15:13:04,4.15,1000,53900
20240202,15:13:24,4.4,4200,53900
20240202,15:14:22,4.25,50,53900
20240202,15:15:23,4.25,400,53100
20240202,15:25:13,4.5,100,52700
20240202,15:27:50,4.65,700,52650
20240202,15:28:55,4.7,250,52650
20240202,15:29:44,4.65,400,52650
20240205,09:15:13,4.1,1,52150
20240205,09:15:13,4.15,2650,52150
20240205,09:16:26,4.1,200,50100
20240205,09:16:35,4.05,200,50100
20240205,09:17:26,4.05,250,50100
20240205,09:19:56,4.05,1900,50300
20240205,09:20:15,4.35,500,50300
20240205,09:20:55,4.55,4200,50300
20240205,09:24:56,4.55,50,52350
20240205,09:25:27,3.55,4200,52400
20240205,09:29:38,3.55,50,50500
20240205,10:17:08,4.4,1000,50500
20240205,10:21:09,4.4,1000,51400
20240205,10:21:19,3.95,2000,51400
20240205,10:21:39,4.35,2500,51400
20240205,10:27:33,4.4,2500,52150
20240205,10:40:30,3.25,5000,53400
20240205,10:41:30,3.25,1000,52200
20240205,10:41:54,3.9,1500,52200
20240205,10:42:36,3.85,200,52200
20240205,10:42:53,3.85,1500,52200
20240205,10:48:33,4.0,350,50850
20240205,11:06:57,4.0,50,50500
20240205,11:41:12,3.65,100,50550
20240205,12:04:21,4.0,950,50500
20240205,12:05:30,4.2,2500,50450
20240205,12:06:14,4.1,400,50450
20240205,12:15:20,4.05,2500,50850
20240205,12:35:08,4.2,50,49950
20240205,13:04:54,4.1,250,49950
20240205,13:06:22,4.1,100,50200
20240205,13:07:53,4.05,100,50300
20240205,13:09:16,4.05,100,50300
20240205,13:10:28,4.05,50,50300
20240205,13:59:26,4.15,150,50350
20240205,14:00:05,4.15,50,50350
20240205,14:06:39,4.35,2500,50400
20240205,14:07:17,4.2,450,50400
20240205,14:11:22,4.15,100,52750
20240205,14:34:11,4.15,50,52850
20240205,14:58:59,4.6,550,52850
20240205,14:59:20,4.6,500,52850
20240205,14:59:53,4.15,50,52850
20240205,15:08:12,4.3,1500,52600
20240205,15:09:33,4.3,450,52600
20240205,15:10:45,4.05,2050,52600
20240205,15:16:29,4.55,2500,52150
20240205,15:25:37,4.5,50,52550
20240205,15:27:52,4.45,800,52550
20240205,15:28:01,4.5,150,52550
20240205,15:29:52,4.1,400,52000
20240206,09:42:16,4.35,1,52000
20240206,09:42:16,4.35,50,52000
20240206,09:42:35,3.75,1800,52000
20240206,09:42:53,3.75,650,52000
20240206,10:32:07,4.25,100,52000
20240206,12:08:34,4.25,200,52000
20240206,12:25:08,3.85,50,51900
20240206,12:26:17,4.2,50,51900
20240206,12:59:17,4.35,50,51850
20240206,13:28:42,4.3,150,51850
20240206,14:15:51,4.0,50,51800
20240206,14:16:09,4.25,50,51800
20240206,14:20:54,4.0,50,51750
20240206,14:22:16,4.25,50,51750
20240206,15:05:47,4.35,150,51700
20240206,15:10:08,4.5,150,51700
20240206,15:22:21,4.5,300,51700
20240206,15:26:36,4.75,50,51700
20240206,15:28:07,4.75,50,51750
20240207,09:15:14,4.6,1,51700
20240207,09:15:14,4.55,100,51700
20240207,09:26:31,4.4,200,51800
20240207,09:34:11,4.4,1000,51800
20240207,09:34:29,4.8,600,51800
20240207,09:34:29,4.1,600,51800
20240207,09:34:46,4.65,250,51800
20240207,09:59:27,3.9,50,51900
20240207,10:00:45,3.9,50,51900
20240207,10:05:48,4.15,150,51850
20240207,10:20:56,4.1,50,51850
20240207,10:37:11,3.7,300,51900
20240207,10:55:16,3.7,50,51750
20240207,10:58:34,4.0,50,51700
20240207,11:04:58,4.0,50,51650
20240207,11:49:47,3.8,50,51600
20240207,12:56:06,4.0,100,51550
20240207,13:09:48,4.0,50,51450
20240207,13:27:59,4.0,500,51450
20240207,14:50:47,3.75,150,51450
20240207,15:09:04,3.9,50,51450
20240208,09:21:51,3.3,1,51500
20240208,09:21:51,3.5,250,51500
20240208,10:41:34,3.55,450,51750
20240208,11:04:44,3.75,100,51750
20240208,11:19:47,3.75,50,51650
20240208,11:39:20,3.8,50,51650
20240208,11:43:57,3.8,100,51650
20240208,12:12:37,3.35,100,51750
20240208,13:09:50,3.3,50,51750
20240208,13:14:33,3.3,1500,51750
20240208,13:14:41,3.3,1250,51750
20240208,13:17:51,3.05,100,53100
20240208,13:19:20,3.05,250,53100
20240208,13:22:54,3.4,150,53450
20240208,13:52:29,3.65,100,53600
20240208,14:09:44,3.65,50,53600
20240208,14:09:54,3.1,150,53600
20240208,14:11:49,3.4,150,53600
20240208,14:12:54,3.6,100,53600
20240208,14:13:04,3.25,200,53600
20240208,14:13:13,3.55,200,53600
20240208,14:13:23,3.25,200,53600
20240208,14:14:15,3.45,50,53600
20240208,14:16:39,3.3,50,53600
20240208,14:21:38,3.25,50,53600
20240208,14:37:23,3.5,50,53550
20240208,14:49:47,3.25,50,53600
20240208,14:49:59,3.25,50,53600
20240208,14:52:48,3.25,100,53700
20240208,14:54:34,3.25,100,53700
20240208,15:16:35,3.2,50,53600
20240208,15:28:08,3.2,100,53600
20240209,09:20:18,3.2,1,53550
20240209,09:20:18,3.2,100,53550
20240209,09:20:28,4.5,500,53550
20240209,09:20:47,4.5,50,53550
20240209,09:35:28,4.0,200,53950
20240209,09:37:48,3.3,50,54150
20240209,09:39:27,4.65,450,54150
20240209,09:40:07,4.65,450,54150
20240209,09:43:21,3.55,150,54200
20240209,09:51:35,3.4,500,54100
20240209,10:00:19,3.45,200,53850
20240209,10:00:39,3.55,1500,53850
20240209,10:03:03,3.7,250,55250
20240209,10:03:13,3.7,150,55250
20240209,10:04:30,3.8,250,55250
20240209,10:06:17,3.85,400,55750
20240209,10:06:58,3.8,400,55750
20240209,10:13:38,4.0,50,56550
20240209,10:14:15,3.85,50,56550
20240209,10:15:23,3.8,100,56550
20240209,10:38:26,3.75,200,56600
20240209,10:58:01,3.8,50,56700
20240209,11:16:34,3.8,50,56750
20240209,11:30:38,3.5,200,56800
20240209,11:37:35,3.45,100,56700
20240209,11:41:28,3.8,50,56700
20240209,12:08:43,3.8,100,56750
20240209,12:09:00,3.8,50,56750
20240209,12:10:17,3.8,100,56750
20240209,12:13:21,3.65,50,57000
20240209,12:18:24,3.8,300,57000
20240209,12:18:34,3.8,150,57000
20240209,12:52:58,3.8,50,57000
20240209,13:03:55,3.6,50,57050
20240209,13:11:04,3.8,100,57000
20240209,13:19:33,3.8,200,57000
20240209,13:43:57,3.55,200,57200
20240209,13:45:21,3.8,200,57000
20240209,13:45:40,3.6,200,57000
20240209,13:45:49,3.6,600,57000
20240209,13:45:58,3.6,900,57000
20240209,13:57:01,3.55,200,57950
20240209,13:57:10,3.6,1400,57950
20240209,13:59:58,3.6,50,59450
20240209,14:09:22,3.6,50,59500
20240209,14:58:05,3.5,100,59550
20240209,15:02:09,3.55,100,59450
20240209,15:03:40,3.5,50,59550
20240209,15:13:19,3.55,200,59550
20240209,15:15:10,3.55,400,59450
20240209,15:17:29,3.5,100,59550
20240209,15:17:38,3.5,100,59550
20240209,15:18:31,3.5,50,59550
20240209,15:19:43,3.5,150,59550
20240209,15:20:01,3.5,100,59550
20240209,15:22:37,3.5,50,59050
20240209,15:26:14,3.5,100,59000
20240209,15:26:50,3.55,1150,58900
20240209,15:27:00,3.5,1050,58900
20240209,15:27:28,3.5,500,58900
20240209,15:27:37,3.5,100,58900
20240209,15:28:40,3.6,1000,58900
20240209,15:28:48,3.6,50,58900
20240212,09:15:04,3.6,1,58450
20240212,09:15:04,3.6,100,58450
20240212,09:15:12,3.6,150,58450
20240212,09:22:12,3.65,50,58700
20240212,09:24:52,3.75,100,58700
20240212,09:26:49,3.75,100,58750
20240212,09:28:36,3.35,100,58950
20240212,09:29:15,3.35,650,58950
20240212,09:29:25,3.35,1000,58950
20240212,09:29:46,3.95,600,58950
20240212,09:34:02,3.4,500,58600
20240212,09:36:33,3.35,100,58600
20240212,09:43:12,3.3,150,58600
20240212,09:44:44,3.3,100,58600
20240212,09:50:38,3.35,50,58350
20240212,09:51:08,3.35,100,58350
20240212,09:52:36,3.4,100,58350
20240212,10:03:12,3.8,150,58250
20240212,10:04:49,3.5,250,58200
20240212,10:05:16,3.5,250,58200
20240212,10:11:04,3.4,100,58150
20240212,10:21:27,3.4,100,58150
20240212,11:01:39,3.35,250,58150
20240212,11:01:49,3.35,100,58150
20240212,11:18:01,3.3,50,58150
20240212,11:31:37,3.3,100,58150
20240212,11:37:02,3.3,200,58150
20240212,11:49:38,3.15,100,58150
20240212,11:59:26,3.15,550,58250
20240212,12:05:53,3.15,200,58250
20240212,12:06:04,3.15,100,58250
20240212,12:07:10,3.15,200,58050
20240212,12:08:51,3.1,300,58050
20240212,12:09:39,3.1,200,58050
20240212,12:38:37,3.05,100,57650
20240212,12:39:06,3.05,150,57650
20240212,12:59:44,2.65,1700,57400
20240212,12:59:54,3.15,200,57400
20240212,13:00:26,3.05,300,57400
20240212,13:01:01,3.05,300,57400
20240212,13:01:49,3.0,300,56800
20240212,13:06:09,2.95,50,56500
20240212,13:09:03,2.95,50,56450
20240212,13:11:00,3.1,300,56400
20240212,13:28:47,2.85,150,56400
20240212,14:04:55,3.3,50,56450
20240212,14:35:30,2.8,50,56450
20240212,14:35:46,3.3,50,56450
20240212,14:36:44,2.75,300,56450
20240212,14:36:53,3.0,300,56450
20240212,14:41:16,3.0,50,56450
20240212,14:42:37,2.95,250,56450
20240212,14:44:15,3.0,250,56750
20240212,14:51:41,3.1,50,56750
20240212,14:56:25,3.2,100,56800
20240212,14:58:39,2.95,50,56850
20240212,15:01:38,2.95,100,56850
20240212,15:04:14,3.05,50,56850
20240212,15:27:02,3.05,250,56950
20240212,15:27:20,2.8,50,56950
20240212,15:27:38,2.85,100,56950
20240212,15:29:08,2.75,100,57100
20240213,09:16:28,2.75,1,57100
20240213,09:16:28,2.75,800,57100
20240213,09:17:35,2.7,100,57100
20240213,09:19:10,2.7,50,56350
20240213,09:19:50,2.65,100,56350
20240213,09:23:36,2.65,300,56300
20240213,09:24:31,2.3,400,56300
20240213,09:24:53,2.65,100,56000
20240213,09:31:37,2.7,250,56100
20240213,09:51:43,2.7,50,55850
20240213,09:52:55,2.75,50,55850
20240213,09:53:38,2.75,50,55850
20240213,10:12:03,2.7,100,55850
20240213,10:16:03,2.75,100,55750
20240213,10:31:46,2.7,50,55650
20240213,11:10:27,2.7,50,55600
20240213,11:19:38,3.0,50,55550
20240213,11:39:54,3.0,50,55550
20240213,12:02:14,2.8,50,55600
20240213,12:10:57,2.6,400,55550
20240213,12:11:41,2.8,50,55550
20240213,12:13:22,3.0,100,55250
20240213,12:14:05,2.85,100,55250
20240213,12:14:38,2.85,50,55250
20240213,12:15:41,2.75,50,55250
20240213,13:03:43,2.95,50,55300
20240213,13:04:57,2.95,50,55350
20240213,13:07:52,2.6,50,55400
20240213,13:20:23,2.65,50,55400
20240213,14:03:54,2.85,50,55350
20240213,14:04:14,2.7,50,55350
20240213,14:12:26,2.65,50,55400
20240213,14:38:19,2.6,150,55400
20240213,15:05:53,2.35,50,55550
20240213,15:14:38,2.55,50,55550
20240213,15:19:04,2.55,50,55550
20240213,15:21:20,2.95,500,55500
20240213,15:28:12,2.7,150,55150
20240213,15:28:21,3.0,50,55150
20240213,15:29:37,2.75,50,55100
20240214,09:43:07,3.45,1,55150
20240214,09:43:07,3.45,50,55150
20240214,09:43:59,3.35,100,55150
20240214,10:17:18,3.15,50,55250
20240214,10:17:27,3.05,50,55250
20240214,10:23:29,2.65,50,55300
20240214,10:31:45,2.65,150,55300
20240214,10:36:15,2.65,100,55450
20240214,10:44:09,3.0,100,55450
20240214,10:48:41,2.75,100,55550
20240214,10:49:06,2.7,50,55550
20240214,10:50:07,2.65,100,55550
20240214,11:01:57,2.85,50,55550
20240214,11:03:14,2.75,50,55550
20240214,11:34:16,2.65,300,55550
20240214,11:41:32,2.35,50,55550
20240214,11:45:48,2.35,50,55550
20240214,13:20:39,2.35,100,55500
20240214,13:20:47,2.65,50,55500
20240214,13:43:50,2.5,450,55450
20240214,13:45:11,2.6,100,55450
20240214,14:31:52,2.8,50,55000
20240214,14:32:09,2.5,50,55000
20240214,14:34:41,2.35,50,55000
20240214,14:36:16,2.95,400,55000
20240214,14:36:25,2.5,350,55000
20240214,14:44:58,2.4,50,55250
20240214,15:07:13,2.8,250,55200
20240214,15:11:19,2.55,50,55450
20240214,15:20:54,3.0,50,55450
20240214,15:21:30,2.55,50,55450
20240215,09:17:39,2.4,1,55500
20240215,09:17:39,2.4,50,55500
20240215,09:25:02,2.25,50,55500
20240215,09:35:53,2.25,350,55500
20240215,09:40:33,2.9,3500,55750
20240215,09:48:25,2.9,300,59250
20240215,09:49:23,2.85,150,59250
20240215,09:49:46,2.8,50,59250
20240215,09:49:56,2.85,300,59250
20240215,09:56:45,2.3,950,59250
20240215,10:00:03,2.7,100,58300
20240215,10:26:24,2.7,50,58400
20240215,11:22:59,2.75,250,58450
20240215,12:03:52,2.55,100,58600
20240215,12:06:03,2.55,100,58700
20240215,12:09:42,2.55,50,58600
20240215,12:20:52,2.55,100,58600
20240215,13:25:18,2.7,50,58600
20240215,13:29:30,2.7,50,58550
20240215,13:29:46,2.7,50,58550
20240215,13:30:17,2.7,50,58550
20240215,13:31:31,2.75,50,58600
20240215,13:35:03,2.55,100,58650
20240215,14:03:03,2.5,200,58650
20240215,14:09:50,2.5,300,58750
20240215,14:10:35,2.5,250,58850
20240215,14:10:45,2.6,200,58850
20240215,14:14:36,2.5,200,58650
20240215,14:21:57,2.45,150,58850
20240215,15:21:28,2.45,250,58700
20240215,15:24:41,2.45,250,58450
20240215,15:25:14,2.45,250,58450
20240215,15:27:02,2.3,1150,58100
20240215,15:27:37,2.3,250,58100
20240215,15:28:14,2.3,400,58100
20240216,09:41:48,2.0,1,58750
20240216,09:41:48,2.0,900,58750
20240216,09:41:59,2.0,100,58750
20240216,10:08:00,1.95,300,58750
20240216,10:09:20,1.9,1350,58750
20240216,10:10:18,1.9,150,59600
20240216,10:20:08,1.85,550,59450
20240216,10:22:22,1.85,200,59550
20240216,10:27:51,1.85,50,59750
20240216,10:35:26,1.85,250,59800
20240216,10:41:28,1.85,500,59800
20240216,10:48:22,1.85,50,60300
20240216,10:50:06,1.85,100,60300
20240216,10:54:25,1.85,450,60350
20240216,11:00:00,1.8,350,60750
20240216,11:00:37,1.75,200,60750
20240216,11:02:00,1.75,300,61050
20240216,11:11:07,1.75,50,60900
20240216,11:20:37,2.8,2350,60900
20240216,11:20:51,1.95,1000,60900
20240216,11:22:07,1.9,50,62400
20240216,11:40:20,1.9,50,62350
20240216,11:40:29,1.9,200,62350
20240216,11:42:34,1.85,100,62350
20240216,11:45:47,1.9,100,62400
20240216,11:46:56,1.85,50,62500
20240216,11:48:07,1.9,800,62500
20240216,11:51:53,1.75,800,63250
20240216,12:01:54,1.8,100,62650
20240216,12:03:01,1.85,50,62650
20240216,12:04:59,1.9,100,62650
20240216,12:38:11,1.9,250,62650
20240216,12:52:02,2.0,50,62650
20240216,12:58:18,2.0,250,62650
20240216,13:00:52,2.0,50,62650
20240216,13:02:07,2.0,50,62600
20240216,13:14:24,1.95,100,62600
20240216,13:20:44,2.0,200,62500
20240216,13:20:52,2.0,100,62500
20240216,13:31:00,1.95,100,62500
20240216,13:31:55,1.95,100,62400
20240216,13:41:04,1.95,100,62400
20240216,14:16:18,2.05,150,62400
20240216,14:16:52,2.0,150,62400
20240216,14:51:24,1.8,50,62400
20240216,14:51:33,1.85,50,62400
20240216,14:52:09,1.8,100,62400
20240216,14:52:26,1.85,100,62350
20240216,14:52:43,1.5,1650,62350
20240216,14:53:00,1.9,300,62350
20240216,14:53:18,1.9,1000,62350
20240216,15:00:30,1.9,50,64150
20240216,15:22:34,1.65,50,64100
20240216,15:28:24,1.65,50,64100
20240219,09:15:05,1.6,1,64100
20240219,09:15:05,1.6,100,64100
20240219,09:17:05,2.2,50,64000
20240219,09:29:11,2.2,50,64000
20240219,09:29:34,1.95,50,64000
20240219,09:30:54,1.55,50,64050
20240219,09:31:06,1.55,50,64050
20240219,09:36:06,1.95,1500,64000
20240219,09:39:05,1.75,450,62500
20240219,09:43:45,1.75,150,62600
20240219,09:49:00,1.75,250,62750
20240219,09:49:21,1.45,250,62750
20240219,09:49:31,1.45,50,62750
20240219,09:50:37,1.7,300,62750
20240219,10:03:03,1.75,50,62900
20240219,10:11:11,1.75,250,62900
20240219,10:14:25,1.7,50,63150
20240219,10:32:46,1.4,450,63150
20240219,10:35:17,1.55,100,63000
20240219,10:36:23,1.65,1350,63000
20240219,11:45:17,1.7,100,64450
20240219,12:06:41,1.7,50,64450
20240219,12:51:39,1.7,100,64450
20240219,12:51:47,1.75,450,64450
20240219,13:08:57,1.65,50,64100
20240219,14:19:42,1.7,200,64100
20240219,14:29:57,1.65,150,64100
20240219,14:30:45,1.7,50,64100
20240219,14:33:31,2.0,50,64100
20240219,14:37:23,1.7,50,64150
20240219,14:48:23,1.65,1500,64150
20240219,14:48:32,1.6,1650,64150
20240219,14:48:41,1.6,850,64150
20240219,14:51:28,1.7,50,63950
20240219,14:51:36,1.65,50,63950
20240219,14:54:57,1.7,50,63950
20240219,15:21:17,1.95,100,63900
20240219,15:24:28,1.45,250,63900
20240219,15:24:49,1.45,100,63900
20240219,15:29:36,1.45,200,63900
20240220,09:17:57,1.45,1,63900
20240220,09:17:57,1.45,100,63900
20240220,09:18:31,1.4,1000,63900
20240220,09:18:42,1.4,150,63900
20240220,09:55:43,1.3,100,63900
20240220,09:55:56,1.3,100,63900
20240220,10:26:55,1.3,50,63900
20240220,10:42:38,1.3,50,63900
20240220,10:52:56,1.4,100,63900
20240220,10:55:21,1.35,200,63800
20240220,11:27:29,1.4,150,63800
20240220,12:03:10,1.4,250,63800
20240220,12:05:04,1.4,300,63850
20240220,12:27:00,1.35,500,63800
20240220,12:28:04,1.35,250,63800
20240220,12:28:53,1.35,50,63800
20240220,12:38:05,1.35,50,63850
20240220,14:17:21,1.3,400,63800
20240220,14:22:29,1.3,700,63800
20240220,14:23:29,1.3,50,64150
20240220,14:29:02,1.35,450,64150
20240220,14:38:04,1.35,650,64150
20240220,14:52:23,1.35,150,64100
20240220,14:55:41,1.3,200,63950
20240220,14:57:29,1.35,50,63950
20240220,15:29:51,1.25,100,63950
20240221,09:15:03,1.4,1,63950
20240221,09:15:03,1.4,50,63950
20240221,09:15:15,1.3,250,63950
20240221,09:15:26,1.25,150,63950
20240221,09:32:50,1.25,50,63950
20240221,09:43:37,1.25,550,63950
20240221,09:50:28,1.4,500,63950
20240221,09:50:37,1.3,100,63950
20240221,10:10:40,1.35,50,64050
20240221,10:14:01,1.3,50,64050
20240221,10:21:11,1.3,100,64000
20240221,10:31:45,1.35,300,63900
20240221,10:48:34,1.3,250,64150
20240221,10:49:49,1.35,500,63900
20240221,11:00:32,1.3,50,63900
20240221,11:04:51,1.25,50,63950
20240221,11:13:16,1.3,50,63950
20240221,11:16:05,1.35,50,63950
20240221,11:24:24,1.35,100,63900
20240221,11:28:12,1.35,100,63900
20240221,11:29:48,1.3,1750,63900
20240221,11:30:23,1.3,1500,63900
20240221,11:30:40,1.3,550,63900
20240221,11:30:48,1.3,50,63900
20240221,11:31:04,1.3,50,63900
20240221,11:50:24,1.25,500,66350
20240221,11:53:22,1.25,50,66700
20240221,11:54:37,1.1,3700,66700
20240221,12:00:35,1.1,50,65050
20240221,12:04:46,1.2,200,65000
20240221,12:56:05,1.2,250,65100
20240221,13:23:04,1.2,250,65100
20240221,13:24:10,1.1,50,65100
20240221,13:27:27,1.1,100,65100
20240221,13:28:07,1.15,50,65100
20240221,13:28:40,1.2,150,65200
20240221,13:51:52,1.15,100,65050
20240221,13:56:10,1.15,250,65050
20240221,13:57:02,1.1,150,65050
20240221,14:17:21,1.1,150,64850
20240221,14:22:38,1.05,250,64850
20240221,14:23:23,1.05,250,64850
20240221,14:25:33,1.05,250,64850
20240221,14:27:53,1.05,250,65100
20240221,14:31:19,1.05,250,65200
20240221,14:35:03,1.05,250,65450
20240221,15:06:40,1.05,1000,65450
20240221,15:06:58,1.1,400,65450
20240221,15:07:25,1.15,400,65450
20240221,15:08:17,1.15,150,65450
20240221,15:08:26,1.05,50,65450
20240221,15:10:10,1.0,150,65450
20240221,15:10:49,1.0,50,65450
20240221,15:23:59,1.2,750,65500
20240221,15:26:09,0.85,500,65500
20240222,09:23:03,1.0,1,65500
20240222,09:23:03,1.0,500,65500
20240222,09:44:06,1.0,50,65300
20240222,10:02:15,1.0,150,65300
20240222,10:02:42,0.85,50,65300
20240222,10:02:59,0.85,350,65300
20240222,10:08:41,0.9,450,65150
20240222,10:15:04,0.9,150,65150
20240222,10:16:30,0.9,250,65150
20240222,10:36:35,0.9,250,65400
20240222,10:51:13,0.9,250,65650
20240222,10:52:59,0.9,1100,65900
20240222,11:02:24,0.9,350,67000
20240222,11:07:44,0.85,50,67000
20240222,11:17:17,0.9,50,67000
20240222,11:17:23,0.9,50,67000
20240222,11:18:08,0.95,50,67000
20240222,11:18:37,0.95,50,67000
20240222,11:44:02,0.85,500,67000
20240222,11:46:43,0.85,50,67000
20240222,11:46:59,0.85,50,67000
20240222,11:50:38,0.8,50,67000
20240222,11:59:23,0.8,50,67000
20240222,12:10:15,0.8,1800,67000
20240222,12:10:42,0.95,1800,68100
20240222,12:10:59,0.95,1850,68100
20240222,12:11:53,0.9,100,68100
20240222,12:12:35,0.85,100,68100
20240222,12:12:44,0.85,550,68100
20240222,12:21:44,0.95,50,71350
20240222,12:24:07,0.9,50,71400
20240222,12:31:33,0.85,450,71400
20240222,12:35:43,0.85,750,71500
20240222,12:37:17,0.8,50,71500
20240222,12:45:33,0.85,50,71500
20240222,13:06:16,0.8,50,71550
20240222,13:19:04,0.85,50,71550
20240222,13:33:22,0.85,50,71600
20240222,13:40:45,0.85,50,71650
20240222,13:44:54,0.85,250,71650
20240222,13:46:22,0.85,150,71700
20240222,14:12:50,0.85,250,71700
20240222,14:22:18,0.85,1800,71450
20240222,14:22:35,0.85,1800,71450
20240222,14:29:43,0.8,900,71450
20240222,14:30:02,0.8,1300,71450
20240222,14:32:40,0.85,50,70600
20240222,14:48:32,0.85,250,70600
20240222,14:49:12,0.85,250,70600
20240222,14:49:32,0.85,250,70600
20240222,14:50:48,0.85,250,70700
20240222,14:50:59,0.85,250,70700
20240222,14:51:10,0.85,250,70700
20240222,14:56:23,0.95,500,71450
20240222,14:56:33,0.9,300,71450
20240222,15:01:11,0.9,850,72250
20240222,15:04:19,0.85,700,73100
20240222,15:06:36,0.9,300,73500
20240222,15:06:45,0.9,250,73500
20240222,15:08:56,0.9,300,74050
20240222,15:12:15,0.95,50,74250
20240222,15:12:59,0.95,550,74250
20240222,15:13:32,0.95,2050,74250
20240222,15:13:51,1.0,1700,74250
20240222,15:16:13,1.0,900,73850
20240222,15:20:04,0.85,500,73300
20240222,15:25:04,1.05,500,72800
20240222,15:26:03,1.05,500,73300
20240222,15:26:33,0.75,100,73300
20240222,15:28:00,0.95,600,73300
20240222,15:28:20,0.95,100,73300
20240222,15:30:02,1.0,350,73450
20240223,09:15:01,0.95,1,73800
20240223,09:15:01,1.0,2450,73800
20240223,09:15:02,1.0,300,73800
20240223,09:15:03,1.0,200,73800
20240223,09:15:05,0.95,400,73800
20240223,09:15:07,1.0,100,73800
20240223,09:15:10,1.0,50,73800
20240223,09:15:12,1.0,100,73800
20240223,09:15:13,1.0,50,73800
20240223,09:15:14,1.0,400,73800
20240223,09:15:15,0.95,250,73800
20240223,09:15:19,1.0,1550,73800
20240223,09:15:20,0.95,2400,73800
20240223,09:15:21,0.95,5350,73800
20240223,09:15:22,0.95,1800,73800
20240223,09:15:23,0.95,1800,73800
20240223,09:15:24,0.95,850,73800
20240223,09:15:25,0.95,450,73800
20240223,09:15:43,0.9,1800,73800
20240223,09:15:47,0.9,1000,88400
20240223,09:15:51,0.9,300,88400
20240223,09:17:32,0.85,700,88400
20240223,09:17:48,0.85,1500,88400
20240223,09:17:49,0.85,550,88400
20240223,09:18:28,0.8,300,88400
20240223,09:18:29,0.8,500,88400
20240223,09:18:30,0.8,1300,88400
20240223,09:18:32,0.75,50,88400
20240223,09:18:40,0.75,50,88400
20240223,09:18:43,0.75,100,88400
20240223,09:18:57,0.8,500,91100
20240223,09:19:05,0.8,50,91100
20240223,09:19:09,0.8,100,91100
20240223,09:19:36,0.8,200,91100
20240223,09:20:00,0.8,250,91100
20240223,09:20:01,0.75,50,91100
20240223,09:20:09,0.8,50,91100
20240223,09:20:09,0.8,100,91100
20240223,09:20:10,0.75,400,91100
20240223,09:20:12,0.75,50,91100
20240223,09:20:22,0.8,50,91100
20240223,09:21:35,0.75,50,91100
20240223,09:22:28,0.75,150,91850
20240223,09:22:57,0.75,50,91850
20240223,09:23:02,0.75,50,91850
20240223,09:23:14,0.75,400,91850
20240223,09:23:20,0.8,100,91850
20240223,09:23:31,0.8,50,91850
20240223,09:23:46,0.8,50,91850
20240223,09:24:03,0.8,100,91850
20240223,09:24:18,0.8,50,91850
20240223,09:24:21,0.75,50,91850
20240223,09:25:39,0.75,500,92300
20240223,09:25:56,0.8,150,92300
20240223,09:27:28,0.8,200,92300
20240223,09:27:43,0.75,50,92300
20240223,09:28:04,0.75,1100,92300
20240223,09:28:22,0.75,3250,92850
20240223,09:28:22,0.75,50,92850
20240223,09:28:24,0.75,50,92850
20240223,09:28:25,0.75,100,92850
20240223,09:28:30,0.75,100,92850
20240223,09:28:31,0.75,100,92850
20240223,09:29:54,0.7,200,92850
20240223,09:30:30,0.7,200,92850
20240223,09:31:11,0.75,50,92850
20240223,09:31:26,0.75,300,97000
20240223,09:31:46,0.75,350,97000
20240223,09:32:27,0.7,50,97000
20240223,09:35:45,0.75,50,96900
20240223,09:38:57,0.7,1850,96900
20240223,09:39:28,0.7,150,96900
20240223,09:39:51,0.75,600,96950
20240223,09:39:57,0.75,3900,96950
20240223,09:39:58,0.75,50,96950
20240223,09:40:00,0.75,250,96950
20240223,09:40:16,0.8,7200,96950
20240223,09:40:19,0.8,150,96950
20240223,09:40:41,0.8,850,96950
20240223,09:40:54,0.8,2800,96950
20240223,09:40:55,0.8,100,96950
20240223,09:40:57,0.8,50,96950
20240223,09:40:58,0.8,100,96950
20240223,09:41:05,0.8,900,96950
20240223,09:41:10,0.8,50,96950
20240223,09:41:12,0.8,250,96950
20240223,09:41:23,0.8,250,96950
20240223,09:42:01,0.8,400,96950
20240223,09:43:04,0.8,750,103900
20240223,09:43:11,0.8,1800,103900
20240223,09:43:13,0.8,1350,103900
20240223,09:43:30,0.8,100,103900
20240223,09:43:53,0.8,100,103900
20240223,09:43:54,0.8,50,103900
20240223,09:44:23,0.75,50,103900
20240223,09:44:27,0.8,100,103900
20240223,09:44:49,0.8,3300,103900
20240223,09:44:51,0.8,350,103900
20240223,09:44:52,0.85,3600,103900
20240223,09:45:03,0.8,50,103900
20240223,09:45:14,0.85,950,103900
20240223,09:45:16,0.85,500,103900
20240223,09:45:17,0.85,1800,103900
20240223,09:45:19,0.85,4700,103900
20240223,09:45:21,0.85,50,103900
20240223,09:45:23,0.85,50,103900
20240223,09:45:38,0.85,1850,103900
20240223,09:45:40,0.85,150,103900
20240223,09:45:52,0.85,7550,101450
20240223,09:45:54,0.85,250,101450
20240223,09:45:55,0.85,250,101450
20240223,09:46:09,0.85,900,101450
20240223,09:46:15,0.85,50,101450
20240223,09:46:17,0.9,300,101450
20240223,09:47:18,0.85,50,101450
20240223,09:47:28,0.9,50,101450
20240223,09:48:40,0.9,50,101450
20240223,09:49:02,0.9,500,101450
20240223,09:49:06,0.9,1450,104000
20240223,09:49:08,0.9,1850,104000
20240223,09:49:08,0.9,1100,104000
20240223,09:49:09,0.9,2750,104000
20240223,09:49:25,0.9,50,104000
20240223,09:49:34,0.95,50,104000
20240223,09:49:42,0.9,50,104000
20240223,09:50:16,0.9,3600,104000
20240223,09:50:46,0.95,1800,104000
20240223,09:51:27,0.95,750,104000
20240223,09:51:36,0.95,950,104000
20240223,09:51:37,0.95,50,104000
20240223,09:51:38,0.95,100,104000
20240223,09:51:43,0.95,650,104000
20240223,09:51:57,0.95,200,107400
20240223,09:52:22,0.9,100,107400
20240223,09:52:28,0.95,50,107400
20240223,09:52:37,0.9,100,107400
20240223,09:52:41,0.95,50,107400
20240223,09:52:46,0.9,400,107400
20240223,09:52:50,0.9,100,107400
20240223,09:52:53,0.9,450,107400
20240223,09:53:01,0.95,500,107400
20240223,09:53:17,0.9,100,107400
20240223,09:53:21,0.9,450,107400
20240223,09:53:24,0.9,250,107400
20240223,09:53:26,0.9,900,107400
20240223,09:53:26,0.9,3000,107400
20240223,09:53:27,0.9,1800,107400
20240223,09:53:29,0.85,2350,107400
20240223,09:53:36,0.9,100,107400
20240223,09:53:46,0.85,300,107400
20240223,09:53:48,0.85,100,107400
20240223,09:53:51,0.85,900,107400
20240223,09:54:01,0.85,400,107400
20240223,09:54:03,0.9,50,107400
20240223,09:54:24,0.85,50,107400
20240223,09:54:25,0.85,50,107400
20240223,09:54:26,0.85,3000,107400
20240223,09:54:51,0.9,50,114000
20240223,09:55:08,0.85,50,114000
20240223,09:55:09,0.85,1400,114000
20240223,09:55:11,0.85,100,114000
20240223,09:55:56,0.8,50,114000
20240223,09:56:27,0.85,50,114000
20240223,09:56:28,0.85,1800,114000
20240223,09:56:30,0.85,3650,114000
20240223,09:56:37,0.85,100,114000
20240223,09:56:37,0.85,50,114000
20240223,09:57:01,0.9,150,114000
20240223,09:57:24,0.85,50,114000
20240223,09:57:24,0.9,3600,114000
20240223,09:58:52,0.85,1000,115000
20240223,09:58:58,0.85,1800,115000
20240223,09:59:08,0.85,450,115000
20240223,09:59:54,0.85,200,115000
20240223,09:59:59,0.85,50,115000
20240223,10:00:17,0.85,1750,115000
20240223,10:01:05,0.9,50,114650
20240223,10:01:35,0.9,50,114650
20240223,10:03:17,0.85,1100,114650
20240223,10:03:19,0.85,50,114650
20240223,10:03:22,0.85,50,114650
20240223,10:03:22,0.85,1200,114650
20240223,10:03:23,0.85,100,114650
20240223,10:03:31,0.85,700,114650
20240223,10:03:33,0.85,50,114650
20240223,10:04:35,0.85,100,113700
20240223,10:04:43,0.85,50,113700
20240223,10:04:44,0.85,50,113700
20240223,10:04:57,0.85,50,113700
20240223,10:05:00,0.85,400,113700
20240223,10:05:02,0.85,50,113700
20240223,10:06:20,0.9,50,113700
20240223,10:06:24,0.9,1800,113700
20240223,10:06:25,0.9,2200,113700
20240223,10:06:31,0.9,50,113700
20240223,10:06:32,0.9,100,113700
20240223,10:07:10,0.95,3650,114550
20240223,10:07:11,0.95,500,114550
20240223,10:07:12,0.95,950,114550
20240223,10:07:13,0.95,1100,114550
20240223,10:07:15,0.95,4200,114550
20240223,10:07:21,0.95,450,114550
20240223,10:07:24,1.0,1800,114550
20240223,10:07:26,1.0,1800,114550
20240223,10:07:28,1.05,3700,114550
20240223,10:07:38,1.05,100,114550
20240223,10:08:02,1.0,100,114550
20240223,10:08:16,1.0,50,114550
20240223,10:08:33,1.0,50,114550
20240223,10:08:44,1.0,50,114550
20240223,10:09:02,1.0,100,114550
20240223,10:09:05,0.95,100,114550
20240223,10:09:19,1.0,50,114550
20240223,10:09:21,1.0,100,114550
20240223,10:10:03,0.95,150,114550
20240223,10:10:07,0.95,750,129150
20240223,10:10:08,0.95,50,129150
20240223,10:10:09,0.95,50,129150
20240223,10:10:10,0.95,100,129150
20240223,10:10:58,0.9,1550,129150
20240223,10:10:59,0.9,100,129150
20240223,10:11:06,0.9,1300,129150
20240223,10:11:38,0.95,50,129150
20240223,10:11:41,0.9,150,129150
20240223,10:12:14,0.9,900,129150
20240223,10:12:15,0.9,200,129150
20240223,10:12:46,0.9,50,129150
20240223,10:12:47,0.9,50,129150
20240223,10:14:01,0.9,300,129150
20240223,10:14:32,0.85,300,128050
20240223,10:15:02,0.85,50,128050
20240223,10:15:03,0.9,600,128050
20240223,10:15:04,0.9,100,128050
20240223,10:15:10,0.95,1800,128050
20240223,10:15:13,0.95,550,128050
20240223,10:15:14,0.95,50,128050
20240223,10:15:15,0.95,200,128050
20240223,10:15:36,1.0,50,128050
20240223,10:16:04,1.0,100,128200
20240223,10:16:16,0.95,350,128200
20240223,10:16:21,1.0,200,128200
20240223,10:16:21,0.95,50,128200
20240223,10:16:30,0.95,50,128200
20240223,10:17:36,0.95,50,128200
20240223,10:17:42,1.0,50,128200
20240223,10:17:46,0.95,350,128200
20240223,10:17:58,1.0,250,128200
20240223,10:18:04,0.95,150,128200
20240223,10:18:09,1.0,250,128200
20240223,10:18:12,0.95,250,128200
20240223,10:18:12,0.95,350,128200
20240223,10:18:16,0.95,600,128200
20240223,10:18:21,1.0,50,128200
20240223,10:18:23,0.95,200,128200
20240223,10:18:26,0.95,850,128200
20240223,10:18:29,0.95,50,128200
20240223,10:18:33,0.95,350,128200
20240223,10:19:01,0.95,250,128200
20240223,10:19:01,1.0,50,127250
20240223,10:19:12,1.0,1800,127250
20240223,10:19:21,0.95,100,127250
20240223,10:19:24,0.95,550,127250
20240223,10:19:36,0.95,50,127250
20240223,10:19:59,0.95,250,127250
20240223,10:20:07,0.95,750,127250
20240223,10:20:11,0.95,3600,127250
20240223,10:20:12,0.95,2000,127250
20240223,10:20:13,1.0,1800,127250
20240223,10:20:14,1.0,1800,127250
20240223,10:20:57,0.95,1500,127250
20240223,10:21:01,0.95,1000,127250
20240223,10:21:49,0.95,100,127250
20240223,10:21:58,0.95,50,127250
20240223,10:22:57,0.95,50,130750
20240223,10:23:09,0.95,1800,130750
20240223,10:23:38,0.95,500,130750
20240223,10:23:42,0.95,100,130750
20240223,10:24:39,0.9,100,130750
20240223,10:25:17,0.9,100,130750
20240223,10:25:19,0.9,1000,132800
20240223,10:25:20,0.9,1000,132800
20240223,10:25:22,0.9,1000,132800
20240223,10:25:24,0.9,1000,132800
20240223,10:25:26,0.9,1200,132800
20240223,10:25:30,0.9,100,132800
20240223,10:25:53,0.9,50,132800
20240223,10:26:43,0.9,50,132800
20240223,10:27:03,0.9,50,132800
20240223,10:28:50,0.85,50,134800
20240223,10:29:12,0.85,1800,134800
20240223,10:29:14,0.85,600,134800
20240223,10:29:16,0.85,1000,134800
20240223,10:29:19,0.85,2200,134800
20240223,10:29:20,0.85,50,134800
20240223,10:29:21,0.85,300,134800
20240223,10:29:21,0.85,50,134800
20240223,10:29:22,0.85,50,134800
20240223,10:29:40,0.85,400,134800
20240223,10:29:43,0.85,100,134800
20240223,10:30:12,0.85,1500,134800
20240223,10:30:13,0.8,50,134800
20240223,10:31:16,0.8,50,134800
20240223,10:31:35,0.8,100,135450
20240223,10:31:58,0.8,100,135450
20240223,10:32:00,0.85,100,135450
20240223,10:32:16,0.8,50,135450
20240223,10:33:21,0.85,300,135450
20240223,10:36:42,0.8,11250,135000
20240223,10:36:44,0.8,50,135000
20240223,10:36:45,0.8,50,135000
20240223,10:37:55,0.8,1550,135000
20240223,10:38:22,0.8,50,136950
20240223,10:39:10,0.8,1200,136950
20240223,10:40:17,0.75,700,136950
20240223,10:40:40,0.8,50,138050
20240223,10:42:08,0.8,250,138050
20240223,10:42:09,0.8,750,138050
20240223,10:43:24,0.8,50,136600
20240223,10:43:25,0.8,50,136600
20240223,10:43:35,0.8,100,136600
20240223,10:45:13,0.8,200,136600
20240223,10:50:41,0.85,500,136600
20240223,10:57:57,0.9,1800,136300
20240223,11:01:03,0.85,1800,136100
20240223,11:04:01,0.8,150,136800
20240223,11:05:57,0.85,750,138450
20240223,11:05:59,0.9,1350,138450
20240223,11:06:02,0.9,900,138450
20240223,11:06:04,0.9,1600,138450
20240223,11:06:05,0.9,400,138450
20240223,11:06:07,0.9,1300,138450
20240223,11:06:14,0.9,400,138450
20240223,11:06:20,0.9,1800,138450
20240223,11:06:25,0.95,250,138450
20240223,11:06:26,0.95,100,138450
20240223,11:06:42,0.9,50,138450
20240223,11:06:44,0.9,1750,138450
20240223,11:07:32,0.95,50,141450
20240223,11:07:42,0.9,1800,141450
20240223,11:07:44,0.9,1350,141450
20240223,11:07:55,0.9,1900,141450
20240223,11:08:18,0.9,700,141450
20240223,11:08:20,0.9,800,141450
20240223,11:08:21,0.95,450,141450
20240223,11:08:38,0.95,50,141450
20240223,11:08:47,0.9,50,141450
20240223,11:14:53,0.85,850,145200
20240223,11:15:21,0.85,200,145200
20240223,11:15:24,0.85,350,145200
20240223,11:15:56,0.85,500,145200
20240223,11:16:43,0.85,300,145150
20240223,11:17:15,0.85,50,145150
20240223,11:17:48,0.85,250,145150
20240223,11:18:21,0.85,50,145150
20240223,11:18:29,0.85,50,145150
20240223,11:18:56,0.85,50,145150
20240223,11:20:02,0.85,1800,145550
20240223,11:21:01,0.85,50,145550
20240223,11:22:09,0.85,900,145550
20240223,11:22:18,0.85,100,144200
20240223,11:22:38,0.85,2150,144200
20240223,11:23:16,0.85,500,144200
20240223,11:23:17,0.85,50,144200
20240223,11:26:41,0.85,200,144200
20240223,11:26:44,0.85,200,143600
20240223,11:26:46,0.85,200,143600
20240223,11:27:08,0.85,1800,143600
20240223,11:27:11,0.85,1800,143600
20240223,11:28:16,0.85,1350,143600
20240223,11:37:19,0.85,100,145950
20240223,11:41:56,0.9,50,144550
20240223,11:45:23,0.85,50,144600
20240223,11:47:15,0.85,50,144600
20240223,11:49:10,0.85,100,144500
20240223,11:50:58,0.85,450,144500
20240223,11:51:00,0.85,150,144500
20240223,11:51:11,0.85,500,144500
20240223,11:51:23,0.85,50,144500
20240223,11:52:17,0.8,50,143700
20240223,11:52:45,0.8,50,143700
20240223,11:57:17,0.85,50,143700
20240223,11:57:24,0.85,100,143650
20240223,11:59:18,0.8,100,143650
20240223,11:59:37,0.85,50,143650
20240223,12:01:27,0.85,250,143650
20240223,12:02:06,0.85,650,143550
20240223,12:03:21,0.85,50,143550
20240223,12:03:49,0.85,200,143550
20240223,12:05:55,0.8,50,143150
20240223,12:06:09,0.85,50,143150
20240223,12:06:25,0.8,50,143150
20240223,12:08:09,0.8,50,143150
20240223,12:12:25,0.8,50,143050
20240223,12:16:56,0.85,350,143000
20240223,12:21:37,0.85,300,143000
20240223,12:34:13,0.8,2150,143650
20240223,12:34:31,0.8,700,143650
20240223,12:34:32,0.8,50,144150
20240223,12:34:39,0.8,50,144150
20240223,12:35:11,0.8,50,144150
20240223,12:35:21,0.8,50,144150
20240223,12:35:46,0.8,50,144150
20240223,12:36:15,0.8,50,144150
20240223,12:36:27,0.8,1350,144150
20240223,12:36:36,0.8,1450,144150
20240223,12:37:31,0.8,250,144150
20240223,12:38:40,0.8,100,145200
20240223,12:39:56,0.8,50,145200
20240223,12:42:06,0.8,950,145550
20240223,12:42:07,0.8,50,145550
20240223,12:46:12,0.8,50,146450
20240223,12:46:14,0.8,100,146450
20240223,12:47:53,0.75,850,146450
20240223,12:49:55,0.75,350,145750
20240223,12:51:43,0.75,1800,145750
20240223,12:51:45,0.75,1800,145750
20240223,12:51:46,0.75,1800,145750
20240223,12:51:50,0.75,1800,145750
20240223,12:53:21,0.75,400,145400
20240223,12:53:24,0.75,150,145400
20240223,12:53:26,0.75,2350,145400
20240223,12:53:27,0.7,50,145400
20240223,12:53:30,0.75,550,145400
20240223,12:53:47,0.75,50,145400
20240223,12:55:28,0.75,650,145400
20240223,12:55:39,0.75,100,147100
20240223,12:56:58,0.75,1450,147100
20240223,12:57:40,0.75,1800,147100
20240223,12:58:16,0.75,250,147100
20240223,12:58:30,0.75,500,147100
20240223,12:59:37,0.75,50,147200
20240223,12:59:38,0.75,50,147200
20240223,13:02:48,0.7,33200,147200
20240223,13:02:48,0.7,50,147200
20240223,13:02:56,0.7,50,147200
20240223,13:03:08,0.7,450,147200
20240223,13:03:42,0.7,1800,147200
20240223,13:04:44,0.7,50,166300
20240223,13:05:10,0.7,5800,166300
20240223,13:05:24,0.7,50,166300
20240223,13:05:32,0.7,1800,166300
20240223,13:05:36,0.7,1400,166300
20240223,13:06:18,0.7,1100,166300
20240223,13:06:19,0.7,1500,166300
20240223,13:06:57,0.7,550,166300
20240223,13:07:10,0.7,1800,166300
20240223,13:07:10,0.7,5400,166300
20240223,13:07:46,0.7,200,152350
20240223,13:07:50,0.7,200,152350
20240223,13:07:51,0.7,1350,152350
20240223,13:10:08,0.7,3600,152350
20240223,13:10:11,0.7,950,152350
20240223,13:10:12,0.7,1500,152350
20240223,13:10:14,0.7,50,152350
20240223,13:11:39,0.7,1800,152850
20240223,13:13:53,0.65,50,151050
20240223,13:14:13,0.65,1150,151050
20240223,13:14:36,0.65,50,151050
20240223,13:14:50,0.65,50,151050
20240223,13:14:53,0.65,3900,151050
20240223,13:14:53,0.65,50,151050
20240223,13:14:58,0.65,50,151050
20240223,13:15:36,0.65,50,151050
20240223,13:17:23,0.65,1250,152000
20240223,13:20:05,0.65,250,151200
20240223,13:23:16,0.65,50,151200
20240223,13:25:39,0.65,50,151200
20240223,13:25:40,0.6,50,151200
20240223,13:29:14,0.6,1350,151200
20240223,13:29:29,0.65,2750,151200
20240223,13:31:06,0.65,250,151200
20240223,13:32:48,0.65,3750,151200
20240223,13:33:04,0.65,50,149200
20240223,13:33:06,0.65,1800,149200
20240223,13:33:47,0.6,300,149200
20240223,13:36:44,0.7,50,149200
20240223,13:39:43,0.65,100,150700
20240223,13:41:58,0.65,50,150600
20240223,13:41:58,0.65,100,150600
20240223,13:50:43,0.65,50,150600
20240223,13:51:49,0.6,1800,150700
20240223,13:51:50,0.6,1800,150700
20240223,13:52:00,0.65,50,150700
20240223,13:52:30,0.65,100,150700
20240223,13:57:22,0.6,1800,148450
20240223,13:59:45,0.65,50,146650
20240223,14:00:10,0.65,150,146650
20240223,14:09:19,0.65,500,146650
20240223,14:10:38,0.65,200,147350
20240223,14:10:53,0.65,1800,147350
20240223,14:11:08,0.65,1800,147350
20240223,14:13:03,0.65,800,147350
20240223,14:13:09,0.65,50,147350
20240223,14:13:27,0.65,1800,147350
20240223,14:13:30,0.65,1750,147350
20240223,14:19:17,0.6,3600,144650
20240223,14:20:38,0.6,2450,143700
20240223,14:22:05,0.65,250,143700
20240223,14:26:17,0.6,250,143150
20240223,14:26:20,0.6,150,143150
20240223,14:28:25,0.6,50,143150
20240223,14:34:22,0.65,50,143150
20240223,14:35:45,0.65,50,143050
20240223,14:38:40,0.6,50,143100
20240223,14:39:09,0.6,50,143100
20240223,14:45:41,0.65,50,143000
20240223,14:47:35,0.6,50,143000
20240223,14:48:14,0.65,50,143050
20240223,15:02:07,0.6,50,143050
20240223,15:05:13,0.65,50,143050
20240223,15:07:53,0.65,50,143050
20240223,15:08:45,0.65,50,143100
20240223,15:09:26,0.65,250,143100
20240223,15:09:46,0.6,50,143100
20240223,15:10:30,0.6,3600,143100
20240223,15:10:31,0.6,200,143100
20240223,15:11:59,0.6,3650,139600
20240223,15:12:06,0.6,1750,139600
20240223,15:14:51,0.65,1800,137150
20240223,15:14:53,0.65,1800,137150
20240223,15:14:55,0.65,1800,137150
20240223,15:15:16,0.65,50,137150
20240223,15:15:18,0.65,150,137150
20240223,15:15:19,0.6,100,137150
20240223,15:16:29,0.6,250,137150
20240223,15:18:03,0.55,3600,137150
20240223,15:18:04,0.55,3600,136550
20240223,15:18:05,0.55,1800,136550
20240223,15:18:09,0.55,50,136550
20240223,15:18:24,0.55,650,136550
20240223,15:18:46,0.55,1800,136550
20240223,15:18:47,0.5,5450,136550
20240223,15:18:48,0.5,3600,136550
20240223,15:19:08,0.5,350,136550
20240223,15:19:11,0.5,200,136550
20240223,15:19:15,0.55,300,136550
20240223,15:19:24,0.55,450,136550
20240223,15:19:35,0.55,150,136550
20240223,15:19:49,0.55,300,136550
20240223,15:20:04,0.5,5400,128200
20240223,15:20:05,0.5,500,128200
20240223,15:20:27,0.5,50,128200
20240223,15:21:58,0.55,250,128200
20240223,15:22:15,0.55,250,128200
20240223,15:22:15,0.5,50,128200
20240223,15:22:17,0.5,650,128200
20240223,15:22:18,0.5,50,128200
20240223,15:22:19,0.5,500,128200
20240223,15:22:52,0.55,250,126200
20240223,15:23:21,0.55,500,126200
20240223,15:23:23,0.55,50,126200
20240223,15:23:29,0.55,100,126200
20240223,15:23:33,0.5,250,126200
20240223,15:23:38,0.5,100,126200
20240223,15:24:42,0.5,450,126200
20240223,15:24:57,0.5,50,126200
20240223,15:24:58,0.5,1800,126200
20240223,15:25:00,0.5,550,126200
20240223,15:25:05,0.5,200,126200
20240223,15:25:11,0.5,100,126200
20240223,15:25:13,0.5,1900,126200
20240223,15:25:21,0.5,100,126200
20240223,15:25:23,0.5,50,126200
20240223,15:25:34,0.5,300,126200
20240223,15:25:54,0.45,1800,126200
20240223,15:26:12,0.45,1850,125650
20240223,15:26:26,0.45,1800,125650
20240223,15:27:16,0.45,50,125650
20240223,15:28:30,0.45,100,125650
20240223,15:28:33,0.45,100,125650
20240223,15:28:44,0.45,1800,125650
20240223,15:28:53,0.45,100,127450
20240223,15:28:58,0.45,650,127450
20240223,15:29:00,0.45,100,127450
20240223,15:29:30,0.45,200,127450
20240223,15:29:51,0.45,50,127450
20240226,09:15:01,0.45,1,127450
20240226,09:15:01,0.4,100,127450
20240226,09:15:03,0.6,1900,127450
20240226,09:15:15,0.6,1350,127450
20240226,09:15:28,0.55,100,127450
20240226,09:15:57,0.5,250,127500
20240226,09:16:00,0.5,350,127500
20240226,09:16:10,0.5,1500,127500
20240226,09:16:20,0.45,250,127500
20240226,09:16:36,0.45,50,127500
20240226,09:17:10,0.45,1800,127500
20240226,09:17:30,0.5,50,127500
20240226,09:17:40,0.5,50,127500
20240226,09:18:00,0.5,500,127500
20240226,09:18:09,0.5,50,127500
20240226,09:18:28,0.5,100,127500
20240226,09:19:22,0.5,50,128700
20240226,09:20:38,0.5,50,128700
20240226,09:21:24,0.5,100,128700
20240226,09:21:44,0.5,200,128700
20240226,09:22:07,0.45,250,128700
20240226,09:22:09,0.45,250,128700
20240226,09:22:19,0.45,50,128700
20240226,09:22:37,0.45,2500,128700
20240226,09:23:11,0.4,5400,128700
20240226,09:23:35,0.45,50,128700
20240226,09:24:52,0.45,1800,128700
20240226,09:24:53,0.45,5400,134000
20240226,09:25:09,0.45,500,134000
20240226,09:26:10,0.4,1800,134000
20240226,09:26:16,0.4,50,134000
20240226,09:27:12,0.45,50,134000
20240226,09:27:23,0.4,50,134000
20240226,09:27:35,0.4,1800,134000
20240226,09:27:46,0.4,50,134000
20240226,09:28:06,0.4,1800,137700
20240226,09:29:00,0.4,1800,137700
20240226,09:29:05,0.4,100,137700
20240226,09:29:05,0.4,1800,137700
20240226,09:29:18,0.4,3600,137700
20240226,09:29:23,0.4,50,137700
20240226,09:29:55,0.4,100,137700
20240226,09:30:04,0.4,5400,137700
20240226,09:30:05,0.4,1800,137700
20240226,09:30:06,0.4,50,137700
20240226,09:30:33,0.4,550,137700
20240226,09:30:34,0.4,1800,137700
20240226,09:31:13,0.4,50,137700
20240226,09:31:14,0.35,1800,155600
20240226,09:31:18,0.35,1650,155600
20240226,09:32:20,0.4,450,155600
20240226,09:32:29,0.35,250,155600
20240226,09:32:51,0.35,350,155600
20240226,09:33:07,0.35,100,155600
20240226,09:33:46,0.4,100,157400
20240226,09:34:36,0.4,100,157400
20240226,09:35:17,0.4,50,157400
20240226,09:35:40,0.35,250,157400
20240226,09:35:58,0.35,1800,157400
20240226,09:36:10,0.35,450,157400
20240226,09:36:45,0.35,150,159200
20240226,09:36:53,0.35,50,159200
20240226,09:37:10,0.35,450,159200
20240226,09:37:11,0.35,50,159200
20240226,09:37:43,0.4,50,159200
20240226,09:37:49,0.4,50,159200
20240226,09:37:52,0.4,1500,159200
20240226,09:38:39,0.4,350,159200
20240226,09:39:08,0.35,450,159200
20240226,09:40:00,0.4,50,157900
20240226,09:40:42,0.35,250,157900
20240226,09:41:02,0.4,50,157900
20240226,09:41:25,0.4,400,157900
20240226,09:41:42,0.4,100,157900
20240226,09:45:59,0.35,1800,157900
20240226,09:46:16,0.4,250,157900
20240226,09:46:44,0.4,12500,157900
20240226,09:47:11,0.4,50,157900
20240226,09:47:35,0.45,3000,157900
20240226,09:47:40,0.4,250,157900
20240226,09:47:46,0.4,450,157900
20240226,09:47:55,0.4,250,157900
20240226,09:48:06,0.45,4000,157900
20240226,09:48:30,0.4,2450,157900
20240226,09:50:22,0.4,100,157900
20240226,09:52:13,0.35,1800,155950
20240226,09:52:14,0.35,300,155950
20240226,09:53:06,0.35,250,155950
20240226,09:53:09,0.35,250,155950
20240226,09:54:03,0.35,50,155950
20240226,09:54:12,0.4,200,155950
20240226,09:54:40,0.35,5400,155950
20240226,09:54:41,0.35,1800,155950
20240226,09:55:05,0.35,1800,164950
20240226,09:55:50,0.35,1800,164950
20240226,09:56:22,0.4,500,164950
20240226,09:56:30,0.35,250,164950
20240226,09:56:38,0.35,1800,164950
20240226,09:56:59,0.4,150,164950
20240226,09:57:44,0.35,300,164950
20240226,09:58:02,0.35,250,164950
20240226,09:58:20,0.35,1800,170500
20240226,09:58:41,0.35,250,170500
20240226,09:58:54,0.35,250,170500
20240226,09:58:57,0.4,100,170500
20240226,09:59:19,0.35,50,170500
20240226,09:59:44,0.35,3600,170500
20240226,09:59:59,0.35,300,170500
20240226,10:00:04,0.35,1800,170500
20240226,10:00:05,0.35,1800,170500
20240226,10:00:29,0.35,6500,170500
20240226,10:00:29,0.3,3600,170500
20240226,10:00:30,0.3,5400,170500
20240226,10:00:31,0.3,1800,170500
20240226,10:01:32,0.3,50,170500
20240226,10:02:33,0.35,50,195500
20240226,10:03:27,0.35,550,195500
20240226,10:04:02,0.3,3600,194950
20240226,10:04:33,0.3,1800,194950
20240226,10:05:04,0.3,250,194950
20240226,10:05:24,0.3,1800,194950
20240226,10:05:48,0.3,50,194950
20240226,10:06:28,0.3,350,194950
20240226,10:06:38,0.35,1800,194950
20240226,10:07:06,0.35,1800,202150
20240226,10:07:13,0.35,1800,202150
20240226,10:07:23,0.35,1800,202150
20240226,10:07:49,0.35,1800,202150
20240226,10:09:30,0.3,1800,202150
20240226,10:13:56,0.35,1800,204750
20240226,10:14:10,0.35,200,204750
20240226,10:19:26,0.35,1800,204750
20240226,10:19:27,0.35,700,204750
20240226,10:21:46,0.35,250,204750
20240226,10:24:44,0.35,50,204800
20240226,10:25:06,0.3,1800,204800
20240226,10:25:50,0.35,50,204800
20240226,10:26:46,0.3,50,204800
20240226,10:28:09,0.3,1800,204800
20240226,10:28:59,0.35,150,206600
20240226,10:30:14,0.35,250,206600
20240226,10:30:26,0.3,1800,206600
20240226,10:30:37,0.3,1000,206600
20240226,10:31:11,0.3,1800,210200
20240226,10:31:22,0.35,50,210200
20240226,10:31:55,0.35,50,210200
20240226,10:34:04,0.35,150,212000
20240226,10:35:19,0.35,450,212000
20240226,10:36:11,0.35,150,212000
20240226,10:37:22,0.35,300,212000
20240226,10:38:21,0.35,50,212000
20240226,10:39:00,0.35,150,212000
20240226,10:39:02,0.35,150,212000
20240226,10:39:03,0.35,150,212000
20240226,10:40:06,0.3,1800,212000
20240226,10:55:56,0.3,1800,214500
20240226,10:55:59,0.3,50,214500
20240226,10:59:29,0.3,1800,216300
20240226,11:01:31,0.35,50,216300
20240226,11:02:08,0.35,200,218100
20240226,11:03:22,0.3,1800,218100
20240226,11:07:10,0.35,1700,218100
20240226,11:07:22,0.35,50,220150
20240226,11:07:51,0.35,200,220150
20240226,11:10:58,0.3,50,220150
20240226,11:11:48,0.3,550,222100
20240226,11:15:25,0.3,1800,222100
20240226,11:16:49,0.3,3600,222100
20240226,11:17:25,0.3,50,225700
20240226,11:17:55,0.3,1800,225700
20240226,11:19:28,0.35,50,225700
20240226,11:20:13,0.3,1800,228600
20240226,11:20:18,0.3,50,228600
20240226,11:21:15,0.3,200,228600
20240226,11:23:41,0.3,50,230450
20240226,11:32:17,0.35,50,230450
20240226,11:32:18,0.3,1800,230450
20240226,11:32:36,0.3,550,230450
20240226,11:34:04,0.35,50,230450
20240226,11:41:15,0.3,50,232250
20240226,11:43:54,0.35,50,232300
20240226,11:44:17,0.3,3600,232300
20240226,11:44:18,0.3,5400,232300
20240226,11:45:08,0.3,14400,232300
20240226,11:45:09,0.3,1800,232300
20240226,11:45:13,0.3,3750,232300
20240226,11:45:14,0.3,200,232300
20240226,11:46:34,0.3,250,232300
20240226,11:46:52,0.25,50,240000
20240226,11:51:42,0.25,1800,240000
20240226,11:51:50,0.25,50,240000
20240226,11:51:55,0.25,100,240000
20240226,11:52:05,0.3,2500,240000
20240226,11:54:55,0.3,50,240000
20240226,11:56:48,0.3,1800,240000
20240226,11:57:36,0.25,50,240000
20240226,11:58:04,0.25,1800,240000
20240226,12:00:27,0.3,250,241800
20240226,12:00:49,0.3,1800,241800
20240226,12:01:30,0.3,400,241800
20240226,12:01:33,0.3,50,240000
20240226,12:02:22,0.3,250,240000
20240226,12:08:41,0.25,50,240000
20240226,12:13:21,0.3,50,240000
20240226,12:14:53,0.25,50,240000
20240226,12:16:03,0.25,1800,240000
20240226,12:19:04,0.25,1800,241800
20240226,12:19:20,0.3,50,241800
20240226,12:20:13,0.3,50,243600
20240226,12:20:16,0.25,50,243600
20240226,12:20:43,0.25,50,243600
20240226,12:21:04,0.25,1800,243600
20240226,12:21:54,0.3,50,243600
20240226,12:21:58,0.25,50,243600
20240226,12:22:48,0.25,3600,245400
20240226,12:22:53,0.3,50,245400
20240226,12:25:52,0.3,1150,249050
20240226,12:27:15,0.3,50,249050
20240226,12:31:06,0.3,50,249850
20240226,12:33:32,0.25,400,249850
20240226,12:34:08,0.25,50,249850
20240226,12:36:02,0.25,1800,249850
20240226,12:37:19,0.25,1800,249850
20240226,12:37:20,0.25,1800,250950
20240226,12:37:21,0.25,1800,250950
20240226,12:38:06,0.3,50,250950
20240226,12:38:16,0.3,500,250950
20240226,12:39:03,0.25,1800,250950
20240226,12:40:05,0.25,50,250950
20240226,12:41:53,0.3,50,258150
20240226,12:44:03,0.3,100,258150
20240226,12:46:24,0.25,1800,258150
20240226,12:47:31,0.25,50,258150
20240226,12:51:19,0.3,50,258150
20240226,12:51:52,0.25,50,259950
20240226,12:52:24,0.3,50,259950
20240226,12:53:10,0.25,1800,259950
20240226,12:55:25,0.3,50,261750
20240226,12:55:49,0.25,1800,261750
20240226,12:59:03,0.25,50,263550
20240226,12:59:25,0.25,250,263550
20240226,13:01:39,0.3,50,263550
20240226,13:01:43,0.25,50,263550
20240226,13:02:38,0.25,1800,263550
20240226,13:04:26,0.25,1800,263550
20240226,13:05:48,0.25,1800,265350
20240226,13:05:49,0.25,3600,265350
20240226,13:06:31,0.25,50,265350
20240226,13:07:23,0.3,300,267150
20240226,13:10:42,0.25,7200,267150
20240226,13:11:11,0.3,250,267150
20240226,13:14:57,0.25,550,274350
20240226,13:16:19,0.25,150,274350
20240226,13:20:04,0.3,300,274350
20240226,13:21:00,0.3,50,274350
20240226,13:21:02,0.25,50,274350
20240226,13:22:07,0.3,50,274350
20240226,13:22:20,0.3,400,274350
20240226,13:24:16,0.25,50,274350
20240226,13:33:07,0.25,50,273950
20240226,13:33:29,0.3,50,273950
20240226,13:33:32,0.25,50,273950
20240226,13:38:00,0.25,250,273950
20240226,13:39:20,0.3,200,273950
20240226,13:39:23,0.25,250,273950
20240226,13:40:20,0.3,500,273950
20240226,13:42:00,0.3,50,273950
20240226,13:42:05,0.25,50,273950
20240226,13:42:07,0.3,50,273950
20240226,13:46:46,0.3,50,273950
20240226,13:47:52,0.25,50,273950
20240226,13:53:24,0.3,50,273950
20240226,13:59:20,0.25,50,273950
20240226,14:01:07,0.3,50,273950
20240226,14:01:09,0.25,50,273950
20240226,14:04:14,0.3,50,273950
20240226,14:04:57,0.25,50,273950
20240226,14:07:59,0.3,3600,273950
20240226,14:08:05,0.25,550,273950
20240226,14:08:08,0.3,200,273950
20240226,14:13:05,0.3,50,274050
20240226,14:14:03,0.25,50,274050
20240226,14:16:12,0.25,50,274050
20240226,14:17:44,0.25,50,274050
20240226,14:18:57,0.25,50,274050
20240226,14:22:38,0.3,50,274050
20240226,14:22:42,0.25,50,274050
20240226,14:23:12,0.3,3600,274050
20240226,14:24:13,0.3,5400,274050
20240226,14:24:45,0.3,1800,274050
20240226,14:25:24,0.25,900,274050
20240226,14:25:38,0.25,500,263250
20240226,14:26:05,0.3,3600,263250
20240226,14:27:21,0.3,3600,263250
20240226,14:28:05,0.3,9000,263250
20240226,14:30:18,0.3,3600,263250
20240226,14:30:38,0.25,1150,247300
20240226,14:32:18,0.3,50,244950
20240226,14:32:55,0.3,50,244950
20240226,14:33:41,0.3,50,244950
20240226,14:33:44,0.25,50,244950
20240226,14:35:35,0.3,3750,244950
20240226,14:35:57,0.3,50,244950
20240226,14:36:00,0.25,50,244950
20240226,14:36:14,0.3,3600,244950
20240226,14:37:07,0.25,100,244950
20240226,14:39:46,0.25,250,241850
20240226,14:39:52,0.25,300,241850
20240226,14:39:53,0.25,350,241850
20240226,14:48:47,0.25,250,241850
20240226,14:49:27,0.25,250,241850
20240226,14:50:41,0.25,250,241850
20240226,14:50:51,0.3,50,241850
20240226,14:50:56,0.25,50,241850
20240226,14:50:58,0.25,250,241850
20240226,14:52:37,0.25,50,241850
20240226,14:53:13,0.25,250,241850
20240226,14:53:27,0.25,500,241850
20240226,15:05:34,0.3,50,241850
20240226,15:06:47,0.25,16200,241850
20240226,15:06:56,0.25,5400,241850
20240226,15:07:31,0.3,50,241850
20240226,15:17:39,0.25,5550,238300
20240226,15:17:55,0.25,50,238300
20240226,15:18:44,0.25,100,238300
20240226,15:19:21,0.25,5400,238300
20240226,15:19:22,0.25,1800,238300
20240226,15:19:29,0.3,50,238300
20240226,15:19:52,0.25,50,238300
20240226,15:19:54,0.25,200,236200
20240226,15:20:07,0.2,1700,236200
20240226,15:22:00,0.2,1350,236200
20240226,15:25:12,0.2,200,236000
20240226,15:25:14,0.2,100,236000
20240226,15:25:19,0.2,100,236000
20240226,15:25:22,0.2,100,236000
20240226,15:25:26,0.2,100,236000
20240226,15:25:27,0.2,100,236000
20240226,15:25:35,0.2,50,236000
20240226,15:25:56,0.2,100,236600
20240226,15:27:46,0.2,200,236600
20240226,15:28:00,0.25,100,236600
20240226,15:28:13,0.2,1800,236600
20240226,15:28:30,0.2,1800,236600
20240226,15:28:46,0.2,850,236700
20240226,15:28:48,0.2,200,236700
20240226,15:28:49,0.2,300,236700
20240226,15:28:50,0.2,250,236700
20240226,15:28:51,0.2,150,236700
20240226,15:28:54,0.2,250,236700
20240226,15:29:14,0.2,3650,236700
20240226,15:29:58,0.2,100,236700
20240226,15:29:59,0.25,1800,236700
20240227,09:15:02,0.3,1,236800
20240227,09:15:02,0.3,50,236800
20240227,09:15:05,0.25,500,236800
20240227,09:15:08,0.25,50,236800
20240227,09:15:19,0.25,100,236800
20240227,09:15:32,0.3,1500,236800
20240227,09:15:34,0.3,900,236800
20240227,09:15:59,0.3,50,236800
20240227,09:16:07,0.3,350,236600
20240227,09:16:13,0.3,50,236600
20240227,09:16:56,0.3,50,236600
20240227,09:17:12,0.3,50,236600
20240227,09:18:25,0.3,50,236600
20240227,09:18:27,0.3,50,236600
20240227,09:18:31,0.3,50,236600
20240227,09:18:39,0.3,350,236600
20240227,09:18:53,0.3,50,236550
20240227,09:18:55,0.3,50,236550
20240227,09:19:01,0.3,50,236550
20240227,09:19:03,0.3,250,236550
20240227,09:19:15,0.3,400,236550
20240227,09:19:28,0.3,50,236550
20240227,09:19:49,0.25,1500,236550
20240227,09:20:24,0.3,50,236550
20240227,09:20:38,0.25,400,236550
20240227,09:21:19,0.25,50,236550
20240227,09:21:51,0.25,100,234800
20240227,09:22:02,0.3,50,234800
20240227,09:23:34,0.3,50,234800
20240227,09:23:45,0.3,500,234800
20240227,09:23:48,0.3,200,234800
20240227,09:23:52,0.3,100,234800
20240227,09:24:07,0.3,1450,234800
20240227,09:24:08,0.3,50,234800
20240227,09:24:16,0.3,100,234800
20240227,09:24:30,0.3,50,234800
20240227,09:24:40,0.25,50,234800
20240227,09:24:57,0.3,150,234800
20240227,09:25:02,0.25,50,234800
20240227,09:25:36,0.3,50,234800
20240227,09:26:00,0.25,50,234800
20240227,09:26:03,0.3,50,234800
20240227,09:26:05,0.3,100,234800
20240227,09:26:15,0.3,50,234800
20240227,09:26:18,0.25,50,234800
20240227,09:26:52,0.3,250,234800
20240227,09:27:01,0.25,50,234800
20240227,09:27:19,0.3,250,234800
20240227,09:27:35,0.3,100,234800
20240227,09:27:47,0.25,100,234800
20240227,09:28:53,0.25,50,234800
20240227,09:29:34,0.25,50,234800
20240227,09:29:56,0.3,50,234800
20240227,09:32:04,0.3,50,234800
20240227,09:32:04,0.25,950,234800
20240227,09:32:32,0.25,50,234800
20240227,09:32:46,0.3,50,234800
20240227,09:33:28,0.3,50,234800
20240227,09:34:43,0.3,250,234800
20240227,09:34:47,0.3,50,234200
20240227,09:34:53,0.25,50,234200
20240227,09:35:08,0.25,50,234200
20240227,09:35:15,0.3,50,234200
20240227,09:35:38,0.3,50,234200
20240227,09:36:57,0.3,350,234200
20240227,09:37:40,0.3,50,234200
20240227,09:38:45,0.3,50,234200
20240227,09:38:50,0.3,50,234200
20240227,09:39:36,0.3,50,234200
20240227,09:39:45,0.3,250,234200
20240227,09:40:28,0.3,50,234200
20240227,09:40:33,0.3,250,234200
20240227,09:41:05,0.3,100,234200
20240227,09:41:24,0.3,50,234200
20240227,09:41:57,0.3,400,234200
20240227,09:43:01,0.25,50,234200
20240227,09:45:01,0.25,250,234200
20240227,09:46:21,0.25,100,234200
20240227,09:47:30,0.3,1300,234200
20240227,09:48:37,0.25,50,234200
20240227,09:49:34,0.3,250,234200
20240227,09:49:42,0.25,150,234200
20240227,09:49:54,0.25,100,234200
20240227,09:50:14,0.3,250,234200
20240227,09:50:25,0.3,50,234200
20240227,09:51:11,0.3,100,234200
20240227,09:51:25,0.3,50,234200
20240227,09:51:36,0.3,50,234200
20240227,09:53:18,0.3,100,234200
20240227,09:53:44,0.25,100,234250
20240227,09:54:02,0.3,150,234250
20240227,09:56:14,0.25,100,234250
20240227,09:58:33,0.3,50,234250
20240227,09:59:54,0.3,150,234250
20240227,10:00:25,0.25,50,234250
20240227,10:01:00,0.3,500,234250
20240227,10:01:16,0.3,50,234250
20240227,10:02:10,0.3,350,234250
20240227,10:02:28,0.25,150,234250
20240227,10:02:34,0.3,100,234250
20240227,10:02:53,0.3,250,234250
20240227,10:03:09,0.25,250,234250
20240227,10:03:35,0.3,350,234250
20240227,10:04:37,0.25,50,234250
20240227,10:05:23,0.3,250,234350
20240227,10:06:11,0.25,1000,234350
20240227,10:06:21,0.3,100,234350
20240227,10:07:41,0.3,50,234350
20240227,10:07:55,0.3,200,234350
20240227,10:08:26,0.3,50,234350
20240227,10:08:40,0.3,50,234350
20240227,10:08:52,0.3,50,234350
20240227,10:09:05,0.3,200,234350
20240227,10:10:19,0.3,50,234350
20240227,10:11:14,0.3,50,234350
20240227,10:11:51,0.25,50,234350
20240227,10:12:12,0.3,50,234350
20240227,10:12:23,0.25,50,234350
20240227,10:14:06,0.25,250,234400
20240227,10:15:46,0.3,500,234400
20240227,10:15:56,0.3,100,234400
20240227,10:16:08,0.25,500,234650
20240227,10:16:23,0.3,50,234650
20240227,10:19:40,0.3,250,234650
20240227,10:20:45,0.3,150,234350
20240227,10:20:56,0.25,100,234350
20240227,10:22:43,0.25,300,234350
20240227,10:23:00,0.25,100,234350
20240227,10:23:05,0.25,50,234350
20240227,10:23:10,0.3,150,234350
20240227,10:23:45,0.25,200,234350
20240227,10:23:58,0.3,50,234350
20240227,10:24:44,0.3,50,234350
20240227,10:25:43,0.3,50,234350
20240227,10:26:20,0.25,50,234350
20240227,10:26:30,0.3,300,234350
20240227,10:26:49,0.25,3600,234350
20240227,10:27:27,0.3,1800,234350
20240227,10:28:00,0.3,50,237950
20240227,10:28:41,0.3,50,237950
20240227,10:29:35,0.3,1000,237950
20240227,10:30:42,0.3,50,237950
20240227,10:30:43,0.25,50,237950
20240227,10:30:47,0.25,50,237950
20240227,10:31:15,0.25,1800,237950
20240227,10:31:18,0.3,50,237950
20240227,10:32:54,0.3,50,237950
20240227,10:33:35,0.3,50,237950
20240227,10:33:59,0.3,1000,237950
20240227,10:34:01,0.3,500,237950
20240227,10:34:07,0.3,50,237950
20240227,10:34:33,0.3,50,237950
20240227,10:34:36,0.3,50,237950
20240227,10:34:41,0.25,300,237950
20240227,10:34:49,0.25,50,237950
20240227,10:35:17,0.3,50,237950
20240227,10:36:09,0.3,100,237950
20240227,10:37:05,0.25,50,237950
20240227,10:37:28,0.3,50,237950
20240227,10:37:31,0.25,50,237950
20240227,10:38:28,0.3,50,237950
20240227,10:38:33,0.25,50,237950
20240227,10:39:37,0.3,50,237950
20240227,10:39:45,0.25,50,237950
20240227,10:40:04,0.25,100,237950
20240227,10:41:15,0.3,50,237950
20240227,10:41:27,0.25,250,237950
20240227,10:42:04,0.3,50,237950
20240227,10:42:36,0.3,50,237950
20240227,10:42:47,0.3,50,237950
20240227,10:43:00,0.3,100,237950
20240227,10:43:29,0.3,100,237950
20240227,10:43:45,0.3,50,237950
20240227,10:43:59,0.3,50,237950
20240227,10:44:02,0.3,50,237950
20240227,10:44:41,0.25,1800,237950
20240227,10:44:49,0.25,50,237950
20240227,10:45:04,0.25,5600,237950
20240227,10:45:04,0.25,7200,237950
20240227,10:45:34,0.3,50,237950
20240227,10:45:48,0.3,1300,237950
20240227,10:45:49,0.25,50,237950
20240227,10:46:38,0.25,1300,237950
20240227,10:46:59,0.3,50,237950
20240227,10:47:28,0.25,1350,237950
20240227,10:47:35,0.3,50,237950
20240227,10:47:47,0.25,1300,237950
20240227,10:48:30,0.3,500,237950
20240227,10:49:03,0.25,50,237950
20240227,10:51:06,0.3,1000,237900
20240227,10:51:22,0.3,50,237900
20240227,10:51:30,0.3,50,237900
20240227,10:51:32,0.3,50,237900
20240227,10:52:15,0.3,200,237900
20240227,10:52:25,0.25,50,237900
20240227,10:52:38,0.3,250,237900
20240227,10:52:42,0.25,50,237900
20240227,10:52:46,0.3,50,237900
20240227,10:52:52,0.3,100,237900
20240227,10:53:02,0.3,50,237900
20240227,10:53:42,0.3,100,237900
20240227,10:54:10,0.3,550,237900
20240227,10:54:36,0.3,100,237900
20240227,10:54:49,0.25,50,237900
20240227,10:55:01,0.3,1800,237900
20240227,10:55:02,0.3,1950,237900
20240227,10:55:51,0.3,50,237900
20240227,10:55:59,0.25,50,237900
20240227,10:56:34,0.25,50,237900
20240227,10:56:59,0.25,100,237900
20240227,10:57:51,0.25,1000,237900
20240227,10:59:09,0.3,250,237900
20240227,10:59:37,0.25,50,237900
20240227,11:00:04,0.3,250,237900
20240227,11:01:21,0.3,50,237900
20240227,11:02:13,0.3,50,237900
20240227,11:03:31,0.3,1000,237900
20240227,11:03:39,0.3,50,237900
20240227,11:03:54,0.3,50,237900
20240227,11:03:59,0.3,50,237900
20240227,11:04:16,0.3,50,237900
20240227,11:04:23,0.25,1000,237900
20240227,11:04:25,0.25,600,237900
20240227,11:04:40,0.3,200,237900
20240227,11:05:05,0.25,50,237900
20240227,11:05:22,0.3,50,237900
20240227,11:05:28,0.25,50,237900
20240227,11:05:40,0.3,50,237900
20240227,11:06:11,0.25,50,237900
20240227,11:06:36,0.3,50,237900
20240227,11:07:21,0.25,50,237800
20240227,11:09:14,0.3,100,237800
20240227,11:09:32,0.25,50,237800
20240227,11:09:41,0.25,100,237800
20240227,11:10:19,0.3,50,237800
20240227,11:10:35,0.25,50,237800
20240227,11:12:43,0.3,50,237800
20240227,11:12:53,0.3,50,237800
20240227,11:13:46,0.3,50,237800
20240227,11:13:54,0.3,400,237800
20240227,11:14:04,0.3,200,237800
20240227,11:14:06,0.25,700,237800
20240227,11:14:08,0.3,50,237800
20240227,11:15:16,0.3,850,237800
20240227,11:15:21,0.25,50,237800
20240227,11:15:52,0.3,350,237800
20240227,11:16:59,0.25,3750,237600
20240227,11:19:16,0.3,50,237600
20240227,11:19:22,0.3,50,237600
20240227,11:19:39,0.25,50,237600
20240227,11:22:41,0.3,50,237600
20240227,11:23:00,0.3,50,237600
20240227,11:23:13,0.25,50,237600
20240227,11:23:23,0.3,100,237600
20240227,11:23:44,0.3,250,237600
20240227,11:25:18,0.3,250,237600
20240227,11:25:53,0.3,250,237600
20240227,11:26:50,0.25,100,237600
20240227,11:27:43,0.3,400,237600
20240227,11:28:20,0.3,500,237600
20240227,11:28:27,0.3,50,237600
20240227,11:30:07,0.3,50,237600
20240227,11:30:10,0.3,50,237600
20240227,11:33:12,0.3,50,237600
20240227,11:33:23,0.25,100,237600
20240227,11:35:32,0.3,50,237600
20240227,11:35:55,0.3,50,237600
20240227,11:36:15,0.3,50,237600
20240227,11:36:49,0.25,200,237600
20240227,11:38:43,0.25,50,237600
20240227,11:39:03,0.25,250,237600
20240227,11:39:47,0.25,50,237600
20240227,11:40:03,0.3,250,237600
20240227,11:40:18,0.3,250,237600
20240227,11:40:23,0.3,400,237600
20240227,11:40:28,0.3,250,237600
20240227,11:40:32,0.3,3600,237600
20240227,11:40:33,0.25,400,237600
20240227,11:40:42,0.25,50,237600
20240227,11:41:10,0.3,50,237600
20240227,11:41:11,0.3,250,237600
20240227,11:41:30,0.25,1900,237600
20240227,11:41:36,0.3,250,237600
20240227,11:41:49,0.25,50,237600
20240227,11:41:56,0.3,900,237600
20240227,11:41:57,0.3,50,237600
20240227,11:42:49,0.3,150,237600
20240227,11:42:51,0.25,50,237600
20240227,11:44:09,0.3,50,232200
20240227,11:45:02,0.3,100,232200
20240227,11:45:02,0.25,50,232200
20240227,11:45:13,0.3,250,232200
20240227,11:45:15,0.3,50,232200
20240227,11:45:29,0.3,50,232200
20240227,11:46:16,0.25,50,232200
20240227,11:48:07,0.3,3600,232200
20240227,11:48:41,0.3,50,232200
20240227,11:49:14,0.3,50,228650
20240227,11:50:07,0.3,3600,228650
20240227,11:50:33,0.25,900,228650
20240227,11:51:14,0.3,250,228650
20240227,11:51:51,0.3,50,228650
20240227,11:52:15,0.3,100,228650
20240227,11:52:47,0.25,450,225050
20240227,11:53:09,0.25,100,225050
20240227,11:54:47,0.3,50,225050
20240227,11:55:03,0.3,50,225050
20240227,11:55:41,0.3,100,225050
20240227,11:57:52,0.3,1800,225050
20240227,11:59:10,0.3,1800,225050
20240227,12:00:53,0.3,50,225050
20240227,12:01:34,0.3,50,225050
20240227,12:01:43,0.3,50,225050
20240227,12:02:09,0.25,550,225050
20240227,12:04:04,0.25,50,225050
20240227,12:05:40,0.3,50,225050
20240227,12:07:05,0.25,50,225050
20240227,12:11:22,0.3,50,225050
20240227,12:11:55,0.3,50,225050
20240227,12:13:12,0.3,5400,225050
20240227,12:13:13,0.3,300,225050
20240227,12:14:25,0.3,200,225050
20240227,12:15:05,0.3,300,225050
20240227,12:16:31,0.25,450,225050
20240227,12:17:07,0.3,250,225050
20240227,12:17:20,0.3,3600,225050
20240227,12:17:33,0.3,50,225050
20240227,12:17:59,0.3,1050,225050
20240227,12:18:42,0.3,750,225050
20240227,12:19:35,0.25,50,227750
20240227,12:19:56,0.3,1800,227750
20240227,12:19:56,0.3,3200,227750
20240227,12:20:45,0.25,50,227750
20240227,12:21:29,0.3,1500,227750
20240227,12:23:15,0.3,100,227750
20240227,12:23:42,0.3,50,226250
20240227,12:23:59,0.25,200,226250
20240227,12:25:00,0.25,350,226250
20240227,12:25:05,0.3,50,226250
20240227,12:25:11,0.25,50,226250
20240227,12:25:14,0.25,50,226250
20240227,12:26:20,0.3,50,226250
20240227,12:26:40,0.25,50,226250
20240227,12:26:43,0.25,50,226250
20240227,12:26:51,0.25,50,226250
20240227,12:27:14,0.3,50,226250
20240227,12:29:33,0.3,50,226250
20240227,12:29:49,0.25,400,226250
20240227,12:30:12,0.3,50,226250
20240227,12:31:09,0.25,50,226250
20240227,12:32:08,0.3,250,226250
20240227,12:33:09,0.3,50,226250
20240227,12:33:15,0.25,50,226250
20240227,12:33:22,0.3,50,226250
20240227,12:33:27,0.25,50,226250
20240227,12:33:33,0.3,50,226250
20240227,12:33:38,0.25,50,226250
20240227,12:33:44,0.3,50,226250
20240227,12:33:51,0.25,50,226250
20240227,12:33:57,0.3,50,226250
20240227,12:34:03,0.25,50,226250
20240227,12:40:10,0.3,50,226250
20240227,12:40:30,0.25,50,226250
20240227,12:42:45,0.3,50,226250
20240227,12:43:33,0.3,50,226250
20240227,12:44:26,0.25,50,226250
20240227,12:45:24,0.25,1800,226250
20240227,12:46:55,0.25,50,226250
20240227,12:47:13,0.3,50,226250
20240227,12:47:24,0.25,50,226250
20240227,12:51:12,0.3,250,226250
20240227,12:51:15,0.3,250,226250
20240227,12:51:21,0.3,250,226250
20240227,12:51:59,0.3,250,226250
20240227,12:52:15,0.25,100,226250
20240227,12:53:05,0.3,1800,226250
20240227,12:53:07,0.3,1800,226250
20240227,12:53:08,0.3,1800,226250
20240227,12:53:09,0.3,1800,226250
20240227,12:53:10,0.3,1800,226250
20240227,12:53:11,0.3,1800,226250
20240227,12:53:12,0.3,1800,226250
20240227,12:53:13,0.3,1800,226250
20240227,12:53:14,0.3,1800,226250
20240227,12:53:15,0.3,1800,226250
20240227,12:53:16,0.3,1800,226250
20240227,12:53:17,0.3,1800,226250
20240227,12:53:17,0.3,10800,226250
20240227,12:53:18,0.3,8700,226250
20240227,12:53:19,0.3,1800,226250
20240227,12:53:21,0.3,900,226250
20240227,12:53:23,0.35,50,226250
20240227,12:53:31,0.35,50,226250
20240227,12:54:16,0.35,3600,226250
20240227,12:55:16,0.35,50,226250
20240227,12:55:58,0.35,3600,229750
20240227,12:55:58,0.35,50,229750
20240227,12:56:01,0.3,1400,229750
20240227,12:56:45,0.35,3600,229750
20240227,12:56:59,0.35,300,229750
20240227,12:57:15,0.3,1500,229750
20240227,12:57:52,0.35,50,229750
20240227,12:59:34,0.35,50,229750
20240227,13:00:01,0.35,300,219650
20240227,13:00:28,0.35,150,219650
20240227,13:00:28,0.3,50,219650
20240227,13:00:30,0.35,50,219650
20240227,13:00:55,0.35,3600,219650
20240227,13:01:18,0.35,3800,219650
20240227,13:01:39,0.35,1800,219650
20240227,13:01:46,0.35,250,215950
20240227,13:01:47,0.35,250,215950
20240227,13:02:52,0.35,250,215950
20240227,13:03:23,0.35,300,215950
20240227,13:03:26,0.35,50,215950
20240227,13:04:14,0.35,50,215950
20240227,13:04:53,0.35,100,210850
20240227,13:06:10,0.35,50,210850
20240227,13:06:47,0.35,50,210850
20240227,13:06:52,0.35,100,210850
20240227,13:06:53,0.35,50,210850
20240227,13:07:57,0.35,50,210850
20240227,13:09:02,0.3,100,210850
20240227,13:09:23,0.3,50,210850
20240227,13:10:38,0.35,50,210850
20240227,13:10:41,0.3,250,210700
20240227,13:11:28,0.3,50,210700
20240227,13:14:22,0.3,50,210700
20240227,13:14:49,0.35,50,210400
20240227,13:15:14,0.3,100,210400
20240227,13:15:59,0.35,50,210400
20240227,13:17:26,0.3,100,210400
20240227,13:17:47,0.3,50,210250
20240227,13:17:59,0.3,1800,210250
20240227,13:18:00,0.3,3850,210250
20240227,13:18:02,0.3,50,210250
20240227,13:18:27,0.3,50,210250
20240227,13:18:41,0.3,300,210250
20240227,13:19:23,0.25,50,210250
20240227,13:20:40,0.3,1500,207350
20240227,13:20:41,0.3,3000,207350
20240227,13:20:45,0.3,50,207350
20240227,13:20:56,0.3,1800,207350
20240227,13:20:57,0.3,1450,207350
20240227,13:23:46,0.3,50,207350
20240227,13:24:15,0.25,50,207350
20240227,13:27:15,0.3,500,207350
20240227,13:28:40,0.3,50,207350
20240227,13:28:44,0.3,50,207350
20240227,13:29:39,0.3,250,207350
20240227,13:32:05,0.3,100,207350
20240227,13:33:51,0.3,50,207350
20240227,13:33:53,0.3,50,207350
20240227,13:34:47,0.25,50,207350
20240227,13:34:53,0.3,200,207500
20240227,13:35:09,0.25,300,207500
20240227,13:35:37,0.3,50,207500
20240227,13:36:06,0.25,50,207500
20240227,13:36:38,0.25,50,207500
20240227,13:37:32,0.25,50,207500
20240227,13:37:33,0.3,1800,207750
20240227,13:38:34,0.25,2500,207750
20240227,13:38:44,0.3,50,207750
20240227,13:39:16,0.25,50,207750
20240227,13:41:01,0.25,250,208150
20240227,13:41:24,0.25,250,208150
20240227,13:41:27,0.3,250,208150
20240227,13:41:37,0.25,250,208150
20240227,13:42:06,0.25,50,208150
20240227,13:42:11,0.25,50,208150
20240227,13:43:00,0.25,250,208150
20240227,13:44:13,0.3,50,208150
20240227,13:44:22,0.25,250,208150
20240227,13:45:18,0.25,50,208150
20240227,13:45:53,0.25,1800,208150
20240227,13:45:53,0.25,9000,208150
20240227,13:46:21,0.25,750,208150
20240227,13:46:34,0.25,1800,208150
20240227,13:47:24,0.25,250,208150
20240227,13:47:31,0.25,50,208150
20240227,13:48:09,0.25,250,208150
20240227,13:48:42,0.3,50,208150
20240227,13:49:06,0.3,50,208150
20240227,13:49:17,0.3,50,208150
20240227,13:49:27,0.25,50,208150
20240227,13:49:32,0.3,50,208150
20240227,13:50:25,0.25,250,208150
20240227,13:53:23,0.3,500,208150
20240227,13:54:14,0.3,50,208150
20240227,13:54:17,0.25,50,208150
20240227,13:54:25,0.25,50,208150
20240227,13:54:41,0.3,500,208150
20240227,13:54:48,0.25,250,208150
20240227,13:55:22,0.3,500,208150
20240227,13:56:02,0.3,1850,208150
20240227,13:56:05,0.3,1800,208150
20240227,13:56:28,0.3,1850,208150
20240227,13:56:31,0.3,750,208150
20240227,13:56:31,0.3,50,208150
20240227,13:57:08,0.3,1800,208150
20240227,13:57:19,0.3,50,208150
20240227,13:57:19,0.25,250,208150
20240227,13:57:21,0.3,1850,208150
20240227,13:57:22,0.35,1800,208150
20240227,13:57:31,0.3,750,208150
20240227,13:57:39,0.35,1800,208150
20240227,13:57:52,0.35,1850,208150
20240227,13:57:54,0.3,1800,208150
20240227,13:57:56,0.3,1800,208150
20240227,13:58:10,0.3,1800,208150
20240227,13:58:37,0.3,50,197200
20240227,13:58:46,0.3,250,197200
20240227,13:59:51,0.35,50,197200
20240227,14:00:01,0.3,50,197200
20240227,14:00:55,0.35,1800,197200
20240227,14:00:56,0.35,1800,197200
20240227,14:00:58,0.35,3600,197200
20240227,14:00:59,0.3,50,197200
20240227,14:02:25,0.35,1800,197200
20240227,14:02:27,0.35,1800,189600
20240227,14:02:31,0.3,300,189600
20240227,14:03:24,0.35,3300,189600
20240227,14:03:25,0.35,1800,189600
20240227,14:03:26,0.35,3350,189600
20240227,14:03:35,0.3,50,189600
20240227,14:03:54,0.35,100,189600
20240227,14:03:57,0.3,1000,189600
20240227,14:04:02,0.3,450,189600
20240227,14:04:03,0.3,1050,189600
20240227,14:04:08,0.3,200,189600
20240227,14:04:17,0.35,1800,189600
20240227,14:04:18,0.4,3150,189600
20240227,14:04:19,0.4,1800,189600
20240227,14:04:20,0.4,1900,189600
20240227,14:04:24,0.35,200,189600
20240227,14:04:29,0.35,100,189600
20240227,14:04:31,0.35,50,189600
20240227,14:04:42,0.4,50,189600
20240227,14:04:45,0.35,750,175150
20240227,14:05:17,0.4,50,175150
20240227,14:05:20,0.4,50,175150
20240227,14:05:43,0.4,1800,175150
20240227,14:06:07,0.4,3600,175150
20240227,14:06:40,0.35,100,175150
20240227,14:07:55,0.35,250,169100
20240227,14:08:06,0.4,3600,169100
20240227,14:08:17,0.4,50,169100
20240227,14:08:36,0.4,3600,169100
20240227,14:09:54,0.35,500,169100
20240227,14:09:59,0.4,50,169100
20240227,14:10:16,0.3,50,169100
20240227,14:10:26,0.35,50,169100
20240227,14:11:20,0.35,50,161600
20240227,14:11:24,0.35,50,161600
20240227,14:11:37,0.35,50,161600
20240227,14:11:53,0.35,50,161600
20240227,14:12:05,0.35,1800,161600
20240227,14:12:06,0.35,300,161600
20240227,14:12:44,0.4,850,161600
20240227,14:12:51,0.4,50,161600
20240227,14:13:11,0.4,50,161600
20240227,14:13:37,0.35,900,161600
20240227,14:14:29,0.35,1800,161800
20240227,14:14:34,0.4,50,161800
20240227,14:14:48,0.35,50,161800
20240227,14:14:56,0.35,50,161800
20240227,14:15:11,0.4,400,161800
20240227,14:15:17,0.35,50,161800
20240227,14:15:26,0.35,100,161800
20240227,14:15:53,0.4,500,161800
20240227,14:15:59,0.4,500,161800
20240227,14:16:20,0.4,1850,161800
20240227,14:16:37,0.35,50,161800
20240227,14:16:48,0.35,50,162100
20240227,14:18:03,0.4,50,162100
20240227,14:19:12,0.35,50,162100
20240227,14:19:50,0.35,50,162100
20240227,14:20:11,0.4,750,161950
20240227,14:21:05,0.4,50,161950
20240227,14:21:12,0.35,50,161950
20240227,14:24:12,0.35,50,161850
20240227,14:25:27,0.4,50,161850
20240227,14:26:07,0.35,50,161800
20240227,14:27:27,0.4,50,161800
20240227,14:28:12,0.4,50,161800
20240227,14:28:54,0.4,50,161800
20240227,14:29:07,0.4,50,161750
20240227,14:29:18,0.35,50,161750
20240227,14:29:20,0.4,250,161750
20240227,14:30:50,0.4,50,161750
20240227,14:30:55,0.35,250,161750
20240227,14:31:00,0.35,300,161750
20240227,14:32:15,0.35,50,161750
20240227,14:33:11,0.4,50,161500
20240227,14:33:12,0.4,250,161500
20240227,14:33:13,0.35,50,161500
20240227,14:33:22,0.4,300,161500
20240227,14:34:10,0.35,100,161500
20240227,14:34:56,0.4,50,161500
20240227,14:35:51,0.4,300,161650
20240227,14:35:55,0.35,50,161650
20240227,14:36:26,0.35,100,161650
20240227,14:38:34,0.35,50,161500
20240227,14:38:39,0.4,500,161500
20240227,14:39:10,0.4,50,161500
20240227,14:39:20,0.35,50,161500
20240227,14:39:58,0.4,1500,161500
20240227,14:41:08,0.4,100,161500
20240227,14:41:31,0.4,300,161400
20240227,14:42:50,0.35,50,161400
20240227,14:43:22,0.4,50,161400
20240227,14:43:32,0.35,50,161400
20240227,14:44:57,0.35,50,161300
20240227,14:45:20,0.4,50,161300
20240227,14:45:30,0.35,50,161300
20240227,14:45:48,0.4,500,161300
20240227,14:47:06,0.4,400,161300
20240227,14:47:29,0.4,50,161250
20240227,14:47:36,0.35,50,161250
20240227,14:48:45,0.4,50,161250
20240227,14:49:48,0.4,50,161250
20240227,14:51:03,0.35,50,161600
20240227,14:52:28,0.4,50,161600
20240227,14:52:34,0.4,1800,161600
20240227,14:52:39,0.35,50,161600
20240227,14:52:43,0.4,250,161600
20240227,14:53:31,0.35,150,159700
20240227,14:55:06,0.35,100,159700
20240227,14:55:50,0.4,50,159450
20240227,14:56:04,0.4,250,159450
20240227,14:56:08,0.4,250,159450
20240227,14:56:29,0.4,50,159450
20240227,14:56:34,0.4,500,159450
20240227,14:56:40,0.4,1800,159450
20240227,14:56:41,0.35,50,159450
20240227,14:56:53,0.4,1800,159450
20240227,14:57:08,0.4,100,159450
20240227,14:57:12,0.4,350,159450
20240227,14:58:18,0.4,50,159450
20240227,14:58:35,0.35,50,159450
20240227,14:58:37,0.35,500,159450
20240227,14:59:05,0.35,100,155250
20240227,14:59:19,0.4,500,155250
20240227,14:59:35,0.4,50,155250
20240227,15:00:00,0.4,250,155250
20240227,15:00:28,0.4,800,155250
20240227,15:00:44,0.4,50,155250
20240227,15:01:05,0.35,50,155250
20240227,15:01:23,0.4,700,155250
20240227,15:01:53,0.4,50,155250
20240227,15:02:01,0.35,50,154400
20240227,15:02:31,0.4,250,154400
20240227,15:02:42,0.4,200,154400
20240227,15:03:31,0.4,50,154400
20240227,15:03:39,0.35,50,154400
20240227,15:03:49,0.4,250,154400
20240227,15:03:57,0.4,250,154400
20240227,15:04:23,0.4,250,154400
20240227,15:04:35,0.4,300,154400
20240227,15:04:55,0.4,550,154300
20240227,15:05:07,0.4,250,154300
20240227,15:06:00,0.4,250,154300
20240227,15:06:11,0.4,1400,154300
20240227,15:06:57,0.4,1000,154300
20240227,15:08:01,0.35,800,154300
20240227,15:11:25,0.35,300,152250
20240227,15:11:36,0.4,250,152250
20240227,15:11:44,0.4,50,152250
20240227,15:11:50,0.35,200,152250
20240227,15:13:07,0.4,500,152250
20240227,15:13:13,0.45,200,152250
20240227,15:13:26,0.45,50,152250
20240227,15:13:55,0.35,50,152250
20240227,15:15:33,0.35,50,153100
20240227,15:16:07,0.4,50,153100
20240227,15:16:45,0.35,50,153100
20240227,15:17:05,0.4,50,153000
20240227,15:17:50,0.4,250,153000
20240227,15:18:04,0.35,300,153000
20240227,15:19:25,0.35,50,153000
20240227,15:19:59,0.4,250,153000
20240227,15:20:02,0.35,1800,152750
20240227,15:20:03,0.35,1800,152750
20240227,15:20:04,0.35,1800,152750
20240227,15:20:49,0.35,1800,152750
20240227,15:21:20,0.35,1800,152750
20240227,15:21:33,0.35,100,152750
20240227,15:22:00,0.35,100,152750
20240227,15:22:18,0.35,250,152750
20240227,15:23:05,0.3,100,157000
20240227,15:23:06,0.35,100,157000
20240227,15:23:10,0.35,250,157000
20240227,15:23:24,0.3,50,157000
20240227,15:23:36,0.35,50,157000
20240227,15:23:51,0.35,150,157000
20240227,15:23:51,0.3,50,157000
20240227,15:23:56,0.35,250,157000
20240227,15:24:00,0.3,150,157000
20240227,15:24:03,0.35,1800,157000
20240227,15:24:21,0.35,50,157000
20240227,15:24:28,0.3,500,157000
20240227,15:24:39,0.3,50,157000
20240227,15:24:40,0.35,250,157000
20240227,15:24:41,0.3,50,157000
20240227,15:24:49,0.3,100,157000
20240227,15:24:55,0.3,600,157000
20240227,15:24:56,0.3,150,157000
20240227,15:24:57,0.3,100,157000
20240227,15:24:58,0.3,1000,157000
20240227,15:24:59,0.25,50,157000
20240227,15:25:11,0.3,1900,157000
20240227,15:25:19,0.25,100,157000
20240227,15:25:20,0.3,100,157000
20240227,15:25:21,0.3,50,157000
20240227,15:25:23,0.3,100,157000
20240227,15:25:32,0.35,500,157000
20240227,15:25:44,0.35,500,157000
20240227,15:26:13,0.3,500,157500
20240227,15:26:32,0.35,500,157500
20240227,15:26:50,0.3,200,157500
20240227,15:27:09,0.3,1000,157500
20240227,15:27:40,0.35,200,157500
20240227,15:27:47,0.35,100,157500
20240227,15:28:28,0.3,500,157500
20240227,15:28:38,0.35,500,157500
20240227,15:28:39,0.35,150,157500
20240227,15:29:01,0.35,750,157500
20240227,15:29:24,0.35,700,158200
20240227,15:29:31,0.4,1200,158200
20240227,15:29:32,0.45,1050,158200
20240227,15:29:33,0.5,3150,158200
20240227,15:29:34,0.85,150,158200
20240227,15:29:35,0.85,1700,158200
20240227,15:29:36,0.85,450,158200
20240227,15:29:37,0.9,1250,158200
20240227,15:29:41,0.9,200,158200
20240227,15:29:45,0.55,400,158200
20240227,15:29:54,0.4,50,158200
20240227,15:29:58,0.4,400,158200
20240228,09:15:01,0.4,1,151400
20240228,09:15:01,0.4,50,151400
20240228,09:15:02,0.35,100,151400
20240228,09:15:03,0.35,1800,151400
20240228,09:15:04,1.35,250,151400
20240228,09:15:05,1.05,2250,151400
20240228,09:15:06,0.4,450,151400
20240228,09:15:11,0.4,1800,151400
20240228,09:15:14,0.3,1800,151400
20240228,09:15:16,0.3,600,151400
20240228,09:15:18,0.35,250,151400
20240228,09:15:28,0.4,1250,151400
20240228,09:15:32,0.35,100,151400
20240228,09:15:37,0.45,50,151400
20240228,09:15:44,0.4,50,151400
20240228,09:15:53,0.4,200,151400
20240228,09:15:54,0.4,3100,152350
20240228,09:16:04,0.35,350,152350
20240228,09:16:18,0.4,50,152350
20240228,09:16:22,0.35,250,152350
20240228,09:16:28,0.35,200,152350
20240228,09:16:46,0.4,450,152350
20240228,09:17:01,0.4,50,152350
20240228,09:17:30,0.35,400,152350
20240228,09:17:32,0.4,550,152350
20240228,09:18:02,0.4,800,152350
20240228,09:18:05,0.35,50,152350
20240228,09:18:22,0.4,50,152350
20240228,09:18:40,0.35,250,152350
20240228,09:18:42,0.35,450,152350
20240228,09:19:07,0.35,50,153350
20240228,09:20:00,0.35,350,153350
20240228,09:20:07,0.35,250,153350
20240228,09:20:08,0.4,900,153350
20240228,09:20:15,0.35,50,153350
20240228,09:20:36,0.4,250,153350
20240228,09:20:39,0.35,50,153350
20240228,09:20:41,0.4,250,153350
20240228,09:20:57,0.35,200,153350
20240228,09:20:58,0.4,50,153350
20240228,09:21:01,0.35,250,153350
20240228,09:21:03,0.4,50,153350
20240228,09:21:22,0.35,50,153350
20240228,09:22:02,0.4,450,153650
20240228,09:22:15,0.4,1050,153650
20240228,09:22:19,0.35,250,153650
20240228,09:22:31,0.35,250,153650
20240228,09:22:33,0.35,250,153650
20240228,09:22:53,0.35,800,153650
20240228,09:23:30,0.4,50,153650
20240228,09:23:31,0.35,250,153650
20240228,09:24:27,0.35,50,153650
20240228,09:25:06,0.35,250,153650
20240228,09:27:15,0.35,400,153550
20240228,09:27:31,0.35,250,153550
20240228,09:28:04,0.4,50,153550
