date,time,tick_price,volume,open_interest
20231128,09:16:15,109.65,200,700
20231128,09:16:42,109.15,100,700
20231128,09:16:55,109.15,400,700
20231128,10:21:24,112.1,150,700
20231128,11:13:07,112.1,150,550
20231128,11:13:46,106.2,150,550
20231128,11:19:25,105.9,150,250
20231128,13:01:16,104.9,150,150
20231128,14:35:25,92.6,200,200
20231128,15:24:02,87.75,200,400
20231128,15:24:36,87.6,200,600
20231128,15:28:09,87.4,50,800
20231129,09:38:48,75.1,1,800
20231129,09:38:48,74.95,300,800
20231129,09:39:12,76.25,50,800
20231129,09:39:20,76.25,100,800
20231129,09:39:28,76.3,50,800
20231129,09:54:47,78.0,50,900
20231129,09:56:46,78.0,50,900
20231129,10:01:09,78.0,50,1000
20231129,10:01:16,78.0,50,1000
20231129,14:32:42,78.0,50,1100
20231129,14:38:45,70.05,100,1150
20231129,15:25:11,70.05,50,1150
20231129,15:26:09,70.1,50,1150
20231129,15:28:08,67.15,150,1150
20231201,15:23:20,65.95,1,1150
20231201,15:23:20,65.95,50,1150
20231213,13:19:15,22.9,1,1200
20231213,13:19:15,22.9,50,1200
20231226,13:53:30,3.05,1,1250
20231226,13:53:30,3.05,50,1250
20231226,13:55:00,3.05,50,1250
20231227,13:05:59,3.05,1,1200
20231227,13:05:59,3.05,50,1200
20231227,13:06:04,3.05,1200,1200
20231227,13:07:03,2.85,1200,1800
20231227,13:13:31,2.85,250,2300
20231227,13:15:39,2.85,50,2550
20231227,13:24:17,2.8,100,2550
20231227,13:25:07,2.75,100,2550
20231229,09:15:04,2.75,1,2750
20231229,09:15:04,2.75,50,2750
20231229,09:16:24,2.3,200,2750
20231229,09:17:49,1.8,250,3000
20231229,09:17:59,1.95,50,3000
20231229,09:19:17,1.95,50,3000
20231229,09:21:03,1.95,50,2800
20231229,09:22:13,1.95,150,2800
20231229,09:22:14,1.9,1100,2800
20231229,09:22:15,1.9,1950,2800
20231229,09:22:19,1.95,400,2800
20231229,09:22:20,1.9,350,2800
20231229,09:24:06,1.85,50,2850
20231229,09:25:38,1.8,200,2850
20231229,09:28:19,1.75,50,2850
20231229,09:28:20,1.75,50,2850
20231229,09:28:22,1.75,100,2850
20231229,09:29:05,1.75,400,2850
20231229,09:31:35,1.8,100,2550
20231229,09:32:14,1.85,50,2550
20231229,09:32:40,1.8,500,2450
20231229,09:33:10,1.8,250,2450
20231229,09:33:16,1.8,250,2450
20231229,09:33:32,1.8,50,2450
20231229,09:34:33,1.8,50,2450
20231229,09:35:11,1.8,100,2100
20231229,09:35:17,1.85,100,2100
20231229,09:36:48,1.8,250,2100
20231229,09:42:37,1.8,750,2100
20231229,09:43:54,1.6,100,2350
20231229,09:44:06,1.6,200,2350
20231229,09:44:31,1.6,150,2350
20231229,09:45:02,1.6,700,2600
20231229,09:45:05,1.6,50,2600
20231229,09:45:15,1.6,50,2600
20231229,09:46:28,1.55,500,2600
20231229,09:46:29,1.55,400,2600
20231229,09:46:31,1.55,450,2600
20231229,09:48:37,1.55,250,2600
20231229,09:48:38,1.55,50,4200
20231229,09:48:45,1.55,100,4200
20231229,09:49:15,1.55,50,4200
20231229,09:49:51,1.55,100,4200
20231229,09:49:57,1.5,100,4200
20231229,09:49:58,1.5,50,4200
20231229,09:50:16,1.5,300,3950
20231229,09:50:26,1.5,50,3950
20231229,09:50:27,1.5,100,3950
20231229,09:50:28,1.5,100,3950
20231229,09:50:29,1.5,100,3950
20231229,09:51:54,1.5,150,3950
20231229,09:51:55,1.45,500,3950
20231229,09:53:06,1.4,150,3950
20231229,09:53:10,1.4,300,3950
20231229,09:53:27,1.4,550,4200
20231229,09:54:30,1.4,250,4200
20231229,09:55:16,1.4,250,4200
20231229,09:56:01,1.35,150,4200
20231229,09:56:15,1.35,450,4200
20231229,09:56:57,1.3,50,3550
20231229,09:59:17,1.3,150,3500
20231229,09:59:21,1.3,150,3500
20231229,09:59:46,1.3,50,3500
20231229,10:00:03,1.25,50,3500
20231229,10:00:19,1.2,200,3500
20231229,10:00:39,1.2,650,3500
20231229,10:14:56,1.35,100,3500
20231229,10:21:28,1.25,50,3700
20231229,10:23:45,1.3,50,3700
20231229,10:25:22,1.4,900,3650
20231229,10:26:10,1.5,950,3650
20231229,10:27:41,1.5,500,4850
20231229,10:29:16,1.45,50,4850
20231229,10:29:16,1.5,1500,5000
20231229,10:32:27,1.55,700,6100
20231229,10:35:35,1.6,1350,6650
20231229,10:37:10,1.6,50,6650
20231229,10:37:11,1.6,50,6650
20231229,10:37:12,1.6,200,6650
20231229,10:39:14,1.6,350,7950
20231229,10:42:56,1.7,50,8150
20231229,10:43:00,1.7,250,8150
20231229,10:46:47,1.7,50,8050
20231229,10:47:01,1.7,50,8050
20231229,10:51:03,1.55,50,8050
20231229,10:53:36,1.55,50,8050
20231229,10:54:22,1.55,50,8050
20231229,10:59:02,1.5,250,8050
20231229,11:03:57,1.5,150,8050
20231229,11:04:19,1.5,950,8300
20231229,11:04:44,1.5,50,8300
20231229,11:05:10,1.5,150,8300
20231229,11:05:18,1.45,50,8300
20231229,11:05:27,1.5,100,8300
20231229,11:14:38,1.45,50,8700
20231229,11:16:41,1.5,50,8700
20231229,11:19:18,1.45,50,8700
20231229,11:19:36,1.45,250,8700
20231229,11:21:03,1.45,750,8700
20231229,11:31:06,1.45,200,8750
20231229,11:32:28,1.5,50,8750
20231229,11:33:10,1.45,100,8750
20231229,11:33:16,1.45,100,8750
20231229,11:36:00,1.5,200,8850
20231229,11:39:30,1.45,50,8650
20231229,11:44:08,1.5,50,8600
20231229,11:45:19,1.5,50,8600
20231229,11:46:33,1.5,300,8550
20231229,11:53:17,1.5,100,8550
20231229,11:53:18,1.5,100,8850
20231229,11:54:11,1.5,500,8850
20231229,11:54:27,1.5,300,8850
20231229,11:55:50,1.55,1050,8850
20231229,11:56:00,1.55,50,8850
20231229,11:56:01,1.5,50,8850
20231229,11:57:56,1.45,100,8850
20231229,11:57:58,1.45,50,10000
20231229,11:58:01,1.45,50,10000
20231229,11:58:18,1.45,50,10000
20231229,11:58:42,1.45,250,10000
20231229,12:08:45,1.4,200,10000
20231229,12:16:06,1.45,250,10350
20231229,12:16:34,1.45,200,10450
20231229,12:19:04,1.5,100,10450
20231229,12:19:14,1.5,500,10350
20231229,12:23:53,1.6,350,10350
20231229,12:23:59,1.55,50,10350
20231229,12:28:39,1.55,300,10400
20231229,12:47:42,1.5,200,10700
20231229,12:47:44,1.6,50,10700
20231229,12:52:56,1.45,200,10700
20231229,13:04:46,1.55,50,10850
20231229,13:07:42,1.45,50,10850
20231229,13:15:40,1.5,50,10850
20231229,13:15:48,1.5,50,10850
20231229,13:15:57,1.5,50,10850
20231229,13:16:41,1.5,50,10850
20231229,13:21:53,1.5,200,11050
20231229,13:21:56,1.5,100,11050
20231229,13:21:57,1.5,150,11050
20231229,13:21:58,1.4,50,11050
20231229,13:27:00,1.4,1800,11050
20231229,13:29:03,1.4,50,11250
20231229,13:37:46,1.4,100,11250
20231229,13:38:37,1.4,50,11200
20231229,13:38:59,1.4,50,11200
20231229,13:40:05,1.45,1700,11250
20231229,13:40:16,1.05,1700,11250
20231229,13:40:17,1.05,50,11250
20231229,13:40:18,1.35,50,11250
20231229,13:40:20,1.35,50,11250
20231229,13:40:21,1.35,50,11250
20231229,13:40:22,1.35,50,11250
20231229,13:40:36,1.4,1900,11250
20231229,13:42:10,1.35,50,11250
20231229,13:51:42,1.45,50,11700
20231229,13:51:43,1.45,50,11700
20231229,13:51:53,1.5,250,11700
20231229,13:52:03,1.5,450,11700
20231229,13:52:04,1.55,850,11700
20231229,13:52:15,1.6,50,11700
20231229,13:52:32,1.6,950,11700
20231229,13:52:32,1.6,50,11700
20231229,13:52:47,1.65,100,11700
20231229,13:53:41,1.55,100,11700
20231229,13:53:50,1.55,50,11850
20231229,13:54:09,1.7,250,11850
20231229,13:56:10,1.55,50,11850
20231229,14:10:00,1.6,100,11650
20231229,14:10:16,1.6,100,11650
20231229,14:13:29,1.55,200,11750
20231229,14:14:07,1.55,50,11750
20231229,14:16:33,1.6,100,11750
20231229,14:20:27,1.6,400,11850
20231229,14:21:54,1.55,100,11850
20231229,14:23:28,1.6,100,11850
20231229,14:32:30,1.5,50,11850
20231229,14:32:31,1.5,50,11850
20231229,14:43:50,1.45,50,11800
20231229,14:43:54,1.45,300,11800
20231229,14:43:55,1.45,50,11800
20231229,14:43:59,1.45,50,11800
20231229,14:44:14,1.45,50,11800
20231229,14:49:29,1.4,200,11800
20231229,14:50:34,1.45,50,11650
20231229,14:57:34,1.5,200,11650
20231229,14:57:42,1.5,100,11450
20231229,14:59:11,1.4,400,11450
20231229,14:59:12,1.4,100,11450
20231229,15:00:55,1.5,200,11450
20231229,15:01:05,1.45,100,10850
20231229,15:01:13,1.45,100,10850
20231229,15:01:30,1.45,100,10850
20231229,15:01:40,1.45,100,10850
20231229,15:01:47,1.45,50,10850
20231229,15:02:02,1.45,100,10850
20231229,15:02:15,1.45,250,10850
20231229,15:02:19,1.45,50,10850
20231229,15:04:43,1.5,950,10800
20231229,15:05:12,1.55,250,10800
20231229,15:05:13,1.7,1550,10800
20231229,15:05:52,1.6,50,10800
20231229,15:05:53,1.7,1650,10800
20231229,15:06:06,1.6,700,10800
20231229,15:07:35,1.5,750,14350
20231229,15:08:08,1.6,50,14350
20231229,15:09:40,1.55,200,14350
20231229,15:10:39,1.55,50,14500
20231229,15:11:30,1.55,250,14500
20231229,15:12:18,1.65,50,14500
20231229,15:12:35,1.45,250,14500
20231229,15:15:01,1.5,350,14750
20231229,15:15:09,1.55,400,14750
20231229,15:20:00,1.6,100,14750
20231229,15:21:39,1.5,550,15200
20231229,15:22:24,1.5,200,15200
20231229,15:25:03,1.45,100,15000
20231229,15:25:10,1.45,50,15000
20231229,15:25:41,1.05,750,15000
20231229,15:26:05,1.45,50,15000
20231229,15:26:08,1.45,50,15000
20231229,15:26:13,1.45,50,15000
20231229,15:26:14,1.45,150,15000
20231229,15:27:01,1.5,400,14300
20231229,15:27:04,1.55,500,14300
20231229,15:27:08,1.55,500,14300
20231229,15:27:42,1.5,200,14300
20231229,15:29:31,1.4,100,14300
20240101,09:15:04,1.55,1,14300
20240101,09:15:04,1.55,400,14300
20240101,09:15:04,1.55,100,13150
20240101,09:15:05,1.55,50,13150
20240101,09:15:56,1.55,1800,13150
20240101,09:16:29,1.45,400,13150
20240101,09:16:31,1.4,50,13150
20240101,09:16:36,1.4,1350,13150
20240101,09:16:37,1.4,650,13150
20240101,09:16:38,1.4,450,13150
20240101,09:16:45,1.4,50,13150
20240101,09:16:48,1.4,100,13150
20240101,09:16:50,1.4,1000,13150
20240101,09:17:06,1.4,600,13150
20240101,09:17:08,1.4,200,13150
20240101,09:17:21,1.35,500,17800
20240101,09:17:22,1.35,300,17800
20240101,09:17:24,1.35,50,17800
20240101,09:18:06,1.35,500,17800
20240101,09:18:24,1.4,350,17800
20240101,09:18:59,1.35,300,17800
20240101,09:19:58,1.35,50,17800
20240101,09:20:11,1.25,50,17800
20240101,09:20:16,1.25,200,17800
20240101,09:21:43,1.35,300,16150
20240101,09:22:00,1.35,100,16150
20240101,09:22:19,1.35,300,16150
20240101,09:27:49,1.35,100,16150
20240101,09:27:51,1.35,150,15250
20240101,09:29:03,1.3,50,15250
20240101,09:38:05,1.3,50,15250
20240101,09:38:25,1.25,50,15050
20240101,09:38:25,1.3,100,15050
20240101,09:38:44,1.3,100,15050
20240101,09:38:54,1.25,150,15050
20240101,09:39:38,1.2,250,15050
20240101,09:40:02,1.2,200,15050
20240101,09:41:15,1.3,300,15050
20240101,09:44:18,1.3,100,14850
20240101,09:44:20,1.3,200,14850
20240101,09:45:39,1.3,200,14850
20240101,09:46:25,1.35,500,14850
20240101,09:51:15,1.35,400,14850
20240101,09:52:02,1.35,350,15150
20240101,09:52:06,1.35,50,15150
20240101,09:52:12,1.4,150,15150
20240101,09:54:40,1.4,200,15550
20240101,09:54:52,1.4,50,15550
20240101,09:55:01,1.35,50,15550
20240101,09:55:02,1.35,50,15550
20240101,09:55:04,1.45,400,15550
20240101,09:55:10,1.45,1450,15550
20240101,09:55:12,1.45,100,15550
20240101,09:55:13,1.5,50,15550
20240101,09:55:17,1.75,2600,15550
20240101,09:55:39,1.5,150,15550
20240101,09:56:45,1.55,700,19400
20240101,09:57:21,1.6,50,19400
20240101,09:57:23,1.65,150,19400
20240101,09:59:51,1.45,1500,20150
20240101,09:59:52,1.55,50,20150
20240101,10:00:04,1.5,300,20150
20240101,10:00:46,1.4,50,20150
20240101,10:03:53,1.45,50,20200
20240101,10:05:02,1.45,50,20200
20240101,10:06:05,1.4,200,20200
20240101,10:06:34,1.45,50,20250
20240101,10:06:58,1.45,50,20250
20240101,10:07:07,1.35,250,20250
20240101,10:07:09,1.4,250,20250
20240101,10:07:59,1.4,50,20250
20240101,10:08:34,1.4,50,20250
20240101,10:08:40,1.4,100,20250
20240101,10:09:00,1.4,300,20250
20240101,10:10:45,1.4,50,20250
20240101,10:10:56,1.4,100,20250
20240101,10:11:41,1.4,150,20300
20240101,10:18:28,1.35,650,20300
20240101,10:20:23,1.3,150,20300
20240101,10:21:27,1.35,200,20300
20240101,10:21:29,1.35,500,19800
20240101,10:21:30,1.3,1650,19800
20240101,10:30:31,1.35,50,18200
20240101,10:33:33,1.25,200,18200
20240101,10:45:05,1.35,50,18200
20240101,10:50:35,1.3,50,18400
20240101,10:51:04,1.2,50,18400
20240101,10:55:32,1.3,50,18450
20240101,10:55:33,1.3,50,18450
20240101,10:57:46,1.3,100,18550
20240101,11:01:48,1.35,50,18500
20240101,11:04:00,1.35,50,18500
20240101,11:05:35,1.3,250,18500
20240101,11:07:20,1.25,300,18500
20240101,11:09:25,1.25,50,18500
20240101,11:09:35,1.25,250,18050
20240101,11:09:37,1.25,200,18050
20240101,11:11:29,1.35,1850,18050
20240101,11:11:33,1.4,150,17800
20240101,11:23:49,1.25,200,17700
20240101,11:30:40,1.25,400,17800
20240101,11:32:11,1.25,100,17800
20240101,11:42:35,1.25,50,17650
20240101,11:44:40,1.2,300,17650
20240101,11:45:22,1.2,150,17650
20240101,11:55:50,1.25,50,17650
20240101,12:01:46,1.2,250,18000
20240101,12:05:28,1.15,350,18250
20240101,12:09:52,1.15,50,18300
20240101,12:10:25,1.25,700,18300
20240101,12:10:30,1.25,250,18300
20240101,12:11:13,1.3,200,18300
20240101,12:11:19,1.3,350,18300
20240101,12:11:20,1.3,50,18300
20240101,12:11:24,1.3,1450,18300
20240101,12:11:25,1.3,100,18300
20240101,12:11:27,1.3,2600,18300
20240101,12:11:29,1.2,100,18300
20240101,12:11:30,1.2,100,18300
20240101,12:11:33,1.2,1150,18300
20240101,12:11:47,1.3,400,19650
20240101,12:11:52,1.3,400,19650
20240101,12:12:00,1.3,50,19650
20240101,12:12:07,1.3,550,19650
20240101,12:12:08,1.3,2100,19650
20240101,12:12:10,1.35,1550,19650
20240101,12:12:10,1.6,500,19650
20240101,12:12:11,1.25,550,19650
20240101,12:12:13,1.35,1650,19650
20240101,12:12:13,1.45,400,19650
20240101,12:12:14,1.25,500,19650
20240101,12:12:15,1.3,100,19650
20240101,12:12:16,1.35,2100,19650
20240101,12:12:17,1.4,2500,19650
20240101,12:12:18,1.45,10500,19650
20240101,12:12:19,1.8,5900,19650
20240101,12:12:20,1.4,3150,19650
20240101,12:12:22,1.3,2700,19650
20240101,12:12:22,1.25,50,19650
20240101,12:12:23,1.85,7150,19650
20240101,12:12:24,1.35,450,19650
20240101,12:12:35,1.4,1200,19650
20240101,12:12:45,1.35,100,19650
20240101,12:12:45,1.35,1050,19650
20240101,12:12:46,1.45,1400,19650
20240101,12:14:15,1.35,50,19650
20240101,12:15:50,1.4,250,22200
20240101,12:15:57,1.4,200,22200
20240101,12:16:05,1.4,50,22200
20240101,12:16:08,1.4,100,22200
20240101,12:16:09,1.4,100,22200
20240101,12:16:11,1.4,100,22200
20240101,12:19:06,1.35,50,22200
20240101,12:20:39,1.35,400,21850
20240101,12:25:31,1.3,200,22150
20240101,12:25:38,1.3,50,22150
20240101,12:28:28,1.3,400,22350
20240101,12:31:14,1.2,50,22050
20240101,12:42:13,1.2,50,22100
20240101,12:45:14,1.2,200,22100
20240101,12:52:09,1.3,150,22200
20240101,12:59:19,1.3,50,22100
20240101,12:59:27,1.3,50,22100
20240101,12:59:47,1.2,100,22100
20240101,13:04:53,1.25,50,22100
20240101,13:08:53,1.3,100,22100
20240101,13:11:16,1.25,50,22100
20240101,13:33:15,1.3,200,22000
20240101,13:48:55,1.3,50,22000
20240101,13:56:35,1.3,50,21850
20240101,13:57:05,1.3,50,21800
20240101,13:57:26,1.35,50,21850
20240101,13:58:27,1.35,300,21850
20240101,13:58:40,1.4,300,21850
20240101,13:58:42,1.4,400,21850
20240101,13:58:48,1.4,100,21850
20240101,13:59:11,1.45,900,21850
20240101,13:59:40,1.5,1000,21850
20240101,13:59:45,1.5,300,21850
20240101,13:59:50,1.5,500,21850
20240101,14:02:50,1.65,1150,24900
20240101,14:02:51,1.6,50,24900
20240101,14:02:58,1.65,1900,24900
20240101,14:02:59,1.65,300,25600
20240101,14:03:03,1.65,200,25600
20240101,14:03:23,1.6,150,25600
20240101,14:03:27,1.65,2550,25600
20240101,14:03:29,1.2,1800,25600
20240101,14:04:10,1.6,250,25600
20240101,14:04:12,1.6,250,25600
20240101,14:04:16,1.6,250,25600
20240101,14:04:27,1.65,200,25600
20240101,14:05:07,1.7,100,25600
20240101,14:05:10,1.7,50,25600
20240101,14:05:14,1.8,250,25600
20240101,14:05:18,1.8,100,25600
20240101,14:05:18,1.75,100,25600
20240101,14:05:19,1.85,300,25600
20240101,14:06:21,1.85,2150,25600
20240101,14:06:36,1.8,150,28800
20240101,14:07:40,1.8,500,28800
20240101,14:07:52,1.8,150,28800
20240101,14:08:47,1.8,1950,28800
20240101,14:09:54,1.65,550,28800
20240101,14:10:18,1.65,100,32900
20240101,14:12:32,1.8,300,33000
20240101,14:12:45,1.65,150,33000
20240101,14:14:21,1.8,250,33000
20240101,14:14:38,1.8,150,33000
20240101,14:14:40,1.8,50,33000
20240101,14:14:42,1.8,100,33000
20240101,14:16:58,1.8,100,33000
20240101,14:17:29,1.85,250,32850
20240101,14:17:46,1.9,2100,32850
20240101,14:17:46,1.9,100,32850
20240101,14:17:52,2.0,600,32850
20240101,14:18:00,2.0,850,35200
20240101,14:18:02,1.85,400,35200
20240101,14:18:08,1.95,150,35200
20240101,14:18:21,2.0,100,35200
20240101,14:18:32,2.0,100,35200
20240101,14:20:57,1.95,200,35200
20240101,14:22:34,1.9,50,35450
20240101,14:22:39,1.85,50,35450
20240101,14:24:37,1.85,500,35500
20240101,14:25:35,1.75,600,35500
20240101,14:25:37,1.75,200,35500
20240101,14:27:25,1.8,50,35950
20240101,14:27:47,1.75,550,35950
20240101,14:39:17,1.9,50,35750
20240101,14:40:17,1.7,200,35750
20240101,14:40:33,1.7,250,35750
20240101,14:42:37,1.75,1050,35700
20240101,14:43:50,1.85,100,35700
20240101,14:44:06,1.9,200,35700
20240101,14:44:12,1.9,100,35700
20240101,14:44:26,1.95,100,35700
20240101,14:44:56,1.95,100,35700
20240101,14:45:14,1.8,50,35300
20240101,14:45:34,2.0,1850,35300
20240101,14:48:24,2.05,50,37100
20240101,14:48:47,2.05,100,37100
20240101,14:48:51,1.85,300,37100
20240101,14:50:00,1.95,50,37100
20240101,14:50:01,1.95,50,37100
20240101,14:52:37,1.9,200,37100
20240101,14:53:39,1.95,50,37150
20240101,14:55:11,1.95,250,37200
20240101,14:56:22,1.95,50,37200
20240101,14:57:05,1.95,50,37150
20240101,14:58:30,1.95,100,37150
20240101,14:58:52,2.0,200,37150
20240101,15:01:10,1.95,250,37150
20240101,15:01:17,1.95,150,37250
20240101,15:06:36,1.9,600,37250
20240101,15:11:19,1.7,200,37700
20240101,15:11:21,1.6,50,37700
20240101,15:12:09,1.6,50,37700
20240101,15:12:52,1.5,100,37850
20240101,15:12:57,1.4,150,37850
20240101,15:20:45,1.6,50,37850
20240101,15:21:46,1.5,200,37950
20240101,15:23:49,1.5,100,37950
20240101,15:24:23,1.5,50,37950
20240101,15:24:48,1.5,250,37750
20240101,15:24:52,1.55,1050,37750
20240101,15:25:03,1.55,100,37750
20240101,15:25:05,1.6,100,37750
20240101,15:25:30,1.25,250,37750
20240101,15:25:58,1.55,50,37750
20240101,15:26:56,1.4,300,37750
20240101,15:28:28,1.5,50,37450
20240101,15:28:51,1.4,250,37450
20240101,15:29:32,1.3,50,37450
20240102,09:15:03,1.6,1,37150
20240102,09:15:03,1.6,500,37150
20240102,09:15:04,1.6,50,37150
20240102,09:15:05,1.4,50,37150
20240102,09:15:06,1.4,150,37150
20240102,09:16:30,0.95,50,37150
20240102,09:16:31,0.95,550,37150
20240102,09:16:43,1.25,50,37150
20240102,09:17:43,1.25,50,37150
20240102,09:17:47,1.35,50,37950
20240102,09:20:00,1.25,300,37950
20240102,09:22:51,1.35,150,37950
20240102,09:24:02,1.35,100,38200
20240102,09:24:09,1.25,350,38100
20240102,09:24:24,1.25,800,38100
20240102,09:25:11,1.2,250,38100
20240102,09:26:46,1.3,1950,37300
20240102,09:26:55,1.25,100,37300
20240102,09:28:54,1.2,50,37300
20240102,09:30:20,1.3,100,37300
20240102,09:30:56,1.25,150,37400
20240102,09:31:07,1.3,400,37400
20240102,09:31:17,1.3,400,37400
20240102,09:31:41,1.25,650,37400
20240102,09:31:42,1.25,500,37400
20240102,09:32:22,1.35,50,36050
20240102,09:34:15,1.25,50,36050
20240102,09:39:44,1.25,250,36050
20240102,09:40:06,1.25,250,36100
20240102,09:40:46,1.25,250,36100
20240102,09:41:33,1.25,300,36100
20240102,09:41:50,1.25,300,36850
20240102,09:42:24,1.25,300,36850
20240102,09:43:16,1.25,800,36850
20240102,09:43:43,1.25,200,36850
20240102,09:43:47,1.3,400,36850
20240102,09:45:02,1.25,550,36850
20240102,09:45:07,1.25,300,37400
20240102,09:45:41,1.25,400,37400
20240102,09:46:45,1.2,50,37400
20240102,09:48:22,1.3,50,37400
20240102,09:48:42,1.2,50,37400
20240102,09:50:06,1.2,50,37400
20240102,09:51:42,1.25,100,37400
20240102,09:51:44,1.2,50,37300
20240102,09:51:46,1.25,400,37300
20240102,09:53:04,1.2,500,37300
20240102,09:53:24,1.2,500,37300
20240102,09:54:28,1.2,950,37150
20240102,09:55:09,1.2,500,37150
20240102,09:56:58,1.2,200,37150
20240102,09:57:02,1.2,50,37650
20240102,09:57:05,1.15,2000,37650
20240102,09:57:13,1.15,200,37650
20240102,09:57:41,1.15,2600,37650
20240102,09:58:26,1.1,700,37650
20240102,09:58:27,1.1,50,37650
20240102,09:58:28,1.1,150,37650
20240102,09:59:06,1.05,150,37650
20240102,10:00:07,1.0,100,33650
20240102,10:00:10,1.0,250,33650
20240102,10:00:11,1.0,50,33650
20240102,10:00:20,0.95,100,33650
20240102,10:00:21,0.9,100,33650
20240102,10:01:42,0.85,250,33650
20240102,10:01:44,0.85,50,33650
20240102,10:01:45,0.85,200,33650
20240102,10:03:50,0.85,400,33650
20240102,10:04:40,1.15,250,33850
20240102,10:06:16,1.1,50,34000
20240102,10:06:38,0.9,50,34000
20240102,10:08:42,1.1,50,34000
20240102,10:10:22,1.05,100,34000
20240102,10:11:13,1.05,200,34000
20240102,10:17:06,1.1,50,33900
20240102,10:17:27,1.0,250,33900
20240102,10:19:27,1.05,500,33900
20240102,10:20:11,1.0,450,34100
20240102,10:23:23,1.05,250,34100
20240102,10:24:40,1.0,300,34100
20240102,10:28:32,1.0,1600,33650
20240102,10:29:35,0.9,2100,32350
20240102,10:29:35,0.9,50,32350
20240102,10:29:36,0.95,50,32350
20240102,10:29:45,0.95,1300,32350
20240102,10:30:27,0.95,800,32350
20240102,10:30:28,0.95,550,32350
20240102,10:30:33,0.9,50,32350
20240102,10:30:39,0.85,1800,32350
20240102,10:30:44,0.9,500,32350
20240102,10:30:47,0.9,500,32350
20240102,10:31:50,0.85,1700,32350
20240102,10:31:51,0.85,1850,32350
20240102,10:31:52,0.8,2050,32350
20240102,10:31:53,0.8,100,32350
20240102,10:32:07,0.8,1800,32350
20240102,10:32:09,0.85,700,32350
20240102,10:32:11,0.8,1000,32350
20240102,10:32:12,0.8,1900,32350
20240102,10:32:13,0.75,2150,32350
20240102,10:32:21,0.75,1500,32350
20240102,10:32:25,0.75,500,32350
20240102,10:32:26,0.8,100,32350
20240102,10:34:32,0.8,250,32350
20240102,10:34:51,0.8,1350,20250
20240102,10:36:51,0.85,50,20250
20240102,10:36:52,0.85,450,19350
20240102,10:36:57,0.85,50,19350
20240102,10:37:04,0.85,400,19350
20240102,10:37:38,0.8,50,19350
20240102,10:38:29,0.9,600,19350
20240102,10:38:48,0.9,300,19350
20240102,10:39:15,0.9,100,18250
20240102,10:39:34,0.9,150,18250
20240102,10:39:38,0.9,100,18250
20240102,10:39:42,0.95,150,18250
20240102,10:39:45,0.9,250,18250
20240102,10:39:45,0.9,50,18250
20240102,10:41:41,0.9,350,17900
20240102,10:41:46,0.9,200,17900
20240102,10:41:53,0.85,250,17900
20240102,10:42:10,0.85,50,17900
20240102,10:42:13,0.85,300,17900
20240102,10:42:14,0.8,1950,17900
20240102,10:42:22,0.9,200,17900
20240102,10:42:48,0.85,50,17900
20240102,10:42:54,0.85,550,17900
20240102,10:42:55,0.85,600,17900
20240102,10:43:26,0.85,400,17900
20240102,10:50:01,0.85,100,17900
20240102,10:50:03,0.85,50,16550
20240102,10:50:16,0.85,50,16550
20240102,10:50:18,0.85,50,16550
20240102,10:51:31,0.85,900,16550
20240102,10:51:33,0.85,400,16450
20240102,10:51:34,0.85,50,16450
20240102,10:51:36,0.85,50,16450
20240102,10:52:27,0.85,100,16450
20240102,10:54:25,0.85,250,16650
20240102,10:55:09,0.9,350,16650
20240102,10:57:45,0.9,50,16650
20240102,10:58:53,0.9,50,16700
20240102,11:00:30,0.85,50,16700
20240102,11:11:16,0.9,50,16700
20240102,11:11:23,0.9,600,16650
20240102,11:11:23,0.95,1300,16650
20240102,11:11:24,0.95,50,16650
20240102,11:11:26,0.95,50,16650
20240102,11:11:28,0.9,100,16650
20240102,11:13:04,0.9,250,17450
20240102,11:13:07,0.95,650,17450
20240102,11:13:54,0.95,50,17450
20240102,11:17:43,1.0,1800,17850
20240102,11:17:58,0.95,50,17850
20240102,11:22:28,1.0,50,19600
20240102,11:23:08,0.9,1800,19600
20240102,11:23:09,0.95,50,19600
20240102,11:23:10,0.95,50,19600
20240102,11:24:32,0.9,250,17900
20240102,11:30:04,0.95,400,17900
20240102,11:31:53,0.95,250,17900
20240102,11:32:24,0.9,1550,17900
20240102,11:52:15,0.9,50,17900
20240102,11:53:39,0.9,350,16550
20240102,11:54:28,0.9,750,16550
20240102,11:54:29,0.85,100,16550
20240102,11:55:14,0.9,750,16550
20240102,11:55:18,0.9,50,16550
20240102,12:03:05,0.85,1950,15300
20240102,12:06:11,0.85,100,13600
20240102,12:06:14,0.85,200,13600
20240102,12:07:26,0.85,1000,13600
20240102,12:07:27,0.85,200,13600
20240102,12:07:32,0.85,50,13600
20240102,12:08:58,0.85,100,15000
20240102,12:11:50,0.85,200,15000
20240102,12:17:08,0.9,200,14900
20240102,12:17:09,0.95,1500,14700
20240102,12:17:43,0.9,100,14700
20240102,12:18:22,0.9,150,14700
20240102,12:26:50,0.85,250,14400
20240102,12:26:53,0.85,50,14400
20240102,12:28:29,0.85,50,14400
20240102,13:08:22,0.8,100,14400
20240102,13:59:04,0.85,200,14100
20240102,13:59:14,0.85,900,14000
20240102,13:59:16,0.85,100,14000
20240102,14:11:32,0.85,50,12900
20240102,14:12:12,0.9,50,12900
20240102,14:13:15,0.9,50,12850
20240102,14:15:30,0.9,350,12850
20240102,14:15:30,1.0,100,12750
20240102,14:15:33,1.0,50,12750
20240102,14:15:46,0.9,50,12750
20240102,14:16:00,0.9,150,12750
20240102,14:16:06,0.9,150,12750
20240102,14:17:22,0.9,100,12750
20240102,14:17:38,0.95,800,12750
20240102,14:18:28,1.05,50,12400
20240102,14:18:41,1.05,50,12400
20240102,14:18:41,1.1,1350,12400
20240102,14:18:44,1.1,100,12400
20240102,14:18:52,1.1,100,12400
20240102,14:19:08,1.15,750,12400
20240102,14:19:12,1.15,650,12400
20240102,14:19:18,1.15,750,12400
20240102,14:19:42,1.15,1500,12400
20240102,14:19:49,1.15,550,12400
20240102,14:22:25,1.1,400,12400
20240102,14:22:54,1.1,100,15900
20240102,14:22:55,1.1,100,15900
20240102,14:28:45,1.05,50,15600
20240102,14:29:19,1.1,50,15600
20240102,14:30:37,1.1,300,15600
20240102,14:32:30,1.1,50,15650
20240102,14:32:51,1.05,100,15650
20240102,14:33:16,1.1,1800,15650
20240102,14:33:23,1.2,2250,15650
20240102,14:33:24,1.15,250,15650
20240102,14:33:27,1.2,2950,15650
20240102,14:33:34,1.2,200,15650
20240102,14:33:54,1.2,1000,15650
20240102,14:34:25,1.25,800,15650
20240102,14:34:37,1.25,350,15650
20240102,14:35:00,1.15,250,15650
20240102,14:36:00,1.15,500,15650
20240102,14:36:51,1.2,2850,24900
20240102,14:36:51,1.15,200,24900
20240102,14:37:08,1.2,250,24900
20240102,14:38:21,1.3,2000,24900
20240102,14:39:35,1.4,650,24900
20240102,14:39:48,1.4,850,27900
20240102,14:39:59,1.45,100,27900
20240102,14:40:09,1.5,1450,27900
20240102,14:40:29,1.45,1650,27900
20240102,14:40:36,1.55,300,27900
20240102,14:40:46,1.55,300,27900
20240102,14:42:29,1.5,450,27900
20240102,14:42:34,1.35,850,32150
20240102,14:42:40,1.5,300,32150
20240102,14:42:43,1.35,1000,32150
20240102,14:42:44,1.45,6450,32150
20240102,14:42:45,1.4,8950,32150
20240102,14:42:46,1.35,2400,32150
20240102,14:42:47,1.35,1000,32150
20240102,14:42:48,1.35,50,32150
20240102,14:42:57,1.4,800,32150
20240102,14:43:29,1.35,50,32150
20240102,14:44:35,1.4,200,32150
20240102,14:44:41,1.35,3600,32150
20240102,14:44:59,1.4,600,32150
20240102,14:51:07,1.4,50,42550
20240102,14:51:09,1.4,50,42550
20240102,14:51:13,1.35,1400,42550
20240102,14:52:23,1.25,200,42550
20240102,15:00:57,1.1,200,43800
20240102,15:00:59,1.1,100,43800
20240102,15:11:31,1.1,300,43950
20240102,15:12:53,1.2,250,43950
20240102,15:12:54,1.15,500,43950
20240102,15:12:55,1.2,500,43950
20240102,15:12:58,1.25,200,43950
20240102,15:13:08,1.25,50,43950
20240102,15:13:30,1.15,300,43950
20240102,15:13:39,1.15,400,43950
20240102,15:13:44,1.15,100,43950
20240102,15:15:29,1.1,7500,43450
20240102,15:15:39,1.1,1200,43450
20240102,15:15:52,1.1,550,43450
20240102,15:15:55,1.05,1500,43450
20240102,15:16:00,1.05,3650,43450
20240102,15:16:07,1.05,700,43450
20240102,15:16:22,1.1,1400,43450
20240102,15:16:41,1.1,250,43450
20240102,15:16:47,1.1,100,43450
20240102,15:16:53,1.05,1000,43450
20240102,15:16:58,1.1,700,43450
20240102,15:16:59,1.05,1000,43450
20240102,15:17:01,1.1,400,43450
20240102,15:17:03,1.0,150,43450
20240102,15:17:09,1.05,800,43450
20240102,15:17:13,1.1,1400,43450
20240102,15:17:17,1.1,400,43450
20240102,15:17:18,1.1,400,43450
20240102,15:17:20,1.1,1800,43450
20240102,15:17:30,1.05,1000,43450
20240102,15:17:46,1.05,1500,43450
20240102,15:17:59,1.05,800,43450
20240102,15:18:45,1.1,100,42800
20240102,15:18:52,1.1,300,42800
20240102,15:19:08,1.1,1300,42800
20240102,15:19:18,1.1,2000,42800
20240102,15:20:05,1.1,500,42800
20240102,15:20:12,1.1,750,42800
20240102,15:20:13,1.1,1250,42800
20240102,15:20:23,1.1,2500,42800
20240102,15:20:28,1.15,200,42800
20240102,15:20:29,1.05,1450,42800
20240102,15:20:35,1.05,1000,42800
20240102,15:20:38,1.1,11100,42800
20240102,15:21:07,1.05,1600,42800
20240102,15:21:14,1.05,100,42800
20240102,15:21:23,1.0,550,43600
20240102,15:21:26,0.95,500,43600
20240102,15:21:35,0.95,500,43600
20240102,15:21:35,1.05,50,43600
20240102,15:22:09,1.0,1050,43600
20240102,15:22:10,1.0,150,43600
20240102,15:22:11,1.0,50,43600
20240102,15:22:20,1.05,100,43600
20240102,15:22:21,1.0,150,43600
20240102,15:22:23,1.0,500,43600
20240102,15:22:23,1.0,50,43600
20240102,15:22:44,1.0,400,43600
20240102,15:22:46,1.05,750,43600
20240102,15:23:20,1.05,700,43600
20240102,15:23:36,1.05,250,43600
20240102,15:24:11,1.05,200,42300
20240102,15:24:34,0.95,3100,42300
20240102,15:25:45,1.05,100,42300
20240102,15:25:49,1.05,100,42300
20240102,15:25:51,0.9,800,42300
20240102,15:26:46,0.95,100,42300
20240102,15:27:00,1.05,50,42300
20240102,15:27:01,1.05,200,42300
20240102,15:27:06,1.05,600,42300
20240102,15:28:23,0.9,1650,43250
20240102,15:29:32,1.15,50,43250
20240103,09:15:34,0.75,1,42600
20240103,09:15:34,0.75,250,42600
20240103,09:15:47,0.75,50,42600
20240103,09:18:22,0.8,200,42600
20240103,09:18:29,0.85,150,42450
20240103,09:18:34,0.85,250,42450
20240103,09:19:24,0.95,200,42450
20240103,09:19:26,0.95,50,42450
20240103,09:20:18,1.35,1800,42450
20240103,09:20:23,1.35,50,42450
20240103,09:20:25,0.95,100,42450
20240103,09:20:28,0.95,200,42450
20240103,09:20:36,1.0,800,43550
20240103,09:20:36,0.95,100,43550
20240103,09:21:15,1.0,200,43550
20240103,09:21:20,0.95,100,43550
20240103,09:25:47,0.85,250,43550
20240103,09:34:40,0.85,200,43600
20240103,09:37:50,0.9,300,43500
20240103,09:37:55,0.85,350,43500
20240103,09:37:58,0.85,50,43500
20240103,09:39:49,0.8,200,43050
20240103,09:40:03,0.8,500,43050
20240103,09:40:05,0.8,100,43050
20240103,09:41:18,0.75,600,43050
20240103,09:41:19,0.7,1500,43050
20240103,09:41:24,0.7,200,43050
20240103,09:41:31,0.7,50,41450
20240103,09:41:35,0.7,50,41450
20240103,09:41:45,0.7,150,41450
20240103,09:43:45,0.65,2300,41450
20240103,09:43:46,0.6,1750,41450
20240103,09:43:55,0.6,300,41450
20240103,09:44:05,0.6,400,41450
20240103,09:44:07,0.55,1800,41450
20240103,09:44:14,0.55,1800,41450
20240103,09:44:15,0.45,2200,41450
20240103,09:44:17,0.45,300,41450
20240103,09:44:20,0.45,800,41450
20240103,09:44:27,0.55,250,41450
20240103,09:44:30,0.5,200,41450
20240103,09:44:31,0.55,50,41100
20240103,09:44:37,0.55,50,41100
20240103,09:44:39,0.55,250,41100
20240103,09:44:43,0.55,150,41100
20240103,09:44:45,0.6,400,41100
20240103,09:44:46,0.5,1850,41100
20240103,09:44:47,0.5,50,41100
20240103,09:45:07,0.5,2100,41100
20240103,09:45:30,0.5,450,41100
20240103,09:45:39,0.5,600,41100
20240103,09:45:44,0.5,50,41100
20240103,09:50:48,0.6,50,39750
20240103,09:51:47,0.55,350,39750
20240103,09:54:35,0.55,200,39750
20240103,09:54:50,0.55,1750,40050
20240103,09:54:51,0.6,3200,40050
20240103,09:55:29,0.6,50,40050
20240103,09:57:26,0.6,1800,40050
20240103,09:57:39,0.6,1000,41900
20240103,09:57:45,0.6,100,41900
20240103,09:57:58,0.55,700,41900
20240103,09:58:16,0.55,400,41900
20240103,09:58:40,0.6,200,41900
20240103,09:58:46,0.6,950,41900
20240103,09:59:09,0.6,350,41900
20240103,09:59:22,0.6,950,41900
20240103,09:59:24,0.65,650,41900
20240103,09:59:39,0.65,100,41900
20240103,09:59:44,0.6,250,42050
20240103,10:01:07,0.55,50,42050
20240103,10:02:51,0.65,50,42050
20240103,10:04:20,0.55,50,41800
20240103,10:07:53,0.6,250,41800
20240103,10:12:35,0.6,250,41750
20240103,10:12:41,0.6,400,41750
20240103,10:13:29,0.55,900,41750
20240103,10:13:31,0.55,250,41750
20240103,10:14:22,0.55,50,41750
20240103,10:20:58,0.6,1200,41750
20240103,10:22:35,0.55,2800,41000
20240103,10:22:48,0.55,250,41000
20240103,10:25:39,0.55,850,40800
20240103,10:30:00,0.6,1500,40800
20240103,10:30:00,0.6,800,40800
20240103,10:31:26,0.6,50,40800
20240103,10:32:50,0.55,50,40800
20240103,10:33:28,0.6,100,41900
20240103,10:35:11,0.6,1250,41900
20240103,10:35:12,0.65,200,41900
20240103,10:35:15,0.65,50,41900
20240103,10:35:19,0.65,150,41900
20240103,10:35:21,0.65,1800,41900
20240103,10:35:22,0.65,50,41900
20240103,10:35:24,0.65,200,41900
20240103,10:35:33,0.7,1250,41900
20240103,10:35:33,0.65,100,41900
20240103,10:35:34,0.75,100,41900
20240103,10:35:46,0.6,50,41900
20240103,10:36:00,0.75,1100,41150
20240103,10:37:55,0.7,150,41150
20240103,10:38:27,0.7,200,41150
20240103,10:38:38,0.65,50,41150
20240103,10:38:48,0.65,1150,41150
20240103,10:45:00,0.75,100,40550
20240103,10:46:26,0.65,200,40550
20240103,10:47:07,0.6,450,40550
20240103,10:47:39,0.6,50,40550
20240103,10:47:56,0.6,300,40550
20240103,10:48:04,0.6,350,40250
20240103,10:48:19,0.6,650,40250
20240103,10:48:27,0.6,500,40250
20240103,10:52:16,0.55,400,40250
20240103,10:58:20,0.65,50,39700
20240103,11:19:07,0.65,650,39700
20240103,11:19:08,0.65,50,39700
20240103,11:19:09,0.65,100,39700
20240103,11:20:26,0.65,150,39700
20240103,11:21:16,0.65,1800,39700
20240103,11:21:58,0.65,250,39700
20240103,11:22:47,0.7,2900,39700
20240103,11:23:07,0.75,1500,39700
20240103,11:23:08,0.8,2150,39700
20240103,11:23:23,0.75,800,39700
20240103,11:23:30,0.75,50,39700
20240103,11:23:31,0.75,4800,39700
20240103,11:24:09,0.75,500,39700
20240103,11:24:10,0.8,4100,42650
20240103,11:24:15,0.8,50,42650
20240103,11:24:26,0.8,50,42650
20240103,11:25:07,0.85,2250,42650
20240103,11:25:12,0.8,100,42650
20240103,11:26:12,0.8,100,42650
20240103,11:26:13,0.85,2100,42650
20240103,11:26:20,0.85,1550,42650
20240103,11:26:21,0.9,2450,42650
20240103,11:26:58,0.9,100,42650
20240103,11:27:01,0.9,450,53600
20240103,11:28:11,0.8,50,53600
20240103,11:29:08,0.8,550,53600
20240103,11:29:25,0.8,50,53600
20240103,11:34:35,0.8,100,54000
20240103,11:37:40,0.8,1000,54000
20240103,11:37:54,0.8,300,54000
20240103,11:38:51,0.75,400,54000
20240103,11:38:58,0.75,250,54000
20240103,11:40:05,0.75,100,54000
20240103,11:46:59,0.75,50,53650
20240103,11:49:37,0.8,250,53600
20240103,11:50:54,0.75,50,53600
20240103,11:51:02,0.85,2000,53600
20240103,11:51:02,0.9,600,53600
20240103,11:51:04,0.95,3400,53600
20240103,11:51:06,0.9,350,53600
20240103,11:51:19,0.95,1900,53600
20240103,11:51:22,0.95,250,53600
20240103,11:53:39,0.85,250,53600
20240103,11:56:26,1.0,400,60600
20240103,11:56:45,0.85,400,60600
20240103,11:58:07,0.85,200,60600
20240103,11:59:18,0.85,100,60300
20240103,11:59:19,0.85,300,60300
20240103,11:59:32,0.85,400,60300
20240103,12:00:57,0.85,50,60300
20240103,12:02:07,0.85,700,60850
20240103,12:03:18,0.85,50,61100
20240103,12:10:51,0.8,800,61100
20240103,12:11:03,0.8,50,61100
20240103,12:12:09,0.75,1000,61100
20240103,12:12:10,0.7,2200,61000
20240103,12:12:12,0.7,50,61000
20240103,12:12:18,0.7,350,61000
20240103,12:21:38,0.7,50,61000
20240103,12:24:17,0.65,150,59350
20240103,12:24:18,0.6,250,59350
20240103,12:24:18,0.55,1300,59350
20240103,12:25:00,0.7,250,59350
20240103,12:26:42,0.6,1400,59350
20240103,12:26:52,0.6,100,59350
20240103,12:28:02,0.6,1350,57200
20240103,12:28:09,0.55,600,57200
20240103,12:28:13,0.6,150,57200
20240103,12:28:17,0.55,350,57200
20240103,12:28:22,0.6,350,57200
20240103,12:28:33,0.55,1100,57200
20240103,12:28:38,0.55,50,57200
20240103,12:28:45,0.6,200,57200
20240103,12:28:51,0.55,850,57200
20240103,12:28:58,0.6,200,57200
20240103,12:29:12,0.55,1100,57200
20240103,12:29:18,0.6,200,57200
20240103,12:29:32,0.55,1650,57200
20240103,12:29:56,0.55,1100,51000
20240103,12:30:08,0.6,300,51000
20240103,12:30:16,0.5,1800,51000
20240103,12:49:17,0.6,500,48850
20240103,12:49:18,0.65,300,48850
20240103,12:49:39,0.65,1100,48850
20240103,12:49:40,0.65,50,48850
20240103,12:53:24,0.65,250,48850
20240103,12:54:25,0.65,1550,47800
20240103,12:54:27,0.65,50,48000
20240103,12:54:28,0.65,250,48000
20240103,12:55:09,0.7,2000,48000
20240103,12:55:14,0.7,1300,48000
20240103,12:55:16,0.75,2000,48000
20240103,12:55:19,0.75,150,48000
20240103,12:55:22,0.75,300,48000
20240103,12:55:24,0.8,1300,48000
20240103,12:55:25,0.75,100,48000
20240103,12:55:27,0.75,50,48000
20240103,12:55:29,0.8,550,48000
20240103,12:55:34,0.8,100,48000
20240103,12:56:04,0.8,300,48000
20240103,12:56:15,0.7,200,48000
20240103,12:56:16,0.7,150,48000
20240103,12:56:24,0.85,200,48000
20240103,12:56:30,0.8,100,48000
20240103,12:56:35,0.8,50,48000
20240103,12:56:39,0.75,250,48000
20240103,12:56:46,0.85,1800,48000
20240103,12:56:46,0.85,2400,48000
20240103,12:56:47,0.8,3600,48000
20240103,12:56:50,0.85,2150,48000
20240103,12:56:50,0.85,1100,48000
20240103,12:56:55,0.85,300,48000
20240103,12:56:56,0.8,550,48000
20240103,12:56:57,0.85,2250,48000
20240103,12:57:07,0.85,400,64200
20240103,12:57:20,0.8,550,64200
20240103,12:57:38,0.75,1800,64200
20240103,12:57:48,0.8,350,64200
20240103,12:57:51,0.75,850,64200
20240103,12:57:57,0.75,250,64200
20240103,12:57:58,0.75,350,64200
20240103,12:58:40,0.75,50,64200
20240103,12:59:45,0.75,50,64200
20240103,13:00:54,0.75,1850,64200
20240103,13:00:59,0.8,2000,65850
20240103,13:01:01,0.85,1300,65850
20240103,13:01:11,0.85,1100,65850
20240103,13:01:13,0.85,350,65850
20240103,13:01:20,0.85,250,65850
20240103,13:01:43,0.9,150,65850
20240103,13:04:20,0.85,2300,65850
20240103,13:04:26,0.9,250,68250
20240103,13:04:26,0.9,850,68250
20240103,13:04:31,0.9,200,68250
20240103,13:04:44,0.85,200,68250
20240103,13:05:40,0.8,1000,68250
20240103,13:06:15,0.8,500,71050
20240103,13:06:34,0.8,250,71050
20240103,13:07:11,0.85,1100,71050
20240103,13:07:31,0.75,750,71050
20240103,13:07:33,0.75,100,71050
20240103,13:07:37,0.75,200,71050
20240103,13:08:26,0.85,800,71050
20240103,13:08:52,0.8,400,71050
20240103,13:10:14,0.8,50,71650
20240103,13:10:34,0.8,400,71650
20240103,13:10:55,0.8,50,71650
20240103,13:14:23,0.8,600,72100
20240103,13:15:09,0.8,1300,71950
20240103,13:15:46,0.75,450,71950
20240103,13:16:47,0.75,600,71950
20240103,13:17:27,0.75,50,71950
20240103,13:17:58,0.75,50,71950
20240103,13:18:01,0.75,600,71950
20240103,13:19:24,0.75,50,71650
20240103,13:19:26,0.75,50,71650
20240103,13:24:23,0.75,250,71550
20240103,13:24:27,0.75,600,71550
20240103,13:24:28,0.75,50,71550
20240103,13:25:51,0.75,1350,71550
20240103,13:27:17,0.8,150,71550
20240103,13:29:41,0.75,400,72000
20240103,13:37:56,0.8,300,72250
20240103,13:42:04,0.75,100,72250
20240103,13:47:28,0.75,250,72000
20240103,13:47:47,0.7,200,72000
20240103,13:47:55,0.7,2100,72000
20240103,13:48:00,0.7,1850,72000
20240103,13:48:06,0.7,600,72000
20240103,13:48:11,0.7,1800,72000
20240103,13:48:54,0.65,50,73250
20240103,13:49:21,0.7,400,73250
20240103,13:50:34,0.7,100,73250
20240103,13:50:41,0.7,200,73250
20240103,13:52:12,0.7,300,72850
20240103,13:52:17,0.7,100,72850
20240103,13:52:18,0.7,1300,72850
20240103,13:52:44,0.7,1800,72850
20240103,13:53:51,0.7,300,72850
20240103,13:55:38,0.65,2500,72500
20240103,13:55:57,0.7,2200,72500
20240103,13:56:21,0.75,1150,72500
20240103,13:57:02,0.65,900,72500
20240103,13:57:53,0.65,300,69650
20240103,14:00:14,0.7,2200,69650
20240103,14:00:17,0.65,600,69650
20240103,14:00:18,0.7,4100,69650
20240103,14:00:19,0.6,100,69650
20240103,14:00:23,0.7,200,69650
20240103,14:00:32,0.7,1800,69650
20240103,14:00:32,0.7,1050,69650
20240103,14:00:35,0.7,750,69650
20240103,14:01:21,0.7,100,69650
20240103,14:03:22,0.65,1400,67000
20240103,14:06:57,0.65,600,67000
20240103,14:07:45,0.65,250,67000
20240103,14:08:15,0.65,350,67000
20240103,14:09:13,0.6,450,67000
20240103,14:18:06,0.6,1950,65750
20240103,14:19:23,0.55,4100,64150
20240103,14:19:30,0.5,3950,64150
20240103,14:19:31,0.45,1500,64150
20240103,14:19:35,0.5,250,64150
20240103,14:19:36,0.45,100,64150
20240103,14:19:40,0.45,1200,64150
20240103,14:21:37,0.5,1050,58550
20240103,14:21:39,0.5,200,58550
20240103,14:21:42,0.5,400,58550
20240103,14:21:43,0.5,100,58550
20240103,14:22:13,0.5,300,58550
20240103,14:22:37,0.45,2200,58550
20240103,14:22:40,0.45,50,58550
20240103,14:22:48,0.45,3250,58550
20240103,14:23:23,0.45,650,58550
20240103,14:23:24,0.4,2200,58550
20240103,14:24:44,0.5,1500,52050
20240103,14:25:48,0.45,3450,52050
20240103,14:25:50,0.5,100,52050
20240103,14:25:59,0.45,650,52050
20240103,14:26:17,0.45,1950,52050
20240103,14:26:42,0.5,200,52050
20240103,14:30:13,0.45,500,52050
20240103,14:32:25,0.45,100,50550
20240103,14:33:04,0.5,500,50550
20240103,14:33:06,0.5,300,50550
20240103,14:34:14,0.5,200,50400
20240103,14:38:06,0.45,100,50400
20240103,14:38:11,0.5,400,50300
20240103,14:38:32,0.45,50,50300
20240103,14:38:35,0.45,50,50300
20240103,14:38:38,0.45,50,50300
20240103,14:38:42,0.45,250,50300
20240103,14:39:02,0.45,50,50300
20240103,14:39:04,0.45,50,50300
20240103,14:40:01,0.45,300,49950
20240103,14:40:35,0.45,250,49950
20240103,14:40:58,0.45,1050,49950
20240103,14:41:00,0.4,500,49950
20240103,14:42:38,0.4,1150,49950
20240103,14:47:55,0.4,1500,48500
20240103,14:49:27,0.35,250,46050
20240103,14:55:35,0.35,50,46050
20240103,14:55:42,0.35,50,45800
20240103,14:55:52,0.35,100,45800
20240103,14:56:13,0.35,900,45800
20240103,14:57:33,0.5,1900,45800
20240103,14:57:44,0.5,650,46300
20240103,14:57:45,0.6,2400,46300
20240103,14:58:22,0.55,1400,46300
20240103,14:59:04,0.55,800,46300
20240103,14:59:57,0.55,450,46300
20240103,14:59:57,0.6,50,46300
20240103,15:00:04,0.55,150,46300
20240103,15:03:08,0.45,500,46300
20240103,15:05:34,0.45,250,53050
20240103,15:05:50,0.5,300,53050
20240103,15:07:45,0.4,500,53050
20240103,15:13:48,0.4,150,53750
20240103,15:14:47,0.35,50,53750
20240103,15:14:59,0.35,1050,53750
20240103,15:15:09,0.35,250,53750
20240103,15:16:11,0.35,50,53700
20240103,15:16:12,0.3,250,53700
20240103,15:16:31,0.3,250,53700
20240103,15:16:32,0.3,250,53700
20240103,15:16:33,0.3,50,53700
20240103,15:16:34,0.3,250,53700
20240103,15:16:35,0.3,250,53700
20240103,15:16:54,0.3,1250,53700
20240103,15:17:38,0.35,100,53700
20240103,15:17:43,0.35,250,53700
20240103,15:17:52,0.3,450,53700
20240103,15:17:52,0.3,250,53700
20240103,15:17:53,0.3,250,53700
20240103,15:17:54,0.3,750,53700
20240103,15:17:55,0.3,250,53700
20240103,15:18:34,0.3,250,53850
20240103,15:18:46,0.3,500,53850
20240103,15:18:47,0.3,250,53850
20240103,15:18:49,0.3,250,53850
20240103,15:19:14,0.3,500,53850
20240103,15:19:15,0.3,500,53850
20240103,15:19:16,0.25,250,53850
20240103,15:19:42,0.25,200,53850
20240103,15:21:04,0.35,250,53850
20240103,15:21:05,0.35,250,53850
20240103,15:21:06,0.35,250,53850
20240103,15:21:09,0.35,250,53850
20240103,15:21:31,0.3,250,53850
20240103,15:21:45,0.3,250,53850
20240103,15:22:21,0.3,250,53850
20240103,15:22:23,0.3,250,53850
20240103,15:27:03,0.3,1800,54400
20240103,15:28:21,0.35,250,54400
20240103,15:28:38,0.3,350,54400
20240103,15:29:07,0.3,1400,54400
20240103,15:29:34,0.35,400,54400
20240103,15:29:46,0.3,150,54400
20240103,15:29:59,0.3,400,54400
20240104,09:15:00,0.3,1,53550
20240104,09:15:00,0.3,600,53550
20240104,09:15:01,0.55,100,53550
20240104,09:15:02,0.55,200,53550
20240104,09:15:03,0.45,50,53550
20240104,09:15:05,0.35,900,53550
20240104,09:15:08,0.35,700,53550
20240104,09:15:17,0.3,600,53550
20240104,09:15:18,0.3,2400,53550
20240104,09:15:46,0.35,50,53550
20240104,09:15:49,0.3,200,53550
20240104,09:15:53,0.3,350,53550
20240104,09:16:00,0.3,50,53550
20240104,09:16:01,0.3,500,53550
20240104,09:16:12,0.35,200,53550
20240104,09:16:18,0.3,500,53550
20240104,09:16:26,0.3,2900,53550
20240104,09:16:54,0.35,500,53550
20240104,09:17:03,0.35,150,53550
20240104,09:17:29,0.35,50,53550
20240104,09:18:06,0.3,1000,55500
20240104,09:18:11,0.3,250,55500
20240104,09:18:29,0.3,250,55500
20240104,09:18:30,0.3,250,55500
20240104,09:18:31,0.3,250,55500
20240104,09:18:33,0.3,250,55500
20240104,09:18:36,0.35,250,55500
20240104,09:18:40,0.3,250,55500
20240104,09:18:42,0.3,750,55500
20240104,09:18:43,0.3,250,55500
20240104,09:18:44,0.3,250,55500
20240104,09:18:48,0.3,250,55500
20240104,09:18:49,0.3,250,55500
20240104,09:18:50,0.3,250,55500
20240104,09:18:52,0.3,250,55500
20240104,09:19:35,0.25,1800,55500
20240104,09:19:40,0.25,1800,55500
20240104,09:22:54,0.25,1600,56350
20240104,09:26:51,0.25,250,57200
20240104,09:27:20,0.25,2050,57200
20240104,09:27:21,0.25,3200,57200
20240104,09:27:33,0.25,2150,57200
20240104,09:27:39,0.2,1800,57200
20240104,09:27:40,0.2,1800,57200
20240104,09:28:01,0.2,1800,57200
20240104,09:28:13,0.2,1800,57200
20240104,09:28:39,0.2,400,57200
20240104,09:30:01,0.2,100,57950
20240104,09:30:04,0.2,2550,57950
20240104,09:30:08,0.2,550,57950
20240104,09:30:10,0.2,400,57950
20240104,09:30:15,0.2,150,57950
20240104,09:30:42,0.2,600,57950
20240104,09:30:43,0.2,50,57950
20240104,09:30:44,0.2,600,57950
20240104,09:30:46,0.2,100,57950
20240104,09:30:49,0.2,400,57950
20240104,09:30:53,0.2,400,57950
20240104,09:30:58,0.2,250,57950
20240104,09:30:59,0.2,250,57950
20240104,09:31:03,0.2,200,57950
20240104,09:31:05,0.15,1800,57950
20240104,09:31:10,0.15,3600,57950
20240104,09:31:15,0.15,1800,57950
20240104,09:31:22,0.15,3600,57950
20240104,09:31:29,0.15,3000,57950
20240104,09:31:31,0.15,1250,57950
20240104,09:31:32,0.15,750,57950
20240104,09:31:33,0.15,50,57950
20240104,09:31:34,0.15,50,57950
20240104,09:31:35,0.15,50,57950
20240104,09:31:36,0.15,50,57950
20240104,09:31:54,0.15,250,57950
20240104,09:31:56,0.15,100,57950
20240104,09:33:06,0.15,50,50200
20240104,09:33:10,0.1,1800,50200
20240104,09:33:12,0.1,3600,50200
20240104,09:36:15,0.1,50,50200
20240104,09:37:43,0.1,5200,48050
20240104,09:40:56,0.1,1350,48050
20240104,09:42:01,0.15,50,48050
20240104,09:42:11,0.15,100,48050
20240104,09:42:18,0.1,1800,48050
20240104,09:42:22,0.1,1800,48050
20240104,09:42:28,0.1,1800,48050
20240104,09:42:30,0.1,1800,48050
20240104,09:42:38,0.1,1800,48050
20240104,09:42:39,0.1,1800,48050
20240104,09:42:40,0.1,1800,48050
20240104,09:44:20,0.15,500,48050
20240104,09:49:13,0.15,550,48050
20240104,09:49:17,0.1,550,47900
20240104,09:59:32,0.15,50,47900
20240104,09:59:34,0.1,50,47900
20240104,10:00:21,0.15,900,47900
20240104,10:02:44,0.1,250,47900
20240104,10:03:53,0.1,1400,47000
20240104,10:08:35,0.15,50,48400
20240104,10:13:34,0.15,1600,48400
20240104,10:14:44,0.15,21150,48400
20240104,10:15:25,0.15,3200,48400
20240104,10:22:30,0.1,50,48400
20240104,10:22:31,0.1,650,27200
20240104,10:22:32,0.1,300,27200
20240104,10:22:41,0.1,2600,27200
20240104,10:22:58,0.1,50,27200
20240104,10:40:22,0.15,50,30850
20240104,10:41:02,0.15,50,30850
20240104,10:45:52,0.15,800,30850
20240104,10:47:40,0.1,50,30850
20240104,10:55:19,0.1,900,30050
20240104,10:55:33,0.1,900,30050
20240104,10:59:41,0.15,50,29150
20240104,11:01:04,0.1,50,29150
20240104,11:06:56,0.1,50,29150
20240104,11:07:03,0.1,2600,29100
20240104,11:10:23,0.1,1800,29100
20240104,11:13:50,0.1,100,26250
20240104,11:19:45,0.1,50,26250
20240104,11:20:42,0.1,50,26250
20240104,11:21:30,0.05,1250,26250
20240104,11:29:41,0.1,50,26100
20240104,11:36:52,0.1,1800,26100
20240104,11:36:53,0.1,150,26100
20240104,11:39:00,0.1,50,26100
20240104,11:45:07,0.1,1150,26100
20240104,11:46:05,0.1,300,26150
20240104,11:47:40,0.1,300,26150
20240104,11:50:00,0.1,50,26150
20240104,11:50:31,0.1,50,26150
20240104,11:51:38,0.1,50,26150
20240104,11:52:18,0.1,50,26200
20240104,11:53:37,0.1,50,26200
20240104,11:54:04,0.1,50,26350
20240104,11:55:58,0.1,300,26350
20240104,11:57:01,0.1,50,26350
20240104,11:57:29,0.1,50,26200
20240104,11:58:07,0.1,50,26200
20240104,12:04:50,0.05,5000,26300
20240104,12:06:18,0.1,2000,26150
20240104,12:06:44,0.1,200,26150
20240104,12:07:21,0.1,50,26150
20240104,12:12:41,0.15,50,26150
20240104,12:15:32,0.1,50,24100
20240104,12:22:37,0.1,550,24100
20240104,12:24:23,0.05,500,24100
20240104,12:24:25,0.05,650,24100
20240104,12:25:45,0.1,50,24100
20240104,12:25:50,0.05,50,24100
20240104,12:33:53,0.1,1000,24100
20240104,12:33:57,0.1,1000,24100
20240104,12:33:59,0.1,1000,24100
20240104,12:34:02,0.1,1000,24100
20240104,12:41:57,0.1,50,24250
20240104,12:43:43,0.05,250,24250
20240104,12:43:43,0.1,150,24250
20240104,12:44:25,0.1,200,24250
20240104,12:44:27,0.1,350,24250
20240104,12:44:50,0.1,750,23900
20240104,12:47:17,0.05,250,23900
20240104,12:49:24,0.1,250,23150
20240104,12:51:30,0.1,250,23150
20240104,12:53:03,0.05,500,22900
20240104,13:00:06,0.05,450,22900
20240104,13:00:07,0.05,450,22400
20240104,13:06:51,0.1,50,22400
20240104,13:08:13,0.1,50,22800
20240104,13:09:29,0.1,50,22800
20240104,13:09:33,0.05,1800,22800
20240104,13:09:51,0.1,50,22800
20240104,13:10:12,0.1,50,22800
20240104,13:10:19,0.1,50,22800
20240104,13:10:25,0.1,50,22800
20240104,13:10:52,0.1,50,22800
20240104,13:15:28,0.05,250,22800
20240104,13:18:52,0.05,100,22800
20240104,13:18:57,0.05,250,22800
20240104,13:25:09,0.1,50,22800
20240104,13:25:10,0.1,50,22800
20240104,13:25:12,0.1,50,22800
20240104,13:25:12,0.1,200,22800
20240104,13:25:13,0.1,200,22800
20240104,13:25:14,0.1,50,22800
20240104,13:25:15,0.1,100,22800
20240104,13:25:16,0.1,50,22800
20240104,13:25:23,0.1,50,22800
20240104,13:25:24,0.1,50,22800
20240104,13:25:24,0.05,100,22800
20240104,13:25:35,0.1,100,22800
20240104,13:25:36,0.1,100,22800
20240104,13:25:37,0.1,50,22800
20240104,13:25:40,0.1,50,22800
20240104,13:25:41,0.05,400,22800
20240104,13:26:22,0.05,200,22800
20240104,13:26:28,0.1,50,22800
20240104,13:26:54,0.05,350,22800
20240104,13:28:22,0.05,250,22800
20240104,13:28:24,0.05,250,22800
20240104,13:28:25,0.05,250,22800
20240104,13:28:26,0.05,50,22800
20240104,13:31:03,0.1,100,22800
20240104,13:31:04,0.1,200,22800
20240104,13:31:05,0.1,150,22800
20240104,13:31:06,0.1,150,22800
20240104,13:31:21,0.1,100,22800
20240104,13:31:22,0.1,50,22800
20240104,13:31:24,0.1,50,22800
20240104,13:32:14,0.1,100,22800
20240104,13:32:15,0.1,200,22800
20240104,13:32:16,0.1,100,22800
20240104,13:32:17,0.1,100,22800
20240104,13:32:18,0.1,100,22800
20240104,13:32:20,0.1,100,22800
20240104,13:32:20,0.1,50,22800
20240104,13:32:21,0.1,150,22800
20240104,13:32:22,0.1,100,22800
20240104,13:32:36,0.1,50,22800
20240104,13:32:54,0.1,50,22800
20240104,13:32:55,0.1,50,22800
20240104,13:33:04,0.1,100,22800
20240104,13:33:05,0.1,50,22800
20240104,13:33:07,0.1,50,22800
20240104,13:33:08,0.1,50,22800
20240104,13:33:09,0.1,200,22800
20240104,13:33:11,0.1,300,22800
20240104,13:33:12,0.1,50,22800
20240104,13:33:13,0.05,1050,22800
20240104,13:33:14,0.1,50,22800
20240104,13:33:15,0.1,150,22800
20240104,13:33:16,0.1,100,22800
20240104,13:33:24,0.1,50,22800
20240104,13:33:25,0.1,250,22800
20240104,13:33:26,0.1,50,22800
20240104,13:33:27,0.1,50,22800
20240104,13:33:31,0.1,50,22800
20240104,13:33:36,0.1,50,22800
20240104,13:33:37,0.05,2000,22800
20240104,13:33:51,0.1,50,22800
20240104,13:33:52,0.1,150,22800
20240104,13:33:52,0.1,200,22800
20240104,13:33:53,0.1,150,22800
20240104,13:33:59,0.1,50,22800
20240104,13:34:00,0.1,50,22800
20240104,13:34:46,0.1,50,22800
20240104,13:34:47,0.05,800,22800
20240104,13:35:02,0.1,1050,22800
20240104,13:35:02,0.05,800,22800
20240104,13:36:09,0.1,1050,22800
20240104,13:36:33,0.1,1050,22800
20240104,13:36:46,0.1,1050,22800
20240104,13:37:01,0.1,1050,22800
20240104,13:37:02,0.05,2000,22800
20240104,13:42:02,0.05,250,25400
20240104,13:42:05,0.05,500,25400
20240104,13:42:06,0.05,250,25400
20240104,13:42:07,0.05,300,25400
20240104,13:42:10,0.05,250,25400
20240104,13:42:12,0.05,500,25400
20240104,13:42:14,0.05,250,25400
20240104,13:42:16,0.05,250,25400
20240104,13:42:17,0.05,500,25400
20240104,13:42:20,0.05,250,25400
20240104,13:42:23,0.05,500,25400
20240104,13:42:24,0.05,250,25400
20240104,13:42:27,0.05,100,25400
20240104,13:42:27,0.05,550,25400
20240104,13:42:33,0.05,450,25400
20240104,13:45:36,0.05,250,25250
20240104,13:47:00,0.05,250,25250
20240104,13:47:03,0.05,300,25250
20240104,13:47:05,0.05,300,25250
20240104,13:48:32,0.05,350,26050
20240104,13:56:30,0.05,250,26400
20240104,13:59:08,0.05,250,26650
20240104,14:02:47,0.05,1800,26900
20240104,14:02:48,0.05,1800,26900
20240104,14:02:49,0.05,1800,26900
20240104,14:02:56,0.05,1800,26900
20240104,14:02:57,0.05,3600,26900
20240104,14:02:58,0.05,2650,26900
20240104,14:03:01,0.05,300,40350
20240104,14:05:30,0.05,300,40350
20240104,14:07:16,0.05,250,40350
20240104,14:07:45,0.05,250,39550
20240104,14:08:21,0.05,50,39550
20240104,14:15:10,0.05,100,39550
20240104,14:19:36,0.05,200,39750
20240104,14:19:37,0.05,900,39750
20240104,14:19:38,0.05,350,39750
20240104,14:19:39,0.05,1250,39750
20240104,14:19:40,0.05,1400,39750
20240104,14:19:54,0.05,300,39750
20240104,14:19:56,0.05,300,39750
20240104,14:19:58,0.05,300,39750
20240104,14:19:59,0.05,250,39750
20240104,14:20:01,0.05,2000,39750
20240104,14:20:13,0.05,250,39750
20240104,14:20:21,0.05,250,39750
20240104,14:20:29,0.05,450,39750
20240104,14:29:22,0.05,50,36700
20240104,14:30:31,0.05,900,36700
20240104,14:30:56,0.05,1800,36700
20240104,14:31:11,0.05,5000,36700
20240104,14:33:08,0.05,300,32250
20240104,15:18:33,0.05,50,32250
