date,time,tick_price,volume,open_interest
20240206,13:27:55,2.35,150,150
20240206,14:00:28,2.95,200,150
20240206,14:54:03,2.95,50,200
20240206,15:20:00,2.7,150,250
20240207,09:15:19,2.65,1,250
20240207,09:15:19,2.65,50,250
20240207,10:47:06,2.4,50,300
20240207,10:47:13,2.05,50,300
20240207,10:56:49,2.05,50,350
20240207,11:22:00,2.25,50,400
20240207,11:26:57,2.0,150,450
20240207,11:47:23,1.7,350,450
20240207,11:50:38,1.7,50,300
20240207,12:08:36,2.15,50,300
20240207,12:55:00,1.85,50,300
20240207,13:06:16,2.1,50,250
20240207,13:08:53,2.1,50,250
20240207,13:17:37,1.8,50,250
20240207,13:26:38,1.8,100,250
20240207,14:14:36,1.95,100,350
20240207,14:15:51,1.7,200,350
20240207,14:47:02,1.85,100,550
20240207,14:50:08,1.6,200,550
20240207,14:58:23,1.6,150,750
20240207,15:05:38,1.55,200,750
20240207,15:07:31,1.55,350,750
20240207,15:09:34,1.8,100,1300
20240207,15:09:38,1.75,100,1300
20240207,15:10:01,1.6,250,1300
20240207,15:23:01,1.85,350,1550
20240207,15:23:06,1.65,100,1550
20240207,15:23:58,1.65,250,1750
20240207,15:25:16,1.7,50,1750
20240207,15:25:21,1.7,500,1750
20240207,15:25:26,1.7,200,1750
20240207,15:29:24,2.15,400,2500
20240208,09:15:18,1.8,1,2800
20240208,09:15:18,1.75,300,2800
20240208,09:16:55,1.8,50,3100
20240208,09:17:19,1.8,50,3100
20240208,09:17:30,1.8,100,3100
20240208,09:18:22,1.85,50,3100
20240208,09:19:32,1.85,250,3100
20240208,09:19:42,1.6,100,3100
20240208,09:19:51,1.6,100,3400
20240208,09:20:00,1.8,50,3400
20240208,09:20:09,1.6,50,3400
20240208,09:20:53,1.6,100,3400
20240208,09:22:43,1.55,100,3400
20240208,09:23:34,1.55,600,3350
20240208,09:25:07,1.55,100,3350
20240208,09:29:23,1.65,100,3450
20240208,09:29:51,1.75,500,3450
20240208,09:30:10,1.6,450,3450
20240208,09:32:49,1.6,250,4500
20240208,09:32:58,1.8,100,4500
20240208,09:35:23,1.65,50,4850
20240208,09:37:49,1.6,250,4900
20240208,09:50:30,1.6,250,5150
20240208,09:52:11,1.6,250,5150
20240208,09:57:28,1.7,100,5650
20240208,10:14:16,1.6,350,5750
20240208,10:16:34,1.6,200,5750
20240208,10:41:25,1.5,50,6100
20240208,10:41:45,1.5,50,6100
20240208,10:58:25,1.5,100,6050
20240208,10:58:36,1.65,200,6050
20240208,11:02:50,1.65,100,5950
20240208,11:03:34,1.7,200,5950
20240208,11:06:54,1.5,50,5900
20240208,11:08:33,1.7,50,5850
20240208,11:10:26,1.75,250,5850
20240208,11:11:10,1.7,250,5600
20240208,11:11:20,1.6,200,5600
20240208,11:16:25,1.75,500,5400
20240208,11:16:52,1.25,1000,5400
20240208,11:17:35,1.25,150,5050
20240208,11:22:15,1.5,100,4950
20240208,11:22:24,1.5,250,4950
20240208,11:23:05,1.5,150,4950
20240208,11:28:30,1.65,100,4950
20240208,11:34:57,1.65,50,5150
20240208,11:38:11,1.6,200,5150
20240208,11:41:00,1.5,200,5150
20240208,12:23:37,1.45,50,5200
20240208,12:31:01,1.45,50,5200
20240208,12:59:10,1.25,500,5250
20240208,12:59:21,1.45,200,5250
20240208,12:59:28,1.4,100,5250
20240208,13:01:11,1.35,100,5250
20240208,13:01:35,1.35,100,5250
20240208,13:10:39,1.55,200,5400
20240208,14:14:17,1.5,50,5400
20240208,14:14:26,1.5,100,5400
20240208,14:14:42,1.5,50,5550
20240208,14:15:16,1.3,50,5550
20240208,14:15:25,1.5,500,5550
20240208,14:16:14,1.6,900,5550
20240208,14:16:22,1.55,700,5550
20240208,14:16:54,1.65,50,5550
20240208,14:17:35,1.65,50,7300
20240208,14:35:40,1.45,150,7300
20240208,14:36:45,1.5,700,7300
20240208,14:36:55,1.6,100,7300
20240208,14:37:49,1.65,750,7300
20240208,14:38:24,1.75,250,7300
20240208,14:39:35,1.6,150,7200
20240208,14:39:44,1.55,100,7200
20240208,14:41:50,1.55,250,7150
20240208,14:42:15,1.55,250,7150
20240208,14:53:42,1.55,50,7650
20240208,14:55:42,1.65,100,7650
20240208,15:02:52,1.5,100,7750
20240208,15:03:40,1.5,100,7750
20240208,15:05:31,1.5,100,7750
20240208,15:05:48,1.5,600,7500
20240208,15:07:34,1.6,150,7500
20240208,15:08:28,1.45,50,7500
20240208,15:08:45,1.45,50,7300
20240208,15:14:15,1.6,250,7300
20240208,15:16:45,1.6,500,7500
20240208,15:18:18,1.55,800,7900
20240208,15:18:49,1.5,100,7900
20240208,15:19:52,1.6,300,7900
20240208,15:22:53,1.6,300,7900
20240208,15:23:10,1.55,200,7900
20240208,15:24:02,1.5,50,8400
20240208,15:24:54,1.5,1200,8400
20240208,15:28:10,1.8,900,8400
20240209,09:15:01,1.8,1,8500
20240209,09:15:01,1.8,300,8500
20240209,09:15:02,1.85,100,8500
20240209,09:15:03,1.5,350,8500
20240209,09:15:04,1.5,150,8500
20240209,09:15:05,1.6,100,8500
20240209,09:15:06,1.6,50,8500
20240209,09:15:07,1.6,50,8500
20240209,09:15:16,1.45,200,8500
20240209,09:15:17,1.45,50,8500
20240209,09:15:18,1.55,50,8500
20240209,09:15:27,1.5,50,8500
20240209,09:15:42,1.4,350,8500
20240209,09:15:49,1.4,50,8500
20240209,09:16:17,1.4,50,8500
20240209,09:16:19,1.4,50,9350
20240209,09:16:26,1.4,100,9350
20240209,09:16:27,1.35,50,9350
20240209,09:16:49,1.35,400,9350
20240209,09:16:56,1.45,50,9350
20240209,09:16:59,1.45,50,9350
20240209,09:17:02,1.45,900,9350
20240209,09:17:04,1.45,250,9350
20240209,09:17:06,1.45,800,9350
20240209,09:17:30,1.5,1650,9350
20240209,09:17:31,1.55,1800,9350
20240209,09:17:34,1.5,2150,9350
20240209,09:17:36,1.7,1950,9350
20240209,09:17:39,1.65,4000,9350
20240209,09:17:51,1.65,50,9350
20240209,09:17:52,1.7,3550,9350
20240209,09:17:53,1.7,350,9350
20240209,09:17:54,1.7,400,9350
20240209,09:17:55,1.7,350,9350
20240209,09:17:56,1.7,250,9350
20240209,09:17:57,1.7,2100,9350
20240209,09:17:59,1.7,850,9350
20240209,09:18:03,1.7,1000,9350
20240209,09:18:11,1.6,600,9350
20240209,09:18:17,1.6,1000,9350
20240209,09:18:18,1.65,1950,9350
20240209,09:18:21,1.55,300,9350
20240209,09:18:23,1.6,250,9350
20240209,09:18:29,1.55,300,9350
20240209,09:18:42,1.55,50,9350
20240209,09:18:44,1.45,400,9350
20240209,09:18:47,1.5,550,9350
20240209,09:18:48,1.45,400,9350
20240209,09:18:49,1.45,100,9350
20240209,09:18:51,1.45,650,9350
20240209,09:19:04,1.45,750,9350
20240209,09:19:08,1.4,100,9350
20240209,09:19:09,1.45,650,9350
20240209,09:19:11,1.45,100,9350
20240209,09:19:27,1.45,50,26800
20240209,09:19:31,1.45,400,26800
20240209,09:19:38,1.45,2000,26800
20240209,09:19:40,1.45,300,26800
20240209,09:19:45,1.45,1800,26800
20240209,09:19:47,1.45,50,26800
20240209,09:19:51,1.45,50,26800
20240209,09:19:57,1.45,50,26800
20240209,09:20:18,1.4,750,26800
20240209,09:20:20,1.35,250,26800
20240209,09:20:25,1.4,250,26800
20240209,09:20:34,1.4,1850,26800
20240209,09:20:37,1.45,50,26800
20240209,09:20:40,1.4,50,26800
20240209,09:20:58,1.4,100,26800
20240209,09:21:03,1.4,250,26800
20240209,09:21:26,1.4,350,26800
20240209,09:21:46,1.4,800,26800
20240209,09:21:48,1.4,50,26800
20240209,09:21:55,1.4,50,26800
20240209,09:22:02,1.45,900,26800
20240209,09:22:05,1.45,200,26800
20240209,09:22:08,1.4,50,26800
20240209,09:22:09,1.45,100,26800
20240209,09:22:31,1.4,100,27950
20240209,09:22:32,1.4,250,27950
20240209,09:22:33,1.45,50,27950
20240209,09:22:38,1.4,500,27950
20240209,09:23:03,1.4,100,27950
20240209,09:23:05,1.4,150,27950
20240209,09:23:34,1.4,250,27950
20240209,09:23:53,1.35,50,27950
20240209,09:23:55,1.35,900,27950
20240209,09:24:03,1.35,450,27950
20240209,09:24:04,1.35,50,27950
20240209,09:24:09,1.35,50,27950
20240209,09:24:10,1.35,100,27950
20240209,09:24:20,1.4,50,27950
20240209,09:24:25,1.35,1000,27950
20240209,09:24:25,1.35,2500,27950
20240209,09:24:26,1.35,2700,27950
20240209,09:24:27,1.3,500,27950
20240209,09:24:48,1.3,50,27950
20240209,09:24:49,1.3,100,27950
20240209,09:24:54,1.3,250,27950
20240209,09:25:20,1.35,50,27950
20240209,09:25:24,1.35,50,28800
20240209,09:25:25,1.35,50,28800
20240209,09:25:46,1.35,250,28800
20240209,09:26:15,1.35,50,28800
20240209,09:26:16,1.35,350,28800
20240209,09:26:35,1.3,50,28800
20240209,09:26:37,1.3,100,28800
20240209,09:26:41,1.3,100,28800
20240209,09:26:42,1.3,50,28800
20240209,09:26:51,1.3,500,28800
20240209,09:27:09,1.35,50,28800
20240209,09:27:16,1.35,50,28800
20240209,09:28:00,1.4,1800,28800
20240209,09:28:10,1.35,100,28800
20240209,09:28:11,1.35,300,28800
20240209,09:28:12,1.35,300,28800
20240209,09:28:13,1.35,250,28800
20240209,09:28:14,1.35,300,28800
20240209,09:28:15,1.35,300,28800
20240209,09:28:16,1.35,300,28800
20240209,09:28:17,1.35,250,28800
20240209,09:28:18,1.35,250,28800
20240209,09:28:19,1.35,300,28800
20240209,09:28:20,1.35,350,28700
20240209,09:28:21,1.35,250,28700
20240209,09:28:22,1.35,250,28700
20240209,09:28:23,1.35,400,28700
20240209,09:28:24,1.35,350,28700
20240209,09:28:25,1.35,300,28700
20240209,09:28:26,1.35,300,28700
20240209,09:28:27,1.35,300,28700
20240209,09:28:28,1.35,250,28700
20240209,09:28:29,1.35,300,28700
20240209,09:28:30,1.35,500,28700
20240209,09:28:32,1.35,200,28700
20240209,09:28:33,1.35,200,28700
20240209,09:28:34,1.35,450,28700
20240209,09:28:35,1.35,350,28700
20240209,09:28:36,1.35,200,28700
20240209,09:28:37,1.35,300,28700
20240209,09:28:38,1.35,300,28700
20240209,09:28:39,1.35,300,28700
20240209,09:28:40,1.35,250,28700
20240209,09:28:41,1.35,300,28700
20240209,09:28:42,1.35,250,28700
20240209,09:28:43,1.35,250,28700
20240209,09:28:44,1.35,300,28700
20240209,09:28:45,1.35,350,28700
20240209,09:28:46,1.35,200,28700
20240209,09:28:47,1.35,250,28700
20240209,09:28:48,1.35,250,28700
20240209,09:28:49,1.35,250,28700
20240209,09:28:50,1.35,300,28700
20240209,09:28:51,1.35,300,28700
20240209,09:28:52,1.35,300,28700
20240209,09:28:53,1.35,300,28700
20240209,09:28:54,1.35,450,28700
20240209,09:28:55,1.35,300,28700
20240209,09:28:56,1.35,250,28700
20240209,09:28:57,1.35,250,28700
20240209,09:28:58,1.35,300,28700
20240209,09:28:59,1.35,300,28700
20240209,09:29:00,1.35,350,28700
20240209,09:29:01,1.35,300,28700
20240209,09:29:02,1.35,250,28700
20240209,09:29:03,1.35,600,28700
20240209,09:29:04,1.35,100,28700
20240209,09:29:05,1.3,50,28700
20240209,09:29:11,1.35,350,28700
20240209,09:29:12,1.35,350,28700
20240209,09:29:13,1.35,300,28700
20240209,09:29:14,1.35,300,28700
20240209,09:29:15,1.35,350,28700
20240209,09:29:16,1.35,300,28700
20240209,09:29:17,1.35,3900,28700
20240209,09:29:18,1.35,1950,28700
20240209,09:29:19,1.35,300,28700
20240209,09:29:20,1.35,250,28700
20240209,09:29:21,1.35,300,28700
20240209,09:29:22,1.35,150,28700
20240209,09:29:23,1.3,100,28700
20240209,09:29:41,1.35,100,28700
20240209,09:29:42,1.35,100,28700
20240209,09:30:00,1.35,1000,28700
20240209,09:30:03,1.35,200,28700
20240209,09:30:21,1.35,250,28700
20240209,09:31:06,1.3,50,28700
20240209,09:31:11,1.3,50,28700
20240209,09:31:12,1.3,150,28700
20240209,09:31:13,1.3,100,28700
20240209,09:31:14,1.3,50,28700
20240209,09:31:15,1.35,50,28700
20240209,09:31:30,1.3,50,40900
20240209,09:31:34,1.35,50,40900
20240209,09:31:46,1.3,250,40900
20240209,09:31:57,1.35,400,40900
20240209,09:32:00,1.35,150,40900
20240209,09:32:07,1.3,200,40900
20240209,09:32:12,1.35,50,40900
20240209,09:32:22,1.35,200,40900
20240209,09:32:45,1.3,50,40900
20240209,09:32:48,1.3,50,40900
20240209,09:32:49,1.3,50,40900
20240209,09:32:56,1.3,50,40900
20240209,09:32:57,1.3,50,40900
20240209,09:32:58,1.3,300,40900
20240209,09:32:59,1.3,200,40900
20240209,09:33:05,1.35,500,40900
20240209,09:33:06,1.3,50,40900
20240209,09:33:08,1.3,150,40900
20240209,09:33:09,1.3,350,40900
20240209,09:33:10,1.3,250,40900
20240209,09:33:11,1.3,350,40900
20240209,09:33:12,1.3,250,40900
20240209,09:33:13,1.3,300,40900
20240209,09:33:14,1.3,300,40900
20240209,09:33:15,1.3,300,40900
20240209,09:33:16,1.3,250,40900
20240209,09:33:17,1.3,250,40900
20240209,09:33:18,1.3,600,40900
20240209,09:33:19,1.3,300,40900
20240209,09:33:20,1.3,300,40900
20240209,09:33:21,1.3,300,40900
20240209,09:33:22,1.3,350,40900
20240209,09:33:23,1.3,350,40900
20240209,09:33:24,1.3,250,40900
20240209,09:33:25,1.3,300,40900
20240209,09:33:26,1.3,2100,40900
20240209,09:33:42,1.3,50,40900
20240209,09:34:34,1.3,50,40900
20240209,09:34:54,1.3,50,46050
20240209,09:34:58,1.3,900,46050
20240209,09:35:24,1.35,50,46050
20240209,09:35:47,1.3,50,46050
20240209,09:35:47,1.35,750,46050
20240209,09:35:48,1.3,50,46050
20240209,09:35:50,1.3,50,46050
20240209,09:36:01,1.35,1800,46050
20240209,09:36:02,1.3,50,46050
20240209,09:36:03,1.35,1800,46050
20240209,09:36:04,1.3,50,46050
20240209,09:36:07,1.3,150,46050
20240209,09:36:08,1.3,250,46050
20240209,09:36:09,1.3,250,46050
20240209,09:36:10,1.3,300,46050
20240209,09:36:11,1.35,300,46050
20240209,09:36:13,1.3,300,46050
20240209,09:36:13,1.3,200,46050
20240209,09:36:14,1.3,250,46050
20240209,09:36:15,1.3,250,46050
20240209,09:36:16,1.3,2100,46050
20240209,09:36:17,1.3,250,46050
20240209,09:36:18,1.3,200,46050
20240209,09:36:19,1.3,300,46050
20240209,09:36:20,1.3,250,46050
20240209,09:36:21,1.3,350,46050
20240209,09:36:23,1.3,450,46050
20240209,09:36:23,1.3,150,46050
20240209,09:36:24,1.3,300,46050
20240209,09:36:26,1.3,350,46050
20240209,09:36:26,1.3,300,46050
20240209,09:36:28,1.3,300,46050
20240209,09:36:28,1.3,250,46050
20240209,09:36:29,1.3,350,46050
20240209,09:36:31,1.3,350,46050
20240209,09:36:31,1.3,300,46050
20240209,09:36:33,1.3,300,46050
20240209,09:36:33,1.3,350,46050
20240209,09:36:34,1.3,300,46050
20240209,09:36:35,1.3,300,46050
20240209,09:36:36,1.3,350,46050
20240209,09:36:37,1.3,250,46050
20240209,09:36:38,1.3,350,46050
20240209,09:36:39,1.3,800,46050
20240209,09:36:40,1.3,200,46050
20240209,09:36:41,1.3,350,46050
20240209,09:36:42,1.3,250,46050
20240209,09:36:43,1.3,350,46050
20240209,09:36:44,1.3,300,46050
20240209,09:36:45,1.3,250,46050
20240209,09:36:46,1.3,250,46050
20240209,09:36:47,1.3,350,46050
20240209,09:36:48,1.3,250,46050
20240209,09:36:49,1.3,300,46050
20240209,09:36:50,1.3,550,46050
20240209,09:36:51,1.25,50,46050
20240209,09:37:14,1.25,50,46050
20240209,09:37:52,1.25,2800,58800
20240209,09:37:53,1.3,250,58800
20240209,09:37:53,1.3,200,58800
20240209,09:37:54,1.3,300,58800
20240209,09:37:55,1.3,300,58800
20240209,09:37:57,1.3,300,58800
20240209,09:37:57,1.3,250,58800
20240209,09:37:59,1.3,350,58800
20240209,09:38:00,1.3,250,58800
20240209,09:38:00,1.3,350,58800
20240209,09:38:01,1.3,350,58800
20240209,09:38:03,1.3,350,58800
20240209,09:38:03,1.3,200,58800
20240209,09:38:05,1.3,350,58800
20240209,09:38:05,1.3,300,58800
20240209,09:38:07,1.3,400,58800
20240209,09:38:11,1.35,5400,58800
20240209,09:38:28,1.3,50,58800
20240209,09:38:34,1.35,50,58800
20240209,09:38:46,1.3,50,58800
20240209,09:38:47,1.35,100,58800
20240209,09:38:52,1.35,50,58800
20240209,09:38:57,1.35,900,58800
20240209,09:39:00,1.35,900,58800
20240209,09:39:01,1.35,2450,58800
20240209,09:39:05,1.35,450,58800
20240209,09:39:06,1.35,200,58800
20240209,09:39:07,1.35,400,58800
20240209,09:39:08,1.35,300,58800
20240209,09:39:09,1.35,700,58800
20240209,09:39:10,1.35,250,58800
20240209,09:39:11,1.35,300,58800
20240209,09:39:12,1.35,300,58800
20240209,09:39:13,1.35,300,58800
20240209,09:39:14,1.35,300,58800
20240209,09:39:15,1.4,350,58800
20240209,09:39:16,1.35,350,58800
20240209,09:39:17,1.35,550,58800
20240209,09:39:18,1.35,350,58800
20240209,09:39:19,1.35,250,58800
20240209,09:39:20,1.35,300,58800
20240209,09:39:21,1.35,350,58800
20240209,09:39:22,1.35,300,58800
20240209,09:39:23,1.35,250,58800
20240209,09:39:24,1.35,700,58800
20240209,09:39:25,1.3,50,58800
20240209,09:39:38,1.35,1800,58800
20240209,09:39:39,1.35,550,58800
20240209,09:39:41,1.35,1800,58800
20240209,09:39:54,1.35,5400,58800
20240209,09:39:56,1.35,1800,58800
20240209,09:39:57,1.35,1250,58800
20240209,09:39:59,1.35,1800,58800
20240209,09:40:00,1.35,2000,58800
20240209,09:40:01,1.35,150,58800
20240209,09:40:02,1.35,200,58800
20240209,09:40:03,1.35,400,58800
20240209,09:40:04,1.35,300,58800
20240209,09:40:05,1.35,300,58800
20240209,09:40:06,1.35,200,58800
20240209,09:40:07,1.35,250,58800
20240209,09:40:08,1.35,300,58800
20240209,09:40:09,1.35,300,58800
20240209,09:40:10,1.35,350,58800
20240209,09:40:11,1.35,3850,58800
20240209,09:40:12,1.35,3550,58800
20240209,09:40:13,1.35,300,58800
20240209,09:40:14,1.35,300,58800
20240209,09:40:15,1.35,300,58800
20240209,09:40:16,1.35,300,58800
20240209,09:40:17,1.35,300,58800
20240209,09:40:18,1.35,200,58800
20240209,09:40:19,1.35,300,58800
20240209,09:40:20,1.35,250,58800
20240209,09:40:21,1.4,2150,58800
20240209,09:40:22,1.35,300,76100
20240209,09:40:23,1.35,300,76100
20240209,09:40:24,1.4,300,76100
20240209,09:40:25,1.4,200,76100
20240209,09:40:26,1.4,350,76100
20240209,09:40:27,1.4,100,76100
20240209,09:40:28,1.35,200,76100
20240209,09:40:29,1.35,600,76100
20240209,09:40:30,1.35,400,76100
20240209,09:40:31,1.35,2100,76100
20240209,09:40:32,1.4,950,76100
20240209,09:40:33,1.4,300,76100
20240209,09:40:34,1.4,300,76100
20240209,09:40:35,1.35,300,76100
20240209,09:40:36,1.35,300,76100
20240209,09:40:37,1.35,1300,76100
20240209,09:40:38,1.35,300,76100
20240209,09:40:39,1.35,400,76100
20240209,09:40:40,1.35,200,76100
20240209,09:40:41,1.35,300,76100
20240209,09:40:42,1.35,250,76100
20240209,09:40:43,1.35,250,76100
20240209,09:40:44,1.35,350,76100
20240209,09:40:45,1.35,300,76100
20240209,09:40:46,1.35,350,76100
20240209,09:40:47,1.35,200,76100
20240209,09:40:48,1.35,300,76100
20240209,09:40:49,1.35,450,76100
20240209,09:40:50,1.35,300,76100
20240209,09:40:51,1.35,400,76100
20240209,09:40:52,1.35,300,76100
20240209,09:40:53,1.35,300,76100
20240209,09:40:54,1.35,300,76100
20240209,09:40:55,1.35,300,76100
20240209,09:40:56,1.35,300,76100
20240209,09:40:57,1.35,300,76100
20240209,09:40:58,1.35,300,76100
20240209,09:40:59,1.35,300,76100
20240209,09:41:00,1.35,300,76100
20240209,09:41:01,1.35,300,76100
20240209,09:41:02,1.35,300,76100
20240209,09:41:03,1.35,250,76100
20240209,09:41:04,1.35,300,76100
20240209,09:41:05,1.35,250,76100
20240209,09:41:06,1.35,250,76100
20240209,09:41:07,1.35,2300,76100
20240209,09:41:08,1.35,2100,76100
20240209,09:41:09,1.35,300,76100
20240209,09:41:10,1.35,250,76100
20240209,09:41:11,1.35,300,76100
20240209,09:41:12,1.35,250,76100
20240209,09:41:13,1.35,200,76100
20240209,09:41:14,1.35,300,76100
20240209,09:41:15,1.35,200,76100
20240209,09:41:16,1.35,300,76100
20240209,09:41:17,1.35,350,76100
20240209,09:41:18,1.35,200,76100
20240209,09:41:19,1.35,350,76100
20240209,09:41:20,1.35,250,76100
20240209,09:41:21,1.35,2050,76100
20240209,09:41:22,1.35,700,76100
20240209,09:41:23,1.35,300,76100
20240209,09:41:24,1.35,3850,76100
20240209,09:41:25,1.4,950,76100
20240209,09:41:26,1.4,300,76100
20240209,09:41:27,1.4,250,76100
20240209,09:41:28,1.4,250,76100
20240209,09:41:29,1.4,250,76100
20240209,09:41:30,1.4,250,76100
20240209,09:41:31,1.4,300,76100
20240209,09:41:32,1.35,250,76100
20240209,09:41:33,1.35,200,76100
20240209,09:41:34,1.4,4150,76100
20240209,09:41:35,1.4,250,76100
20240209,09:41:36,1.4,250,76100
20240209,09:41:37,1.4,2200,76100
20240209,09:41:38,1.4,250,76100
20240209,09:41:39,1.4,300,76100
20240209,09:41:40,1.4,250,76100
20240209,09:41:41,1.4,400,76100
20240209,09:41:42,1.4,250,76100
20240209,09:41:43,1.4,300,76100
20240209,09:41:44,1.4,250,76100
20240209,09:41:45,1.4,350,76100
20240209,09:41:46,1.4,300,76100
20240209,09:41:47,1.4,300,76100
20240209,09:41:48,1.4,2000,76100
20240209,09:41:49,1.35,200,76100
20240209,09:41:50,1.35,300,76100
20240209,09:41:51,1.35,300,76100
20240209,09:41:52,1.35,250,76100
20240209,09:41:53,1.35,300,76100
20240209,09:41:54,1.35,350,76100
20240209,09:41:55,1.35,300,76100
20240209,09:41:56,1.35,350,76100
20240209,09:41:57,1.35,200,76100
20240209,09:41:58,1.35,300,76100
20240209,09:41:59,1.35,350,76100
20240209,09:42:00,1.35,300,76100
20240209,09:42:01,1.35,250,76100
20240209,09:42:02,1.35,350,76100
20240209,09:42:03,1.4,3900,76100
20240209,09:42:04,1.35,5650,76100
20240209,09:42:05,1.35,250,76100
20240209,09:42:06,1.35,350,76100
20240209,09:42:07,1.35,350,76100
20240209,09:42:08,1.35,250,76100
20240209,09:42:09,1.35,250,76100
20240209,09:42:10,1.35,250,76100
20240209,09:42:11,1.35,350,76100
20240209,09:42:12,1.35,300,76100
20240209,09:42:13,1.35,300,76100
20240209,09:42:14,1.35,400,76100
20240209,09:42:15,1.35,500,76100
20240209,09:42:16,1.35,300,76100
20240209,09:42:17,1.35,300,76100
20240209,09:42:18,1.35,350,76100
20240209,09:42:19,1.35,200,76100
20240209,09:42:20,1.35,300,76100
20240209,09:42:21,1.35,350,76100
20240209,09:42:22,1.35,300,76100
20240209,09:42:23,1.35,300,76100
20240209,09:42:24,1.35,350,76100
20240209,09:42:25,1.35,300,76100
20240209,09:42:26,1.35,250,76100
20240209,09:42:27,1.35,300,76100
20240209,09:42:28,1.35,250,76100
20240209,09:42:29,1.35,350,76100
20240209,09:42:30,1.35,450,76100
20240209,09:42:31,1.35,150,76100
20240209,09:42:32,1.35,300,76100
20240209,09:42:33,1.35,300,76100
20240209,09:42:34,1.35,400,76100
20240209,09:42:35,1.35,250,76100
20240209,09:42:36,1.35,300,76100
20240209,09:42:37,1.35,250,76100
20240209,09:42:38,1.35,350,76100
20240209,09:42:39,1.35,250,76100
20240209,09:42:41,1.35,1800,76100
20240209,09:42:42,1.4,200,76100
20240209,09:42:46,1.35,1800,76100
20240209,09:42:48,1.35,250,76100
20240209,09:42:53,1.35,100,76100
20240209,09:42:53,1.35,650,76100
20240209,09:42:54,1.35,1800,76100
20240209,09:42:55,1.35,1850,76100
20240209,09:43:00,1.35,50,76100
20240209,09:43:06,1.35,50,76100
20240209,09:43:12,1.4,3600,76100
20240209,09:43:30,1.35,100,76100
20240209,09:44:12,1.4,1800,116550
20240209,09:44:21,1.4,100,116550
20240209,09:44:37,1.35,1700,116550
20240209,09:44:47,1.4,1800,116550
20240209,09:44:56,1.4,1800,116550
20240209,09:44:58,1.4,1800,116550
20240209,09:45:11,1.4,400,116550
20240209,09:45:13,1.4,1850,116550
20240209,09:45:20,1.4,50,116550
20240209,09:45:46,1.35,1800,116550
20240209,09:45:47,1.35,3500,116550
20240209,09:45:48,1.35,3000,116550
20240209,09:45:49,1.35,3000,116550
20240209,09:45:50,1.35,500,116550
20240209,09:45:52,1.35,50,116550
20240209,09:46:07,1.35,1000,116550
20240209,09:46:07,1.35,800,116550
20240209,09:46:08,1.3,500,116550
20240209,09:46:09,1.35,1800,116550
20240209,09:46:14,1.35,3750,116550
20240209,09:46:15,1.4,1850,116550
20240209,09:46:26,1.4,50,116550
20240209,09:46:55,1.35,1800,134250
20240209,09:46:57,1.35,1800,134250
20240209,09:47:09,1.4,600,134250
20240209,09:47:10,1.4,1800,134250
20240209,09:47:15,1.35,3000,134250
20240209,09:47:26,1.35,50,134250
20240209,09:47:30,1.35,500,134250
20240209,09:47:31,1.4,50,134250
20240209,09:47:43,1.35,500,134250
20240209,09:47:43,1.35,200,134250
20240209,09:47:47,1.35,800,134250
20240209,09:48:04,1.35,50,134250
20240209,09:48:21,1.35,50,134250
20240209,09:48:33,1.35,100,134250
20240209,09:48:42,1.3,50,134250
20240209,09:48:58,1.35,50,134250
20240209,09:49:01,1.35,200,134250
20240209,09:49:01,1.35,1800,134250
20240209,09:49:04,1.35,800,134250
20240209,09:49:08,1.3,50,134250
20240209,09:49:10,1.35,100,134250
20240209,09:49:19,1.3,400,134250
20240209,09:49:38,1.35,3050,138250
20240209,09:49:39,1.35,50,138250
20240209,09:49:40,1.35,50,138250
20240209,09:49:42,1.35,50,138250
20240209,09:49:56,1.35,1800,138250
20240209,09:50:00,1.35,1300,138250
20240209,09:50:09,1.35,50,138250
20240209,09:50:19,1.35,50,138250
20240209,09:50:25,1.35,1200,138250
20240209,09:50:32,1.35,150,138250
20240209,09:50:53,1.35,50,138250
20240209,09:50:59,1.35,800,138250
20240209,09:51:00,1.35,250,138250
20240209,09:51:13,1.4,5400,138250
20240209,09:51:21,1.4,1800,138250
20240209,09:51:36,1.4,1800,138250
20240209,09:51:38,1.35,150,138250
20240209,09:52:00,1.35,900,138250
20240209,09:52:08,1.4,100,138250
20240209,09:52:09,1.4,5400,138250
20240209,09:52:10,1.4,4600,138250
20240209,09:52:12,1.4,1800,138250
20240209,09:52:29,1.4,150,138250
20240209,09:52:34,1.4,50,139100
20240209,09:52:44,1.4,1800,139100
20240209,09:53:07,1.4,50,139100
20240209,09:53:08,1.4,50,139100
20240209,09:53:20,1.35,50,139100
20240209,09:53:21,1.35,1800,139100
20240209,09:53:32,1.4,50,139100
20240209,09:53:45,1.4,50,139100
20240209,09:53:56,1.4,50,139100
20240209,09:54:11,1.4,50,139100
20240209,09:54:15,1.35,250,139100
20240209,09:54:18,1.4,50,139100
20240209,09:54:20,1.3,50,139100
20240209,09:54:33,1.4,600,139100
20240209,09:54:36,1.3,200,139100
20240209,09:54:38,1.35,150,139100
20240209,09:54:48,1.35,400,139100
20240209,09:54:59,1.3,50,139100
20240209,09:55:05,1.35,800,139100
20240209,09:55:06,1.35,100,139100
20240209,09:55:23,1.35,1800,139100
20240209,09:55:45,1.35,1800,139350
20240209,09:55:58,1.35,50,139350
20240209,09:56:01,1.35,300,139350
20240209,09:56:01,1.35,2350,139350
20240209,09:56:04,1.4,50,139350
20240209,09:56:30,1.4,50,139350
20240209,09:56:36,1.4,50,139350
20240209,09:56:59,1.35,150,139350
20240209,09:57:10,1.4,500,139350
20240209,09:57:36,1.4,100,139350
20240209,09:58:08,1.4,50,139350
20240209,09:58:10,1.35,50,139350
20240209,09:58:13,1.35,400,139350
20240209,09:58:34,1.35,50,139350
20240209,09:58:50,1.35,1800,139350
20240209,09:58:55,1.35,900,139350
20240209,09:58:57,1.35,50,139350
20240209,09:59:02,1.3,1800,139350
20240209,09:59:08,1.3,1800,139350
20240209,09:59:17,1.3,1800,139350
20240209,09:59:26,1.3,1800,139350
20240209,09:59:28,1.35,950,139350
20240209,09:59:30,1.35,50,139350
20240209,09:59:33,1.35,950,139350
20240209,09:59:39,1.35,50,139350
20240209,09:59:39,1.4,1850,139350
20240209,09:59:40,1.4,4150,139350
20240209,09:59:41,1.3,1800,139350
20240209,09:59:42,1.35,1800,139350
20240209,09:59:45,1.35,100,139350
20240209,09:59:51,1.4,50,139350
20240209,10:00:02,1.4,150,139350
20240209,10:00:15,1.35,50,139350
20240209,10:00:24,1.35,100,139350
20240209,10:00:28,1.35,300,139350
20240209,10:00:29,1.4,1800,139350
20240209,10:00:31,1.4,1600,139350
20240209,10:00:35,1.45,1800,139350
20240209,10:00:38,1.45,3500,139350
20240209,10:00:44,1.4,500,139350
20240209,10:00:46,1.45,1800,139350
20240209,10:00:58,1.45,1800,139350
20240209,10:00:59,1.45,4000,139350
20240209,10:01:00,1.4,500,139350
20240209,10:01:05,1.45,4900,139350
20240209,10:01:07,1.45,600,139350
20240209,10:01:08,1.45,500,139350
20240209,10:01:09,1.45,550,139350
20240209,10:01:10,1.45,500,139350
20240209,10:01:11,1.5,50,139350
20240209,10:01:12,1.5,200,139350
20240209,10:01:15,1.5,1400,139350
20240209,10:01:16,1.5,500,139350
20240209,10:01:17,1.45,2500,139350
20240209,10:01:20,1.45,900,139350
20240209,10:01:21,1.4,2750,139350
20240209,10:01:22,1.4,4150,139350
20240209,10:01:23,1.4,3000,139350
20240209,10:01:24,1.4,4950,162600
20240209,10:01:27,1.4,3500,162600
20240209,10:01:28,1.4,3500,162600
20240209,10:01:29,1.4,3250,162600
20240209,10:01:31,1.45,50,162600
20240209,10:01:33,1.4,1500,162600
20240209,10:01:41,1.45,3600,162600
20240209,10:01:50,1.45,50,162600
20240209,10:01:54,1.4,1800,162600
20240209,10:01:55,1.45,50,162600
20240209,10:01:56,1.4,550,162600
20240209,10:02:07,1.45,1800,162600
20240209,10:02:14,1.4,250,162600
20240209,10:02:19,1.4,300,162600
20240209,10:02:21,1.4,50,162600
20240209,10:02:27,1.45,50,162600
20240209,10:02:32,1.4,250,162600
20240209,10:02:34,1.4,250,162600
20240209,10:02:35,1.4,950,162600
20240209,10:02:36,1.4,1800,162600
20240209,10:02:37,1.4,250,162600
20240209,10:02:47,1.4,4350,162600
20240209,10:02:48,1.4,50,162600
20240209,10:02:49,1.4,400,162600
20240209,10:03:06,1.35,1400,162600
20240209,10:03:22,1.35,1800,162600
20240209,10:03:51,1.35,1400,162600
20240209,10:04:18,1.35,1000,162600
20240209,10:04:30,1.4,50,176700
20240209,10:04:40,1.4,50,176700
20240209,10:04:45,1.35,250,176700
20240209,10:04:46,1.35,150,176700
20240209,10:04:51,1.35,250,176700
20240209,10:04:54,1.35,300,176700
20240209,10:04:59,1.35,50,176700
20240209,10:05:10,1.35,50,176700
20240209,10:06:12,1.3,100,176700
20240209,10:06:19,1.35,200,176700
20240209,10:06:20,1.35,50,176700
20240209,10:06:58,1.35,50,176700
20240209,10:07:02,1.3,100,176700
20240209,10:07:03,1.3,300,176700
20240209,10:07:18,1.35,1200,176700
20240209,10:08:02,1.35,3500,176750
20240209,10:08:17,1.35,200,176750
20240209,10:08:37,1.35,100,176750
20240209,10:08:45,1.3,50,176750
20240209,10:09:36,1.35,100,176750
20240209,10:10:15,1.35,1800,176750
20240209,10:10:18,1.35,900,176750
20240209,10:10:22,1.35,100,176750
20240209,10:10:29,1.35,50,175300
20240209,10:10:33,1.35,50,175300
20240209,10:11:01,1.35,50,175300
20240209,10:11:06,1.3,200,175300
20240209,10:11:08,1.3,50,175300
20240209,10:11:10,1.35,1800,175300
20240209,10:11:13,1.35,1800,175300
20240209,10:11:15,1.35,1700,175300
20240209,10:11:46,1.35,1400,175300
20240209,10:11:57,1.3,50,175300
20240209,10:12:04,1.35,100,175300
20240209,10:12:07,1.35,6600,175300
20240209,10:12:18,1.35,1800,175300
20240209,10:12:26,1.35,900,175300
20240209,10:12:30,1.35,2500,175300
20240209,10:13:06,1.35,50,175300
20240209,10:13:29,1.35,900,174600
20240209,10:13:30,1.35,50,174600
20240209,10:13:35,1.4,50,174600
20240209,10:14:05,1.35,100,174600
20240209,10:14:19,1.35,1800,174600
20240209,10:14:21,1.35,400,174600
20240209,10:14:25,1.35,50,174600
20240209,10:15:13,1.3,50,174600
20240209,10:15:44,1.35,5400,174600
20240209,10:16:03,1.35,50,174600
20240209,10:16:05,1.35,250,174600
20240209,10:16:08,1.35,200,174600
20240209,10:16:54,1.4,1800,174600
20240209,10:17:02,1.4,950,174400
20240209,10:17:04,1.35,50,174400
20240209,10:17:26,1.35,100,174400
20240209,10:17:46,1.4,50,174400
20240209,10:17:48,1.35,200,174400
20240209,10:18:00,1.4,250,174400
20240209,10:18:13,1.4,50,174400
20240209,10:18:14,1.4,50,174400
20240209,10:18:26,1.35,950,174400
20240209,10:18:43,1.4,250,174400
20240209,10:19:37,1.4,1800,176450
20240209,10:19:37,1.4,3750,176450
20240209,10:19:41,1.4,250,176450
20240209,10:19:44,1.4,1800,176450
20240209,10:19:49,1.4,250,176450
20240209,10:19:49,1.4,1800,176450
20240209,10:19:53,1.4,650,176450
20240209,10:19:55,1.4,200,176450
20240209,10:19:57,1.4,1600,176450
20240209,10:20:01,1.45,150,176450
20240209,10:20:01,1.45,250,176450
20240209,10:20:13,1.4,1800,176450
20240209,10:20:30,1.45,3600,176450
20240209,10:20:38,1.4,50,176450
20240209,10:21:01,1.4,900,176450
20240209,10:21:21,1.4,50,176450
20240209,10:21:34,1.45,3250,176450
20240209,10:21:36,1.45,1800,176450
20240209,10:21:48,1.4,50,176450
20240209,10:21:51,1.4,50,176450
20240209,10:22:00,1.45,100,176450
20240209,10:22:04,1.4,50,176450
20240209,10:22:24,1.4,50,176450
20240209,10:22:25,1.4,50,176450
20240209,10:22:46,1.45,1800,176450
20240209,10:23:23,1.4,50,175200
20240209,10:23:36,1.4,50,175200
20240209,10:23:50,1.45,50,175200
20240209,10:24:27,1.45,50,175200
20240209,10:24:31,1.45,1800,175200
20240209,10:25:08,1.4,1000,175200
20240209,10:25:09,1.4,2500,175200
20240209,10:25:10,1.4,2500,175200
20240209,10:25:11,1.35,1000,175200
20240209,10:25:12,1.35,2500,175200
20240209,10:25:13,1.35,3000,175200
20240209,10:25:14,1.35,3000,175200
20240209,10:25:17,1.35,400,175200
20240209,10:25:24,1.35,1250,175200
20240209,10:25:25,1.35,2500,175200
20240209,10:25:26,1.35,1500,175200
20240209,10:25:28,1.35,3500,191650
20240209,10:25:29,1.35,500,191650
20240209,10:25:30,1.35,1450,191650
20240209,10:25:31,1.35,1000,191650
20240209,10:25:32,1.35,800,191650
20240209,10:25:33,1.3,200,191650
20240209,10:25:34,1.35,1000,191650
20240209,10:25:35,1.35,1500,191650
20240209,10:25:36,1.35,800,191650
20240209,10:25:37,1.35,3600,191650
20240209,10:25:38,1.35,1300,191650
20240209,10:25:39,1.35,1300,191650
20240209,10:25:40,1.3,500,191650
20240209,10:25:42,1.35,50,191650
20240209,10:25:44,1.35,500,191650
20240209,10:25:45,1.35,1300,191650
20240209,10:25:46,1.35,700,191650
20240209,10:25:47,1.35,1100,191650
20240209,10:25:48,1.3,400,191650
20240209,10:25:49,1.35,2300,191650
20240209,10:25:50,1.35,2500,191650
20240209,10:25:51,1.35,2450,191650
20240209,10:25:52,1.3,50,191650
20240209,10:25:54,1.35,2650,191650
20240209,10:25:55,1.3,400,191650
20240209,10:25:56,1.35,2350,191650
20240209,10:25:57,1.35,4800,191650
20240209,10:25:58,1.35,3000,191650
20240209,10:25:59,1.35,2450,191650
20240209,10:26:00,1.35,1800,191650
20240209,10:26:01,1.35,1500,191650
20240209,10:26:03,1.35,3600,191650
20240209,10:26:04,1.3,500,191650
20240209,10:26:06,1.35,500,191650
20240209,10:26:07,1.35,1350,191650
20240209,10:26:08,1.35,200,191650
20240209,10:26:09,1.35,2800,191650
20240209,10:26:10,1.35,1000,191650
20240209,10:26:15,1.4,1500,191650
20240209,10:26:21,1.4,200,191650
20240209,10:27:07,1.4,50,191650
20240209,10:27:33,1.4,50,191650
20240209,10:28:10,1.4,900,191650
20240209,10:29:36,1.35,50,191650
20240209,10:29:57,1.4,50,237650
20240209,10:30:14,1.4,1800,237650
20240209,10:30:17,1.4,1200,237650
20240209,10:30:24,1.4,1800,237650
20240209,10:30:30,1.35,50,237650
20240209,10:31:14,1.4,1800,237650
20240209,10:31:15,1.4,1800,237650
20240209,10:31:16,1.4,3150,237650
20240209,10:31:17,1.4,100,237650
20240209,10:31:28,1.4,50,237650
20240209,10:33:21,1.45,50,239500
20240209,10:33:38,1.45,50,239500
20240209,10:34:33,1.45,50,239500
20240209,10:34:42,1.4,50,239500
20240209,10:34:51,1.4,1800,239500
20240209,10:34:52,1.4,200,239500
20240209,10:36:20,1.4,50,239500
20240209,10:36:23,1.4,50,239500
20240209,10:36:31,1.35,50,239500
20240209,10:36:40,1.4,50,239500
20240209,10:37:03,1.4,50,239500
20240209,10:37:15,1.35,50,239500
20240209,10:37:21,1.4,250,239500
20240209,10:37:25,1.4,1800,239500
20240209,10:37:34,1.4,1350,239500
20240209,10:37:57,1.4,100,239200
20240209,10:37:58,1.4,1900,239200
20240209,10:37:59,1.4,100,239200
20240209,10:38:00,1.45,1500,239200
20240209,10:38:22,1.4,100,239200
20240209,10:38:24,1.45,50,239200
20240209,10:38:29,1.4,50,239200
20240209,10:38:41,1.45,150,239200
20240209,10:39:02,1.4,150,239200
20240209,10:39:05,1.4,800,239200
20240209,10:39:18,1.45,1800,239200
20240209,10:41:24,1.4,100,239100
20240209,10:41:57,1.4,50,239100
20240209,10:42:06,1.4,250,239100
20240209,10:42:42,1.45,50,239100
20240209,10:43:00,1.4,50,239100
20240209,10:43:11,1.4,50,239100
20240209,10:44:13,1.4,1000,239350
20240209,10:44:17,1.4,50,239350
20240209,10:45:16,1.4,50,239350
20240209,10:45:39,1.4,100,239350
20240209,10:46:53,1.35,50,240350
20240209,10:46:56,1.4,50,240350
20240209,10:47:39,1.35,50,240350
20240209,10:47:59,1.4,1500,240350
20240209,10:48:08,1.35,1800,240350
20240209,10:48:09,1.35,1800,240350
20240209,10:48:23,1.35,600,240350
20240209,10:48:32,1.35,1800,240350
20240209,10:48:33,1.35,1000,240350
20240209,10:48:51,1.3,100,240350
20240209,10:48:58,1.35,50,240350
20240209,10:49:15,1.3,1800,240350
20240209,10:49:20,1.3,200,240350
20240209,10:49:21,1.3,1850,240350
20240209,10:49:22,1.3,1800,240350
20240209,10:49:24,1.3,1800,240350
20240209,10:49:25,1.3,1800,240350
20240209,10:49:27,1.3,1800,240350
20240209,10:49:28,1.3,800,240350
20240209,10:49:45,1.25,200,239350
20240209,10:49:47,1.3,1500,239350
20240209,10:49:49,1.25,1800,239350
20240209,10:49:51,1.25,900,239350
20240209,10:49:54,1.25,3000,239350
20240209,10:49:59,1.3,10000,239350
20240209,10:50:01,1.25,1500,239350
20240209,10:50:04,1.25,100,239350
20240209,10:50:15,1.2,100,239350
20240209,10:50:19,1.2,900,239350
20240209,10:50:20,1.2,4300,239350
20240209,10:50:24,1.2,900,239350
20240209,10:50:27,1.2,450,239350
20240209,10:50:27,1.2,100,239350
20240209,10:50:34,1.15,1800,239350
20240209,10:50:35,1.15,400,239350
20240209,10:50:36,1.2,100,239350
20240209,10:50:38,1.2,250,239350
20240209,10:50:52,1.2,300,239350
20240209,10:50:55,1.2,700,239350
20240209,10:50:58,1.15,750,239350
20240209,10:51:00,1.1,1800,239350
20240209,10:51:01,1.1,950,239350
20240209,10:51:06,1.15,50,239350
20240209,10:51:07,1.1,200,239350
20240209,10:51:13,1.1,2600,239350
20240209,10:51:15,1.05,1800,239350
20240209,10:51:17,1.05,500,239350
20240209,10:51:18,1.1,1050,239350
20240209,10:51:28,1.1,300,239350
20240209,10:51:29,1.1,100,239350
20240209,10:51:31,1.05,1800,239350
20240209,10:51:38,1.05,1800,239350
20240209,10:51:43,1.05,100,239350
20240209,10:51:50,1.1,50,239350
20240209,10:51:58,1.1,1500,239350
20240209,10:52:11,1.1,50,239350
20240209,10:52:12,1.1,200,239350
20240209,10:52:25,1.1,150,239350
20240209,10:52:27,1.1,50,239350
20240209,10:52:27,1.1,150,239350
20240209,10:52:31,1.05,3600,239350
20240209,10:52:53,1.1,50,234000
20240209,10:53:11,1.1,3600,234000
20240209,10:53:15,1.1,50,234000
20240209,10:53:16,1.1,1850,234000
20240209,10:53:27,1.1,50,234000
20240209,10:53:45,1.1,50,234000
20240209,10:53:52,1.05,50,234000
20240209,10:54:17,1.05,100,234000
20240209,10:54:30,1.05,1800,234000
20240209,10:54:32,1.0,2050,234000
20240209,10:54:33,1.05,2250,234000
20240209,10:54:36,1.1,2850,234000
20240209,10:54:38,1.05,1950,234000
20240209,10:54:38,1.05,50,234000
20240209,10:54:39,1.05,50,234000
20240209,10:54:42,1.05,50,234000
20240209,10:54:49,1.05,150,234000
20240209,10:55:12,1.0,3600,234000
20240209,10:55:17,1.0,750,234000
20240209,10:56:03,1.0,2200,234400
20240209,10:56:10,0.95,1850,234400
20240209,10:56:11,0.95,2250,234400
20240209,10:56:12,1.0,50,234400
20240209,10:56:13,0.95,1550,234400
20240209,10:56:16,1.0,250,234400
20240209,10:56:22,1.0,900,234400
20240209,10:56:31,0.95,1850,234400
20240209,10:56:56,1.0,50,234400
20240209,10:56:58,0.9,10850,234400
20240209,10:57:02,0.9,100,234400
20240209,10:57:03,1.0,1900,234400
20240209,10:57:07,0.9,50,234400
20240209,10:57:12,1.0,350,234400
20240209,10:57:14,1.0,100,234400
20240209,10:57:17,0.95,3300,234400
20240209,10:57:32,0.9,3800,234400
20240209,10:57:33,0.9,1800,234400
20240209,10:58:01,1.0,250,234400
20240209,10:58:06,0.95,1800,234400
20240209,10:58:13,0.95,150,234400
20240209,10:58:17,1.0,250,234400
20240209,10:58:23,0.95,200,234400
20240209,10:58:25,0.95,3450,234400
20240209,10:58:26,0.95,1900,234400
20240209,10:58:27,0.95,100,234400
20240209,10:58:29,0.95,50,234400
20240209,10:58:30,0.95,50,234400
20240209,10:58:33,0.95,2200,236650
20240209,10:58:37,0.95,50,236650
20240209,10:58:39,0.95,350,236650
20240209,10:58:40,0.95,50,236650
20240209,10:58:41,0.95,50,236650
20240209,10:58:42,0.95,50,236650
20240209,10:58:49,0.95,50,236650
20240209,10:58:52,0.9,150,236650
20240209,10:58:54,0.95,150,236650
20240209,10:58:56,0.95,600,236650
20240209,10:58:57,0.95,50,236650
20240209,10:58:59,0.95,50,236650
20240209,10:59:00,0.95,150,236650
20240209,10:59:01,0.95,150,236650
20240209,10:59:01,0.95,50,236650
20240209,10:59:02,0.95,200,236650
20240209,10:59:06,0.95,50,236650
20240209,10:59:21,0.95,50,236650
20240209,10:59:27,0.9,2900,236650
20240209,10:59:38,0.95,50,236650
20240209,10:59:44,0.95,50,236650
20240209,11:00:15,0.9,1200,236650
20240209,11:00:18,0.9,1050,236650
20240209,11:00:22,0.85,1400,236650
20240209,11:00:23,0.85,250,236650
20240209,11:00:31,0.9,50,236650
20240209,11:00:39,0.85,50,236650
20240209,11:00:48,0.9,150,236650
20240209,11:00:55,0.85,1800,236650
20240209,11:01:15,0.9,50,236650
20240209,11:01:26,0.85,1000,236650
20240209,11:01:27,0.85,50,236650
20240209,11:01:28,0.9,1100,236650
20240209,11:01:43,0.9,1800,238750
20240209,11:01:44,0.9,1250,238750
20240209,11:01:51,0.95,1150,238750
20240209,11:02:23,0.9,50,238750
20240209,11:02:35,0.85,1800,238750
20240209,11:02:46,0.9,100,238750
20240209,11:02:47,0.9,50,238750
20240209,11:03:04,0.9,1800,238750
20240209,11:03:05,0.9,2150,238750
20240209,11:03:09,0.9,1500,238750
20240209,11:03:54,0.9,1000,238750
20240209,11:03:55,0.9,1800,238750
20240209,11:03:56,0.9,50,238750
20240209,11:04:03,0.85,50,238750
20240209,11:04:16,0.9,1500,238750
20240209,11:04:16,0.9,300,238750
20240209,11:04:17,0.9,100,238750
20240209,11:04:25,0.9,50,238750
20240209,11:04:29,0.85,1800,238750
20240209,11:04:30,0.9,250,238750
20240209,11:04:58,0.85,600,237800
20240209,11:05:06,0.9,800,237800
20240209,11:05:12,0.9,250,237800
20240209,11:05:14,0.85,1800,237800
20240209,11:05:15,0.9,50,237800
20240209,11:05:16,0.9,1000,237800
20240209,11:05:17,0.9,1800,237800
20240209,11:05:18,0.9,2700,237800
20240209,11:05:20,0.85,250,237800
20240209,11:05:38,0.9,800,237800
20240209,11:05:48,0.85,50,237800
20240209,11:06:17,0.9,50,237800
20240209,11:06:20,0.85,50,237800
20240209,11:06:26,0.9,150,237800
20240209,11:06:34,0.85,50,237800
20240209,11:07:47,0.9,1000,240300
20240209,11:08:24,0.9,700,240300
20240209,11:08:52,0.9,500,240300
20240209,11:08:54,0.9,1650,240300
20240209,11:09:10,0.9,50,240300
20240209,11:09:18,0.9,150,240300
20240209,11:10:24,0.9,4500,240300
20240209,11:10:26,0.9,1800,240300
20240209,11:10:30,0.9,950,240300
20240209,11:11:23,0.95,50,239650
20240209,11:11:24,0.9,50,239650
20240209,11:11:27,0.9,2000,239650
20240209,11:11:28,0.9,100,239650
20240209,11:11:36,0.9,1800,239650
20240209,11:11:39,0.9,50,239650
20240209,11:11:40,0.9,50,239650
20240209,11:11:41,0.9,50,239650
20240209,11:11:42,0.9,750,239650
20240209,11:11:43,0.9,50,239650
20240209,11:11:44,0.9,2000,239650
20240209,11:11:45,0.9,300,239650
20240209,11:11:46,0.9,1800,239650
20240209,11:11:48,0.85,150,239650
20240209,11:11:59,0.9,200,239650
20240209,11:13:13,0.9,1800,239650
20240209,11:13:56,0.85,50,240250
20240209,11:15:07,0.9,50,240250
20240209,11:15:38,0.9,1800,240250
20240209,11:15:39,0.9,1800,240250
20240209,11:15:40,0.9,2900,240250
20240209,11:15:46,0.95,50,240250
20240209,11:15:55,0.95,50,240250
20240209,11:16:21,0.9,50,240250
20240209,11:16:23,0.9,50,240250
20240209,11:16:29,0.9,50,240250
20240209,11:17:55,0.9,100,239850
20240209,11:18:00,0.9,50,239850
20240209,11:18:20,0.9,50,239850
20240209,11:18:41,0.9,100,239850
20240209,11:19:15,0.9,50,239850
20240209,11:19:17,0.9,900,239850
20240209,11:19:18,0.9,1800,239850
20240209,11:19:19,0.9,1300,239850
20240209,11:19:30,0.95,100,239850
20240209,11:20:44,0.9,50,242000
20240209,11:20:45,0.9,50,242000
20240209,11:21:14,0.9,1800,242000
20240209,11:21:45,0.95,50,242000
20240209,11:21:57,0.9,500,242000
20240209,11:21:58,0.9,50,242000
20240209,11:22:01,0.9,100,242000
20240209,11:22:48,0.9,500,239600
20240209,11:23:01,0.9,100,239600
20240209,11:24:53,0.85,50,239600
20240209,11:25:31,0.9,50,239600
20240209,11:25:47,0.85,50,239600
20240209,11:26:18,0.85,50,239650
20240209,11:26:45,0.9,50,239650
20240209,11:27:12,0.85,50,239650
20240209,11:27:13,0.85,100,239650
20240209,11:27:21,0.9,50,239650
20240209,11:28:26,0.9,50,239650
20240209,11:28:45,0.85,50,239650
20240209,11:28:45,0.9,400,239800
20240209,11:28:50,0.9,1800,239800
20240209,11:29:03,0.9,1800,239800
20240209,11:29:15,0.9,1800,239800
20240209,11:29:16,0.9,1900,239800
20240209,11:29:35,0.9,50,239800
20240209,11:29:37,0.9,50,239800
20240209,11:29:52,0.9,300,239800
20240209,11:29:55,0.85,1800,239800
20240209,11:30:23,0.85,200,239800
20240209,11:30:53,0.85,50,239800
20240209,11:30:58,0.9,250,239800
20240209,11:31:01,0.9,1100,239800
20240209,11:31:02,0.9,100,239800
20240209,11:31:27,0.9,50,239800
20240209,11:31:32,0.9,6650,239800
20240209,11:31:34,0.9,200,239800
20240209,11:31:35,0.9,2300,239800
20240209,11:31:41,0.95,900,239800
20240209,11:31:59,0.9,900,240300
20240209,11:32:25,0.9,900,240300
20240209,11:32:28,0.95,7050,240300
20240209,11:32:31,0.9,200,240300
20240209,11:32:36,0.9,50,240300
20240209,11:32:42,0.9,300,240300
20240209,11:32:50,0.9,1800,240300
20240209,11:32:52,0.9,50,240300
20240209,11:33:18,0.9,450,240300
20240209,11:33:19,0.9,450,240300
20240209,11:35:01,0.9,150,240300
20240209,11:35:46,0.9,50,239850
20240209,11:35:54,0.9,50,239850
20240209,11:36:31,0.85,50,239850
20240209,11:37:02,0.9,50,239850
20240209,11:37:03,0.9,50,239850
20240209,11:37:04,0.9,100,239850
20240209,11:37:53,0.85,50,239850
20240209,11:38:34,0.9,450,239850
20240209,11:38:46,0.9,50,239850
20240209,11:38:47,0.9,3000,239850
20240209,11:38:50,0.85,50,239850
20240209,11:39:52,0.9,200,239850
20240209,11:39:55,0.9,1800,239850
20240209,11:39:56,0.9,2300,239850
20240209,11:39:58,0.85,500,239850
20240209,11:40:20,0.85,250,239850
20240209,11:40:21,0.9,300,239850
20240209,11:40:24,0.85,600,239850
20240209,11:40:45,0.9,50,241550
20240209,11:40:59,0.9,1450,241550
20240209,11:41:02,0.9,1000,241550
20240209,11:41:16,0.95,50,241550
20240209,11:41:31,0.9,250,241550
20240209,11:41:37,0.9,50,241550
20240209,11:41:38,0.9,50,241550
20240209,11:42:29,0.9,1800,241550
20240209,11:42:37,0.9,1200,241550
20240209,11:42:55,0.9,250,241550
20240209,11:43:05,0.9,50,241550
20240209,11:43:46,0.9,100,241550
20240209,11:44:01,0.9,50,239800
20240209,11:44:05,0.9,50,239800
20240209,11:44:06,0.9,50,239800
20240209,11:44:53,0.85,100,239800
20240209,11:44:54,0.85,50,239800
20240209,11:44:55,0.85,50,239800
20240209,11:44:56,0.85,50,239800
20240209,11:44:57,0.85,50,239800
20240209,11:44:58,0.85,50,239800
20240209,11:44:59,0.85,50,239800
20240209,11:45:00,0.85,100,239800
20240209,11:45:01,0.85,50,239800
20240209,11:45:02,0.85,50,239800
20240209,11:45:06,0.85,50,239800
20240209,11:45:07,0.85,50,239800
20240209,11:45:08,0.85,50,239800
20240209,11:45:09,0.85,50,239800
20240209,11:45:10,0.85,50,239800
20240209,11:45:11,0.85,50,239800
20240209,11:45:12,0.85,50,239800
20240209,11:45:13,0.85,50,239800
20240209,11:45:14,0.85,50,239800
20240209,11:45:15,0.85,50,239800
20240209,11:45:16,0.85,50,239800
20240209,11:45:17,0.85,50,239800
20240209,11:45:18,0.85,500,239800
20240209,11:45:23,0.9,1800,239800
20240209,11:45:24,0.9,3600,239800
20240209,11:45:26,0.9,550,239800
20240209,11:45:36,0.9,1300,239800
20240209,11:45:37,0.95,50,239800
20240209,11:46:46,0.9,1000,239800
20240209,11:47:26,0.9,50,239950
20240209,11:47:28,0.9,50,239950
20240209,11:47:30,0.9,50,239950
20240209,11:47:32,0.9,550,239950
20240209,11:47:34,0.9,450,239950
20240209,11:47:35,0.9,100,239950
20240209,11:47:36,0.9,100,239950
20240209,11:47:54,0.95,50,239950
20240209,11:50:14,0.95,500,239950
20240209,11:50:25,0.9,250,239950
20240209,11:50:41,0.95,500,239950
20240209,11:51:30,0.9,800,239950
20240209,11:51:40,0.9,500,239950
20240209,11:51:52,0.95,200,239950
20240209,11:52:16,0.9,3350,239950
20240209,11:52:22,0.95,1000,239950
20240209,11:52:31,0.9,250,239950
20240209,11:53:11,0.9,50,239850
20240209,11:53:13,0.9,50,239850
20240209,11:53:15,0.9,1700,239850
20240209,11:53:17,0.9,1700,239850
20240209,11:53:26,0.85,200,239850
20240209,11:53:27,0.9,50,239850
20240209,11:53:41,0.9,50,239850
20240209,11:53:50,0.9,50,239850
20240209,11:54:03,0.9,250,239850
20240209,11:55:32,0.9,50,239850
20240209,11:56:00,0.85,100,239850
20240209,11:56:05,0.9,50,239800
20240209,11:56:09,0.85,50,239800
20240209,11:56:40,0.9,50,239800
20240209,11:57:24,0.9,650,239800
20240209,11:57:37,0.85,1350,239800
20240209,12:01:01,0.9,300,239800
20240209,12:01:05,0.85,600,239800
20240209,12:01:35,0.9,200,239800
20240209,12:02:53,0.9,500,239800
20240209,12:02:58,0.85,50,240400
20240209,12:03:55,0.9,1250,240400
20240209,12:04:09,0.9,500,240400
20240209,12:04:33,0.85,500,240400
20240209,12:05:26,0.9,50,240400
20240209,12:05:29,0.9,200,241150
20240209,12:08:55,0.85,450,241150
20240209,12:10:39,0.9,1750,241150
20240209,12:11:11,0.85,650,241150
20240209,12:13:04,0.85,50,241150
20240209,12:14:22,0.9,200,241150
20240209,12:14:44,0.85,50,241150
20240209,12:15:14,0.85,50,241150
20240209,12:16:00,0.9,750,241150
20240209,12:16:01,0.85,50,241150
20240209,12:16:02,0.9,1200,241150
20240209,12:16:13,0.9,100,241150
20240209,12:16:18,0.9,7550,241150
20240209,12:16:23,0.9,50,241150
20240209,12:16:56,0.9,1800,241150
20240209,12:16:58,0.9,150,240600
20240209,12:17:19,0.9,50,240600
20240209,12:17:21,0.9,750,240600
20240209,12:17:22,0.9,150,240600
20240209,12:17:43,0.9,50,240600
20240209,12:18:00,0.9,50,240600
20240209,12:18:05,0.9,1800,240600
20240209,12:18:10,0.9,600,240600
20240209,12:18:21,0.9,5400,240600
20240209,12:18:22,0.9,2150,240600
20240209,12:18:23,0.9,100,240600
20240209,12:18:35,0.9,950,240600
20240209,12:18:56,0.9,150,240600
20240209,12:19:11,0.9,150,240600
20240209,12:19:20,0.9,50,240600
20240209,12:19:28,0.9,50,240600
20240209,12:19:44,0.9,1800,241000
20240209,12:20:08,0.9,50,241000
20240209,12:20:13,0.9,950,241000
20240209,12:20:20,0.9,5400,241000
20240209,12:21:04,0.9,950,241000
20240209,12:21:32,0.9,50,241000
20240209,12:22:52,0.85,50,240400
20240209,12:23:14,0.9,50,240400
20240209,12:23:59,0.85,650,240400
20240209,12:24:56,0.85,100,240400
20240209,12:27:26,0.85,300,240400
20240209,12:27:28,0.85,100,240400
20240209,12:27:29,0.85,100,240400
20240209,12:27:32,0.85,350,240400
20240209,12:27:33,0.85,100,240400
20240209,12:27:35,0.85,100,240400
20240209,12:27:37,0.85,150,240400
20240209,12:27:39,0.85,100,240400
20240209,12:27:41,0.85,100,240400
20240209,12:27:43,0.85,100,240400
20240209,12:27:45,0.85,100,240400
20240209,12:27:47,0.85,100,240400
20240209,12:27:48,0.9,50,240400
20240209,12:29:14,0.85,100,240400
20240209,12:29:22,0.85,50,240400
20240209,12:29:26,0.85,150,240400
20240209,12:29:32,0.9,350,240400
20240209,12:30:13,0.9,250,240400
20240209,12:30:44,0.9,50,240400
20240209,12:33:14,0.85,200,240400
20240209,12:33:30,0.9,50,240400
20240209,12:34:27,0.85,50,240400
20240209,12:34:28,0.85,50,240400
20240209,12:37:40,0.85,50,240350
20240209,12:38:01,0.85,50,240350
20240209,12:38:05,0.85,100,240350
20240209,12:38:05,0.85,150,240350
20240209,12:38:06,0.85,1500,240350
20240209,12:38:07,0.85,1100,240350
20240209,12:38:12,0.85,350,240350
20240209,12:42:35,0.85,3600,240150
20240209,12:43:14,0.85,1800,240150
20240209,12:43:16,0.85,4650,240150
20240209,12:43:17,0.9,750,240150
20240209,12:43:19,0.85,2250,240150
20240209,12:43:20,0.85,50,240150
20240209,12:43:23,0.85,750,240150
20240209,12:43:25,0.85,100,240150
20240209,12:43:30,0.9,750,240150
20240209,12:43:45,0.85,50,240150
20240209,12:44:49,0.9,50,240150
20240209,12:48:24,0.85,50,237600
20240209,12:49:32,0.9,750,237600
20240209,12:49:33,0.9,750,237600
20240209,12:50:17,0.9,50,237600
20240209,12:50:24,0.9,250,237600
20240209,12:50:50,0.9,250,237600
20240209,12:50:59,0.85,750,237600
20240209,12:51:02,0.8,300,237600
20240209,12:51:15,0.8,300,237600
20240209,12:52:00,0.85,550,237600
20240209,12:52:16,0.9,1750,237600
20240209,12:52:35,0.85,650,237600
20240209,12:52:38,0.9,1500,237600
20240209,12:52:51,0.9,150,239950
20240209,12:53:00,0.9,450,239950
20240209,12:53:04,0.85,50,239950
20240209,12:53:41,0.85,50,239950
20240209,12:53:53,0.85,50,239950
20240209,12:55:58,0.85,550,240150
20240209,12:56:30,0.85,3150,240150
20240209,12:56:56,0.85,100,240150
20240209,12:57:00,0.8,100,240150
20240209,12:57:20,0.85,900,240150
20240209,12:57:41,0.85,750,240150
20240209,12:57:42,0.9,750,240150
20240209,12:57:43,0.9,50,240150
20240209,12:57:50,0.9,50,240150
20240209,12:59:11,0.9,50,240150
20240209,13:00:51,0.85,1200,238950
20240209,13:01:01,0.85,50,238950
20240209,13:02:23,0.85,50,238950
20240209,13:02:32,0.85,1500,240100
20240209,13:02:32,0.85,150,240100
20240209,13:03:25,0.85,50,240100
20240209,13:06:39,0.8,50,240600
20240209,13:06:44,0.85,100,240600
20240209,13:06:49,0.85,100,240600
20240209,13:07:10,0.85,2700,240600
20240209,13:07:14,0.85,50,240600
20240209,13:07:59,0.85,50,240600
20240209,13:07:59,0.85,50,241200
20240209,13:08:05,0.9,150,241200
20240209,13:08:40,0.85,250,241200
20240209,13:09:50,0.9,50,241200
20240209,13:09:52,0.9,50,241200
20240209,13:10:38,0.85,750,241200
20240209,13:10:46,0.85,50,241200
20240209,13:10:49,0.85,150,241200
20240209,13:12:36,0.85,300,241200
20240209,13:13:45,0.9,50,241000
20240209,13:14:12,0.9,100,240750
20240209,13:14:13,0.85,250,240750
20240209,13:14:17,0.85,50,240750
20240209,13:14:32,0.9,50,240750
20240209,13:14:57,0.85,100,240750
20240209,13:15:01,0.9,50,240750
20240209,13:15:15,0.85,250,240750
20240209,13:15:17,0.9,50,240750
20240209,13:15:20,0.85,50,240750
20240209,13:15:54,0.85,250,240750
20240209,13:17:20,0.85,250,240500
20240209,13:17:25,0.85,50,240500
20240209,13:17:51,0.85,3550,240500
20240209,13:18:03,0.8,1800,240500
20240209,13:18:14,0.8,1800,240500
20240209,13:18:21,0.8,600,240500
20240209,13:18:27,0.85,50,240500
20240209,13:18:41,0.8,50,240500
20240209,13:21:12,0.85,1550,239950
20240209,13:22:28,0.85,1800,239950
20240209,13:22:31,0.8,4200,239950
20240209,13:22:32,0.8,3600,239950
20240209,13:23:09,0.8,3600,235800
20240209,13:24:03,0.8,5500,235800
20240209,13:24:28,0.8,50,235800
20240209,13:24:43,0.8,1800,235800
20240209,13:24:52,0.8,50,235800
20240209,13:25:13,0.8,50,235800
20240209,13:25:25,0.85,500,235800
20240209,13:27:00,0.8,250,235800
20240209,13:27:31,0.8,50,235800
20240209,13:27:56,0.8,1800,235800
20240209,13:28:07,0.8,200,235800
20240209,13:28:11,0.8,1850,235800
20240209,13:28:15,0.8,150,235800
20240209,13:28:48,0.8,150,235800
20240209,13:30:04,0.8,50,236650
20240209,13:30:22,0.75,50,236650
20240209,13:31:07,0.75,50,236650
20240209,13:32:30,0.8,1850,236750
20240209,13:32:31,0.8,650,236750
20240209,13:32:41,0.8,100,236750
20240209,13:32:42,0.8,50,236750
20240209,13:32:56,0.8,1800,236750
20240209,13:32:59,0.8,1750,236750
20240209,13:33:20,0.8,100,236750
20240209,13:34:19,0.8,1800,236750
20240209,13:34:20,0.8,200,236750
20240209,13:36:05,0.75,1800,235650
20240209,13:36:16,0.75,9000,235650
20240209,13:36:18,0.75,1800,235650
20240209,13:36:23,0.75,2700,235650
20240209,13:36:23,0.75,50,235650
20240209,13:36:25,0.75,100,235650
20240209,13:36:26,0.75,50,235650
20240209,13:36:52,0.7,50,235650
20240209,13:37:07,0.7,50,235650
20240209,13:37:21,0.7,1800,235650
20240209,13:38:05,0.75,1800,236300
20240209,13:38:06,0.75,200,236300
20240209,13:38:06,0.7,150,236300
20240209,13:38:16,0.75,100,236300
20240209,13:38:23,0.75,50,236300
20240209,13:38:39,0.7,50,236300
20240209,13:38:44,0.7,150,236300
20240209,13:39:36,0.7,50,236300
20240209,13:40:01,0.75,800,236300
20240209,13:40:18,0.75,50,236300
20240209,13:40:23,0.75,50,236300
20240209,13:40:29,0.75,500,236300
20240209,13:40:32,0.75,150,236300
20240209,13:40:52,0.7,50,236300
20240209,13:41:04,0.75,250,236300
20240209,13:41:15,0.75,100,236500
20240209,13:43:02,0.75,400,236500
20240209,13:43:07,0.7,1800,236500
20240209,13:43:11,0.75,50,236500
20240209,13:43:13,0.75,100,236500
20240209,13:43:15,0.75,100,236500
20240209,13:43:16,0.75,150,236500
20240209,13:43:17,0.75,50,236500
20240209,13:43:19,0.75,100,236500
20240209,13:43:20,0.75,50,236500
20240209,13:43:23,0.75,150,236500
20240209,13:43:29,0.7,800,236500
20240209,13:43:43,0.7,50,236500
20240209,13:43:56,0.7,1200,238000
20240209,13:44:23,0.7,150,238000
20240209,13:44:33,0.7,100,238000
20240209,13:44:37,0.7,150,238000
20240209,13:44:40,0.7,750,238000
20240209,13:44:51,0.7,1850,238000
20240209,13:44:54,0.75,100,238000
20240209,13:46:21,0.7,50,238000
20240209,13:48:25,0.7,50,238000
20240209,13:48:43,0.75,400,238000
20240209,13:48:52,0.75,500,238000
20240209,13:49:38,0.7,2850,238000
20240209,13:49:51,0.7,750,238000
20240209,13:50:11,0.75,150,238000
20240209,13:52:07,0.7,500,238000
20240209,13:52:42,0.7,1800,238000
20240209,13:53:24,0.7,150,238000
20240209,13:53:36,0.75,50,238000
20240209,13:57:08,0.7,100,238000
20240209,13:57:10,0.7,100,238000
20240209,13:57:12,0.7,100,238000
20240209,13:57:16,0.7,100,238000
20240209,13:57:17,0.7,100,238000
20240209,13:57:27,0.7,100,238000
20240209,13:57:28,0.7,1800,238000
20240209,13:57:29,0.7,1800,238000
20240209,13:57:31,0.7,100,238000
20240209,13:57:38,0.7,100,238000
20240209,13:57:41,0.7,50,238000
20240209,13:58:02,0.7,4050,238000
20240209,13:58:23,0.7,100,238000
20240209,14:00:21,0.7,3600,235650
20240209,14:00:24,0.7,1800,235650
20240209,14:01:22,0.7,1500,235650
20240209,14:01:39,0.7,3600,235650
20240209,14:01:52,0.7,50,235650
20240209,14:02:24,0.7,600,235650
20240209,14:02:24,0.7,150,235650
20240209,14:03:49,0.7,100,235650
20240209,14:04:16,0.7,50,235650
20240209,14:04:37,0.7,1800,235650
20240209,14:04:53,0.7,600,235650
20240209,14:05:25,0.7,1350,235650
20240209,14:05:56,0.7,450,235650
20240209,14:06:00,0.75,200,235650
20240209,14:06:05,0.7,600,235650
20240209,14:06:07,0.7,2900,235650
20240209,14:06:09,0.7,100,235650
20240209,14:06:20,0.7,1550,235650
20240209,14:06:22,0.7,100,235650
20240209,14:09:39,0.75,100,235650
20240209,14:09:45,0.7,1000,235650
20240209,14:09:46,0.7,500,235650
20240209,14:09:50,0.7,150,235650
20240209,14:11:33,0.7,100,235650
20240209,14:11:37,0.7,100,235650
20240209,14:13:43,0.7,1800,235650
20240209,14:14:08,0.7,150,235650
20240209,14:14:41,0.7,1450,235650
20240209,14:15:26,0.7,600,235650
20240209,14:15:37,0.65,1800,235650
20240209,14:15:38,0.65,50,235650
20240209,14:17:30,0.65,50,235600
20240209,14:18:06,0.65,800,235600
20240209,14:20:20,0.65,750,235600
20240209,14:20:31,0.7,1800,235050
20240209,14:20:33,0.7,1800,235050
20240209,14:20:34,0.7,4600,235050
20240209,14:20:35,0.7,50,235050
20240209,14:20:36,0.7,50,235050
20240209,14:20:38,0.7,600,235050
20240209,14:20:40,0.7,100,235050
20240209,14:20:42,0.7,300,235050
20240209,14:20:47,0.7,50,235050
20240209,14:20:48,0.7,200,235050
20240209,14:20:59,0.7,1800,235050
20240209,14:21:01,0.7,50,235050
20240209,14:21:36,0.7,250,235050
20240209,14:21:44,0.7,1800,235050
20240209,14:21:46,0.7,1800,235050
20240209,14:21:48,0.7,1800,235050
20240209,14:21:50,0.7,1800,235050
20240209,14:21:52,0.7,6300,235050
20240209,14:21:55,0.7,100,235050
20240209,14:22:03,0.7,50,235050
20240209,14:22:06,0.7,50,235050
20240209,14:22:07,0.65,1800,235050
20240209,14:23:29,0.7,1000,235050
20240209,14:23:54,0.7,100,235050
20240209,14:24:02,0.65,5400,235050
20240209,14:24:21,0.7,1800,235050
20240209,14:25:00,0.7,50,235050
20240209,14:25:20,0.65,1800,235050
20240209,14:25:44,0.65,1500,235050
20240209,14:25:56,0.7,250,235050
20240209,14:27:30,0.7,400,235050
20240209,14:28:23,0.65,1800,236000
20240209,14:29:48,0.7,9000,236400
20240209,14:30:44,0.7,1800,236400
20240209,14:30:45,0.7,14400,236400
20240209,14:30:46,0.7,1800,236400
20240209,14:31:06,0.65,100,236400
20240209,14:31:06,0.65,1450,236400
20240209,14:31:07,0.65,950,236400
20240209,14:31:08,0.65,1100,236400
20240209,14:31:09,0.65,550,236400
20240209,14:31:15,0.65,50,236400
20240209,14:31:27,0.65,250,236400
20240209,14:31:28,0.65,300,236400
20240209,14:31:29,0.65,150,236400
20240209,14:31:30,0.65,100,236400
20240209,14:31:31,0.65,1000,236400
20240209,14:31:32,0.65,450,236400
20240209,14:31:33,0.65,200,236400
20240209,14:31:47,0.65,150,236400
20240209,14:31:53,0.65,150,236400
20240209,14:32:01,0.65,150,236400
20240209,14:32:57,0.65,500,237150
20240209,14:33:12,0.65,250,237150
20240209,14:34:15,0.65,1800,237150
20240209,14:34:17,0.65,350,237150
20240209,14:34:38,0.65,650,237150
20240209,14:35:49,0.65,250,237150
20240209,14:36:07,0.65,500,237150
20240209,14:36:14,0.65,250,237150
20240209,14:36:20,0.65,500,237150
20240209,14:36:52,0.65,1800,237150
20240209,14:37:32,0.65,550,237150
20240209,14:37:33,0.65,550,237150
20240209,14:37:36,0.65,750,237150
20240209,14:37:38,0.65,600,237150
20240209,14:38:00,0.65,250,237150
20240209,14:38:03,0.65,1800,237150
20240209,14:38:04,0.65,250,237150
20240209,14:38:25,0.65,1800,237100
20240209,14:38:51,0.65,150,237100
20240209,14:39:02,0.65,50,237100
20240209,14:39:22,0.65,250,237100
20240209,14:39:31,0.65,100,237100
20240209,14:39:33,0.65,250,237100
20240209,14:39:52,0.65,50,237100
20240209,14:40:30,0.65,250,237100
20240209,14:42:06,0.7,50,237100
20240209,14:42:21,0.65,1800,237100
20240209,14:43:30,0.65,50,237100
20240209,14:43:31,0.65,200,237100
20240209,14:45:14,0.65,1250,237100
20240209,14:45:54,0.65,1800,237100
20240209,14:46:13,0.65,2000,237100
20240209,14:46:17,0.7,50,237100
20240209,14:46:38,0.7,50,237100
20240209,14:46:44,0.65,1800,237100
20240209,14:48:16,0.7,50,237100
20240209,14:49:29,0.7,50,237100
20240209,14:49:51,0.65,50,237100
20240209,14:50:06,0.65,1000,237100
20240209,14:50:18,0.65,50,237100
20240209,14:53:15,0.65,250,237100
20240209,14:53:46,0.7,300,237100
20240209,14:55:07,0.7,1800,237100
20240209,14:55:08,0.7,5400,237100
20240209,14:55:40,0.65,7200,237100
20240209,14:56:32,0.65,50,237100
20240209,14:56:50,0.65,50,237400
20240209,14:59:18,0.65,200,237400
20240209,14:59:24,0.65,800,237400
20240209,14:59:35,0.65,400,237400
20240209,14:59:36,0.65,400,237400
20240209,14:59:43,0.65,10800,237400
20240209,14:59:45,0.65,7200,237400
20240209,14:59:50,0.65,250,237400
20240209,15:00:01,0.65,1800,237400
20240209,15:00:36,0.65,700,237400
20240209,15:00:45,0.65,1800,237400
20240209,15:01:00,0.65,250,237400
20240209,15:01:01,0.65,250,237400
20240209,15:02:58,0.65,100,237400
20240209,15:03:14,0.7,50,235050
20240209,15:04:20,0.65,200,235050
20240209,15:04:53,0.7,50,235050
20240209,15:05:09,0.7,250,235050
20240209,15:05:17,0.7,200,235050
20240209,15:05:22,0.65,150,235050
20240209,15:05:31,0.7,50,235050
20240209,15:05:42,0.65,1800,235050
20240209,15:09:18,0.65,50,235050
20240209,15:10:59,0.65,50,235050
20240209,15:11:44,0.65,250,235050
20240209,15:12:19,0.65,50,235050
20240209,15:12:44,0.7,1800,235050
20240209,15:12:45,0.7,1800,235050
20240209,15:13:06,0.65,300,235050
20240209,15:13:13,0.7,250,235050
20240209,15:13:27,0.7,50,235050
20240209,15:14:11,0.7,1800,235050
20240209,15:14:12,0.7,3600,235050
20240209,15:14:13,0.7,3600,235050
20240209,15:14:14,0.7,5400,235050
20240209,15:14:15,0.7,3600,235050
20240209,15:14:16,0.7,3600,235050
20240209,15:14:17,0.7,3600,235050
20240209,15:14:18,0.7,1800,235050
20240209,15:14:19,0.7,1150,235050
20240209,15:14:57,0.7,1800,235050
20240209,15:14:58,0.7,3600,235050
20240209,15:14:59,0.7,1000,235050
20240209,15:15:16,0.7,50,235050
20240209,15:15:19,0.7,50,235050
20240209,15:15:22,0.7,3600,235050
20240209,15:15:23,0.7,1800,235050
20240209,15:15:27,0.7,650,235050
20240209,15:17:34,0.65,1800,235050
20240209,15:17:58,0.65,200,235050
20240209,15:18:26,0.65,50,235050
20240209,15:20:11,0.7,50,235050
20240209,15:20:41,0.7,800,235050
20240209,15:21:01,0.65,3750,235050
20240209,15:21:15,0.65,250,235050
20240209,15:21:25,0.7,250,235050
20240209,15:22:01,0.65,50,235050
20240209,15:22:10,0.65,3750,235050
20240209,15:22:11,0.65,750,235050
20240209,15:22:14,0.7,250,235050
20240209,15:22:18,0.65,50,235050
20240209,15:22:20,0.65,50,235050
20240209,15:22:21,0.65,50,235050
20240209,15:22:24,0.65,350,235050
20240209,15:22:27,0.65,200,235050
20240209,15:22:28,0.65,5300,235050
20240209,15:22:29,0.65,100,235050
20240209,15:22:30,0.65,50,235050
20240209,15:22:32,0.65,50,235050
20240209,15:22:45,0.65,100,235050
20240209,15:22:54,0.7,350,235050
20240209,15:24:18,0.65,50,235050
20240209,15:24:40,0.65,400,234250
20240209,15:24:41,0.65,200,234250
20240209,15:24:42,0.65,300,234250
20240209,15:24:57,0.65,350,234250
20240209,15:25:02,0.65,100,234250
20240209,15:25:03,0.65,150,234250
20240209,15:25:37,0.65,2350,234250
20240209,15:25:38,0.65,100,234250
20240209,15:25:39,0.65,50,234250
20240209,15:25:51,0.65,250,234250
20240209,15:25:53,0.65,1650,234250
20240209,15:26:00,0.65,50,234250
20240209,15:26:13,0.65,300,234250
20240209,15:26:17,0.65,200,234250
20240209,15:26:23,0.65,500,234250
20240209,15:26:37,0.65,1550,234250
20240209,15:27:17,0.65,1800,234250
20240209,15:27:24,0.65,350,234250
20240209,15:28:16,0.7,500,234250
20240209,15:28:23,0.65,1800,234250
20240209,15:28:29,0.65,1800,234250
20240209,15:28:31,0.65,1800,234250
20240209,15:28:43,0.65,750,234250
20240209,15:28:50,0.65,250,234250
20240209,15:29:17,0.7,200,234250
20240209,15:29:40,0.65,900,234250
20240209,15:29:48,0.65,50,234250
20240212,09:15:00,0.65,1,234250
20240212,09:15:00,0.65,100,234250
20240212,09:15:01,0.65,50,234250
20240212,09:15:02,0.65,350,234250
20240212,09:15:03,0.65,300,234250
20240212,09:15:04,0.7,100,234250
20240212,09:15:06,0.7,450,234250
20240212,09:15:07,0.7,250,234250
20240212,09:15:08,0.7,500,234250
20240212,09:15:09,0.7,150,234250
20240212,09:15:10,0.7,250,234250
20240212,09:15:13,0.7,50,234250
20240212,09:15:14,0.7,50,234250
20240212,09:15:16,0.7,200,234250
20240212,09:15:21,0.7,50,234250
20240212,09:15:24,0.6,150,234250
20240212,09:15:25,0.7,150,234250
20240212,09:15:29,0.7,100,234250
20240212,09:15:37,0.7,400,234250
20240212,09:15:45,0.7,350,234250
20240212,09:15:51,0.65,50,234250
20240212,09:16:00,0.7,50,234250
20240212,09:16:34,0.7,100,234250
20240212,09:16:36,0.65,250,234250
20240212,09:17:05,0.65,50,234250
20240212,09:17:09,0.7,50,234250
20240212,09:17:13,0.65,250,234250
20240212,09:17:20,0.65,50,234250
20240212,09:17:33,0.7,250,234250
20240212,09:17:58,0.65,150,234250
20240212,09:18:00,0.65,100,234250
20240212,09:18:01,0.7,50,234250
20240212,09:18:07,0.65,250,234250
20240212,09:18:17,0.7,50,234250
20240212,09:18:23,0.65,250,234250
20240212,09:18:24,0.7,50,234250
20240212,09:18:28,0.7,300,234250
20240212,09:18:42,0.65,100,234250
20240212,09:18:55,0.7,50,234250
20240212,09:18:57,0.7,50,234250
20240212,09:19:10,0.6,100,234250
20240212,09:19:17,0.65,50,234250
20240212,09:19:19,0.65,50,234250
20240212,09:19:28,0.65,800,234250
20240212,09:19:29,0.65,1800,234250
20240212,09:19:30,0.65,1800,234250
20240212,09:19:42,0.65,12000,234250
20240212,09:19:52,0.7,50,234250
20240212,09:19:54,0.65,100,234250
20240212,09:19:59,0.65,3650,234250
20240212,09:20:00,0.65,3500,234250
20240212,09:20:02,0.6,400,234250
20240212,09:20:05,0.65,250,234250
20240212,09:20:05,0.65,100,234250
20240212,09:20:08,0.65,1800,234250
20240212,09:20:11,0.65,500,234250
20240212,09:20:19,0.7,1150,234250
20240212,09:20:20,0.65,50,234250
20240212,09:20:21,0.7,650,234250
20240212,09:20:23,0.7,650,234250
20240212,09:20:27,0.65,1550,234250
20240212,09:20:52,0.7,50,234250
20240212,09:21:03,0.65,150,234250
20240212,09:22:12,0.65,50,234450
20240212,09:22:13,0.65,200,234450
20240212,09:22:24,0.65,250,234450
20240212,09:22:38,0.65,300,234450
20240212,09:22:55,0.65,100,234450
20240212,09:23:08,0.65,650,234450
20240212,09:23:37,0.7,50,234450
20240212,09:24:22,0.65,300,234450
20240212,09:24:24,0.7,100,234450
20240212,09:24:46,0.7,1600,234450
20240212,09:24:49,0.7,50,234450
20240212,09:25:07,0.7,50,234450
20240212,09:25:10,0.7,250,234450
20240212,09:25:17,0.7,50,234450
20240212,09:26:09,0.7,100,234450
20240212,09:26:18,0.7,500,234450
20240212,09:26:19,0.7,150,234450
20240212,09:26:27,0.7,50,234450
20240212,09:26:46,0.7,2000,234450
20240212,09:27:00,0.7,50,234450
20240212,09:27:15,0.65,50,234450
20240212,09:27:22,0.7,50,234450
20240212,09:27:50,0.65,650,234450
20240212,09:28:01,0.7,50,234450
20240212,09:28:13,0.7,50,234450
20240212,09:28:25,0.7,50,234450
20240212,09:28:30,0.7,50,234450
20240212,09:28:57,0.7,50,234450
20240212,09:29:16,0.7,50,234450
20240212,09:29:29,0.7,50,234450
20240212,09:29:41,0.7,50,234450
20240212,09:29:47,0.65,50,234450
20240212,09:29:57,0.7,50,234450
20240212,09:30:08,0.7,50,234450
20240212,09:30:33,0.65,350,234450
20240212,09:30:37,0.7,100,234350
20240212,09:30:52,0.65,50,234350
20240212,09:33:06,0.7,50,234350
20240212,09:33:44,0.7,1000,234350
20240212,09:33:56,0.7,50,234350
20240212,09:34:56,0.65,50,234350
20240212,09:35:00,0.65,50,234350
20240212,09:35:19,0.7,50,234350
20240212,09:35:30,0.65,50,234350
20240212,09:35:32,0.7,50,234350
20240212,09:36:04,0.7,50,234350
20240212,09:36:12,0.7,50,234350
20240212,09:37:16,0.7,100,234350
20240212,09:37:20,0.65,2000,234350
20240212,09:37:23,0.7,50,234350
20240212,09:37:53,0.7,8900,234350
20240212,09:37:54,0.7,11000,234350
20240212,09:37:56,0.7,500,234350
20240212,09:37:56,0.7,4000,234350
20240212,09:38:03,0.65,500,234350
20240212,09:38:16,0.7,7200,234350
20240212,09:38:17,0.7,1800,234350
20240212,09:38:25,0.65,50,234350
20240212,09:38:51,0.7,50,234350
20240212,09:39:08,0.7,50,234350
20240212,09:40:46,0.65,50,234350
20240212,09:40:49,0.7,300,234350
20240212,09:41:16,0.7,50,234350
20240212,09:41:26,0.7,250,234350
20240212,09:41:28,0.7,200,234350
20240212,09:42:04,0.65,150,234350
20240212,09:42:31,0.65,450,234350
20240212,09:42:33,0.65,750,234350
20240212,09:42:42,0.65,50,234350
20240212,09:42:54,0.65,250,234350
20240212,09:43:34,0.65,50,234350
20240212,09:45:10,0.7,50,234350
20240212,09:45:38,0.7,400,234350
20240212,09:46:15,0.7,50,234350
20240212,09:46:44,0.65,50,234350
20240212,09:47:06,0.65,200,234350
20240212,09:48:34,0.7,50,234550
20240212,09:49:01,0.65,200,234550
20240212,09:50:05,0.65,100,234550
20240212,09:50:20,0.7,50,234550
20240212,09:50:42,0.7,350,234550
20240212,09:51:03,0.65,50,234550
20240212,09:51:07,0.7,100,234550
20240212,09:51:10,0.65,50,234550
20240212,09:51:33,0.7,1200,234550
20240212,09:52:26,0.7,50,234550
20240212,09:52:59,0.7,50,234550
20240212,09:53:02,0.7,50,234550
20240212,09:53:37,0.7,50,234550
20240212,09:54:27,0.7,50,234550
20240212,09:54:28,0.65,1800,234550
20240212,09:54:29,0.65,3600,234550
20240212,09:54:30,0.65,700,234550
20240212,09:54:32,0.6,50,234550
20240212,09:55:59,0.65,200,234550
20240212,09:56:02,0.6,50,234550
20240212,09:56:29,0.65,50,234550
20240212,09:56:31,0.65,50,234550
20240212,09:56:46,0.65,50,234550
20240212,09:56:47,0.65,50,234550
20240212,09:57:08,0.6,50,234550
20240212,09:57:11,0.65,400,234550
20240212,09:57:34,0.6,1200,234550
20240212,09:57:48,0.6,100,234550
20240212,09:58:02,0.65,250,234550
20240212,09:59:40,0.6,150,234550
20240212,09:59:52,0.65,200,234550
20240212,10:00:58,0.6,1800,234550
20240212,10:01:00,0.6,1800,234700
20240212,10:01:57,0.6,1250,234700
20240212,10:02:47,0.55,400,234700
20240212,10:02:56,0.55,50,234700
20240212,10:03:35,0.55,50,234700
20240212,10:03:56,0.55,50,234700
20240212,10:04:22,0.55,50,234700
20240212,10:04:40,0.6,200,234700
20240212,10:04:58,0.6,50,234700
20240212,10:05:00,0.6,400,234700
20240212,10:05:58,0.55,50,234700
20240212,10:06:23,0.55,50,234700
20240212,10:06:30,0.55,100,234700
20240212,10:06:35,0.6,1200,234800
20240212,10:07:28,0.6,50,234800
20240212,10:07:31,0.6,50,234800
20240212,10:07:33,0.6,3600,234800
20240212,10:09:58,0.6,50,235550
20240212,10:10:01,0.55,50,235550
20240212,10:10:46,0.6,50,235550
20240212,10:11:24,0.6,50,235550
20240212,10:11:59,0.55,50,235550
20240212,10:12:02,0.55,4400,235550
20240212,10:12:07,0.6,50,235550
20240212,10:12:17,0.55,50,235550
20240212,10:12:20,0.6,50,235550
20240212,10:13:14,0.6,100,235600
20240212,10:13:20,0.6,50,235600
20240212,10:13:29,0.55,50,235600
20240212,10:13:31,0.6,50,235600
20240212,10:13:40,0.55,50,235600
20240212,10:13:47,0.6,50,235600
20240212,10:14:40,0.55,50,235600
20240212,10:14:43,0.55,100,235600
20240212,10:15:05,0.6,50,235600
20240212,10:15:30,0.6,50,235600
20240212,10:16:13,0.55,50,235600
20240212,10:18:40,0.6,1000,236000
20240212,10:20:18,0.6,50,236000
20240212,10:20:20,0.6,50,236000
20240212,10:20:53,0.55,2500,236000
20240212,10:20:57,0.55,200,236000
20240212,10:21:08,0.55,2500,236000
20240212,10:21:32,0.5,9000,236000
20240212,10:21:37,0.5,50,234600
20240212,10:21:54,0.55,200,234600
20240212,10:22:12,0.55,50,234600
20240212,10:22:17,0.5,50,234600
20240212,10:22:28,0.5,50,234600
20240212,10:22:40,0.55,50,234600
20240212,10:23:22,0.5,50,234600
20240212,10:23:44,0.5,200,234600
20240212,10:24:04,0.55,50,234600
20240212,10:24:19,0.55,50,234600
20240212,10:24:32,0.55,50,234600
20240212,10:25:02,0.5,200,234600
20240212,10:25:15,0.55,50,234600
20240212,10:25:28,0.5,1800,234600
20240212,10:25:38,0.55,50,234600
20240212,10:26:16,0.5,250,234600
20240212,10:26:22,0.5,250,234600
20240212,10:26:33,0.55,50,234600
20240212,10:27:01,0.5,250,234600
20240212,10:27:02,0.5,1000,234600
20240212,10:27:10,0.5,3600,234600
20240212,10:27:22,0.5,250,234600
20240212,10:27:27,0.5,3600,234600
20240212,10:27:28,0.55,50,234600
20240212,10:27:47,0.5,250,234600
20240212,10:27:51,0.5,3350,234600
20240212,10:27:51,0.5,250,234600
20240212,10:27:53,0.5,50,234600
20240212,10:27:55,0.5,1800,234600
20240212,10:27:58,0.55,500,234600
20240212,10:28:11,0.5,3600,234600
20240212,10:28:14,0.5,1800,234600
20240212,10:28:18,0.55,1000,234600
20240212,10:28:55,0.55,50,234600
20240212,10:29:25,0.55,150,234600
20240212,10:29:34,0.5,1500,234600
20240212,10:30:02,0.55,150,234600
20240212,10:30:03,0.5,50,234600
20240212,10:30:15,0.55,50,234600
20240212,10:30:46,0.55,50,234600
20240212,10:31:04,0.55,50,234500
20240212,10:31:27,0.55,50,234500
20240212,10:31:30,0.5,1300,234500
20240212,10:31:47,0.5,50,234500
20240212,10:31:48,0.55,50,234500
20240212,10:31:58,0.55,50,234500
20240212,10:32:10,0.55,50,234500
20240212,10:32:33,0.55,50,234500
20240212,10:33:02,0.5,50,234500
20240212,10:33:35,0.5,400,234500
20240212,10:33:39,0.5,50,234900
20240212,10:34:59,0.5,1600,234900
20240212,10:35:02,0.55,50,234900
20240212,10:36:19,0.55,1800,234900
20240212,10:36:20,0.55,2200,234900
20240212,10:36:28,0.55,1000,234900
20240212,10:37:13,0.5,50,234900
20240212,10:38:02,0.55,300,234900
20240212,10:38:05,0.5,50,234900
20240212,10:38:14,0.5,50,234900
20240212,10:38:15,0.5,50,234900
20240212,10:38:21,0.55,50,234900
20240212,10:38:45,0.55,400,234900
20240212,10:39:14,0.55,50,234900
20240212,10:40:12,0.55,50,234900
20240212,10:41:18,0.55,6400,234900
20240212,10:41:19,0.55,1800,234900
20240212,10:41:42,0.5,50,234900
20240212,10:41:47,0.55,50,234900
20240212,10:42:25,0.5,50,234900
20240212,10:42:36,0.5,6400,234900
20240212,10:42:37,0.5,1800,234900
20240212,10:45:13,0.5,1000,234900
20240212,10:45:39,0.5,200,234900
20240212,10:46:08,0.55,1800,234900
20240212,10:46:12,0.5,300,234900
20240212,10:46:30,0.5,1800,234900
20240212,10:46:40,0.5,200,234900
20240212,10:47:51,0.55,50,234900
20240212,10:49:46,0.5,4000,234900
20240212,10:49:46,0.5,5400,234900
20240212,10:50:55,0.55,50,234900
20240212,10:51:03,0.55,50,234900
20240212,10:51:07,0.5,1800,234900
20240212,10:51:41,0.55,50,244600
20240212,10:52:06,0.5,200,244600
20240212,10:52:09,0.5,1800,244600
20240212,10:52:10,0.5,850,244600
20240212,10:52:11,0.5,350,244600
20240212,10:52:12,0.5,100,244600
20240212,10:52:13,0.55,50,244600
20240212,10:52:34,0.5,150,244600
20240212,10:52:54,0.5,400,244600
20240212,10:53:03,0.5,1800,244600
20240212,10:54:16,0.5,1800,244600
20240212,10:54:23,0.5,8700,244600
20240212,10:54:24,0.5,50,244600
20240212,10:54:29,0.5,50,244600
20240212,10:54:30,0.5,50,244600
20240212,10:54:46,0.5,50,250000
20240212,10:55:01,0.5,200,250000
20240212,10:55:02,0.5,50,250000
20240212,10:55:17,0.5,9000,250000
20240212,10:55:37,0.45,50,250000
20240212,10:55:40,0.45,3600,250000
20240212,10:55:41,0.5,700,250000
20240212,10:55:43,0.45,2400,250000
20240212,10:56:34,0.45,1800,250000
20240212,10:56:36,0.5,50,250000
20240212,10:56:39,0.45,50,250000
20240212,10:56:58,0.45,50,250000
20240212,10:57:12,0.5,100,250000
20240212,10:57:21,0.5,50,250000
20240212,10:57:32,0.45,200,250000
20240212,10:58:07,0.45,50,250000
20240212,10:58:18,0.45,3600,256500
20240212,10:59:25,0.5,250,256500
20240212,10:59:57,0.5,50,256500
20240212,11:00:54,0.5,50,260400
20240212,11:01:00,0.45,50,260400
20240212,11:01:01,0.45,500,260400
20240212,11:01:19,0.45,50,260400
20240212,11:01:38,0.5,50,260400
20240212,11:01:54,0.45,50,260400
20240212,11:01:54,0.5,400,260400
20240212,11:01:56,0.45,50,260400
20240212,11:02:03,0.5,650,260400
20240212,11:02:04,0.5,1800,260400
20240212,11:02:05,0.5,1800,260400
20240212,11:02:10,0.5,500,260400
20240212,11:02:28,0.5,500,260400
20240212,11:02:37,0.5,50,260400
20240212,11:02:41,0.5,1800,260400
20240212,11:02:43,0.5,3300,260400
20240212,11:04:54,0.5,50,261250
20240212,11:04:59,0.5,1150,261250
20240212,11:05:29,0.5,50,261250
20240212,11:05:38,0.55,1000,261250
20240212,11:06:06,0.5,3600,261250
20240212,11:06:07,0.5,1900,261250
20240212,11:06:48,0.5,50,265450
20240212,11:10:09,0.55,50,265450
20240212,11:10:24,0.5,450,265450
20240212,11:10:41,0.55,50,265450
20240212,11:11:41,0.55,50,265450
20240212,11:12:30,0.5,50,265450
20240212,11:12:34,0.55,50,265450
20240212,11:13:37,0.55,450,265400
20240212,11:14:01,0.5,150,265400
20240212,11:14:34,0.55,100,265400
20240212,11:14:48,0.5,50,265400
20240212,11:15:21,0.55,50,265400
20240212,11:17:21,0.55,50,265400
20240212,11:17:53,0.5,50,265400
20240212,11:20:03,0.5,100,265400
20240212,11:21:32,0.55,50,265400
20240212,11:21:51,0.55,100,265400
20240212,11:22:20,0.55,250,265350
20240212,11:23:01,0.55,1500,265350
20240212,11:23:20,0.5,100,265350
20240212,11:24:15,0.55,100,265350
20240212,11:26:05,0.55,650,265050
20240212,11:26:09,0.55,250,265050
20240212,11:26:17,0.55,250,265050
20240212,11:26:23,0.55,250,265050
20240212,11:26:25,0.55,1250,265050
20240212,11:26:42,0.55,250,265050
20240212,11:26:45,0.55,450,265050
20240212,11:26:46,0.55,150,265050
20240212,11:27:27,0.55,400,265050
20240212,11:27:39,0.55,50,265050
20240212,11:30:10,0.5,200,265050
20240212,11:30:16,0.5,50,265050
20240212,11:30:28,0.5,100,265050
20240212,11:31:26,0.5,50,265050
20240212,11:33:15,0.5,500,265050
20240212,11:33:16,0.5,1500,265050
20240212,11:33:44,0.55,50,265050
20240212,11:34:13,0.55,1000,265050
20240212,11:35:11,0.55,50,263700
20240212,11:37:25,0.5,250,263700
20240212,11:37:29,0.5,250,263700
20240212,11:37:39,0.5,700,263700
20240212,11:38:18,0.55,50,263700
20240212,11:40:30,0.5,7200,263700
20240212,11:40:31,0.5,3950,263700
20240212,11:40:33,0.5,50,263700
20240212,11:40:36,0.5,50,263700
20240212,11:40:37,0.5,50,263700
20240212,11:40:48,0.5,100,263700
20240212,11:40:51,0.5,50,263700
20240212,11:40:53,0.5,1800,263700
20240212,11:40:54,0.5,1800,263700
20240212,11:40:56,0.5,1800,263700
20240212,11:41:56,0.5,850,263700
20240212,11:41:57,0.5,1500,263700
20240212,11:41:59,0.45,5100,263700
20240212,11:42:17,0.5,50,263700
20240212,11:42:54,0.45,50,263700
20240212,11:43:38,0.5,500,270150
20240212,11:45:00,0.5,50,270150
20240212,11:45:05,0.5,50,270150
20240212,11:45:41,0.5,200,270150
20240212,11:45:45,0.45,1800,270150
20240212,11:47:07,0.5,50,271950
20240212,11:47:09,0.45,250,271950
20240212,11:47:33,0.45,1800,271950
20240212,11:47:44,0.45,50,271950
20240212,11:47:58,0.45,1800,271950
20240212,11:48:07,0.45,5400,271950
20240212,11:48:10,0.5,3600,271950
20240212,11:48:44,0.45,50,271950
20240212,11:48:51,0.5,50,271950
20240212,11:48:56,0.45,1800,282400
20240212,11:49:23,0.5,100,282400
20240212,11:49:24,0.5,250,282400
20240212,11:51:12,0.45,100,282400
20240212,11:51:13,0.45,150,282400
20240212,11:52:01,0.5,50,284200
20240212,11:53:05,0.45,1800,284200
20240212,11:54:05,0.45,1800,284200
20240212,11:55:11,0.45,1800,287800
20240212,11:55:12,0.45,500,287800
20240212,11:55:32,0.5,50,287800
20240212,11:55:35,0.45,100,287800
20240212,11:57:16,0.45,5400,287800
20240212,11:57:26,0.5,50,287800
20240212,11:57:31,0.45,500,287800
20240212,11:58:16,0.45,3600,287800
20240212,11:58:20,0.5,50,295000
20240212,11:58:36,0.5,50,295000
20240212,11:58:38,0.5,50,295000
20240212,12:02:49,0.45,50,298600
20240212,12:03:18,0.5,50,298600
20240212,12:03:42,0.45,100,298600
20240212,12:03:59,0.5,50,298600
20240212,12:04:07,0.45,3600,298600
20240212,12:04:41,0.5,50,298600
20240212,12:05:01,0.45,1800,298600
20240212,12:05:18,0.45,1800,298600
20240212,12:05:37,0.45,50,298600
20240212,12:05:59,0.5,100,298600
20240212,12:06:00,0.5,100,298600
20240212,12:06:03,0.45,250,298600
20240212,12:06:18,0.5,100,298600
20240212,12:06:27,0.45,50,298600
20240212,12:06:33,0.5,400,298600
20240212,12:06:36,0.5,250,298600
20240212,12:06:37,0.5,2300,298600
20240212,12:06:37,0.5,100,298600
20240212,12:06:38,0.5,1800,298600
20240212,12:06:40,0.5,2300,298600
20240212,12:06:54,0.5,2450,306300
20240212,12:06:56,0.5,1300,306300
20240212,12:06:57,0.5,1300,306300
20240212,12:06:58,0.5,500,306300
20240212,12:08:05,0.5,300,306300
20240212,12:08:13,0.45,1800,306300
20240212,12:08:33,0.5,250,306300
20240212,12:08:49,0.45,3600,306300
20240212,12:09:07,0.5,1850,306300
20240212,12:09:09,0.5,450,306300
20240212,12:09:47,0.5,1850,306300
20240212,12:09:48,0.5,400,306300
20240212,12:09:50,0.45,250,306300
20240212,12:09:54,0.5,1800,316700
20240212,12:09:56,0.5,4700,316700
20240212,12:09:57,0.5,350,316700
20240212,12:10:00,0.45,250,316700
20240212,12:10:08,0.45,1800,316700
20240212,12:10:11,0.5,500,316700
20240212,12:10:16,0.5,750,316700
20240212,12:10:20,0.5,5400,316700
20240212,12:10:27,0.5,350,316700
20240212,12:10:32,0.5,150,316700
20240212,12:10:53,0.5,350,316700
20240212,12:10:54,0.5,200,316700
20240212,12:11:01,0.45,1800,316700
20240212,12:11:03,0.5,1850,316700
20240212,12:11:12,0.45,250,316700
20240212,12:11:46,0.5,1000,316700
20240212,12:12:24,0.5,500,316700
20240212,12:12:53,0.5,250,320450
20240212,12:12:56,0.45,100,320450
20240212,12:13:06,0.5,5100,320450
20240212,12:13:29,0.5,1500,320450
20240212,12:13:37,0.5,15500,320450
20240212,12:14:25,0.5,50,320450
20240212,12:15:02,0.55,50,320450
20240212,12:15:40,0.55,50,320450
20240212,12:15:42,0.5,50,320450
20240212,12:15:47,0.5,50,320450
20240212,12:16:29,0.5,1000,320450
20240212,12:16:44,0.5,50,319250
20240212,12:17:00,0.5,50,319250
20240212,12:17:08,0.55,1000,319250
20240212,12:17:56,0.55,750,319250
20240212,12:18:00,0.5,50,319250
20240212,12:19:03,0.55,350,319100
20240212,12:19:08,0.5,100,319100
20240212,12:19:18,0.5,7500,319100
20240212,12:19:58,0.45,100,319100
20240212,12:20:02,0.5,50,319100
20240212,12:20:14,0.5,250,319100
20240212,12:20:29,0.5,250,319100
20240212,12:21:10,0.45,500,319100
20240212,12:21:16,0.5,50,319100
20240212,12:21:49,0.45,50,319100
20240212,12:23:48,0.5,200,319100
20240212,12:24:03,0.5,400,317150
20240212,12:24:23,0.45,50,317150
20240212,12:24:53,0.5,50,317150
20240212,12:25:18,0.5,50,317300
20240212,12:25:37,0.5,500,317300
20240212,12:26:21,0.5,50,317300
20240212,12:26:42,0.5,50,317300
20240212,12:26:57,0.45,50,317300
20240212,12:27:43,0.45,50,317300
20240212,12:27:58,0.5,100,317300
20240212,12:28:23,0.5,50,317300
20240212,12:28:24,0.45,100,317300
20240212,12:28:37,0.45,50,317300
20240212,12:29:09,0.5,50,317300
20240212,12:29:14,0.5,100,317300
20240212,12:29:19,0.5,100,317300
20240212,12:29:26,0.5,50,317300
20240212,12:29:50,0.5,200,317300
20240212,12:30:09,0.45,200,317300
20240212,12:30:21,0.5,200,317300
20240212,12:31:38,0.45,50,317300
20240212,12:32:13,0.5,50,317200
20240212,12:32:15,0.5,7200,317200
20240212,12:32:16,0.5,1800,317200
20240212,12:32:30,0.45,50,317200
20240212,12:32:57,0.5,1800,317200
20240212,12:33:13,0.5,1800,317200
20240212,12:33:13,0.5,1750,317200
20240212,12:33:16,0.45,100,317200
20240212,12:33:45,0.5,150,317200
20240212,12:33:52,0.5,250,317200
20240212,12:34:52,0.5,50,321650
20240212,12:35:56,0.5,150,321650
20240212,12:36:04,0.5,1400,321650
20240212,12:36:15,0.5,100,321650
20240212,12:36:18,0.5,100,321650
20240212,12:36:49,0.5,50,321650
20240212,12:36:50,0.5,200,321650
20240212,12:37:08,0.5,1800,320250
20240212,12:37:28,0.5,50,320250
20240212,12:37:30,0.5,50,320250
20240212,12:37:35,0.5,1800,320250
20240212,12:37:38,0.5,50,320250
20240212,12:37:39,0.5,100,320250
20240212,12:38:59,0.5,1800,320250
20240212,12:39:13,0.5,50,320250
20240212,12:39:40,0.5,5300,320250
20240212,12:39:45,0.5,50,320250
20240212,12:39:59,0.5,50,321000
20240212,12:42:19,0.5,50,321000
20240212,12:42:29,0.5,50,321000
20240212,12:42:52,0.5,50,321000
20240212,12:43:57,0.55,100,321000
20240212,12:44:31,0.5,50,321000
20240212,12:45:04,0.5,1800,321000
20240212,12:45:29,0.55,50,321000
20240212,12:46:00,0.5,1500,321000
20240212,12:47:28,0.5,250,318900
20240212,12:48:37,0.55,50,318900
20240212,12:49:26,0.55,1000,317900
20240212,12:51:45,0.5,250,317900
20240212,12:51:54,0.55,50,317900
20240212,12:54:00,0.5,50,317900
20240212,12:54:11,0.55,50,317850
20240212,12:55:08,0.55,450,317800
20240212,12:55:27,0.55,1000,317800
20240212,12:55:28,0.5,550,317800
20240212,12:55:49,0.5,250,317800
20240212,12:57:24,0.5,500,317800
20240212,12:57:32,0.5,50,317800
20240212,12:58:01,0.5,500,317800
20240212,12:58:02,0.5,50,318400
20240212,12:58:48,0.55,50,318400
20240212,12:59:28,0.5,200,318400
20240212,12:59:46,0.5,1000,318400
20240212,13:00:20,0.55,50,318400
20240212,13:00:45,0.5,100,318400
20240212,13:00:46,0.5,500,318400
20240212,13:00:47,0.5,200,318400
20240212,13:00:53,0.55,100,318400
20240212,13:01:03,0.45,700,318600
20240212,13:01:39,0.5,1000,318600
20240212,13:01:41,0.5,50,318600
20240212,13:01:42,0.5,50,318600
20240212,13:02:08,0.5,150,318600
20240212,13:02:12,0.5,1800,318600
20240212,13:02:44,0.55,5200,318600
20240212,13:03:10,0.5,50,318600
20240212,13:03:14,0.5,50,318600
20240212,13:03:15,0.5,250,318600
20240212,13:03:17,0.55,50,318600
20240212,13:03:18,0.5,250,318600
20240212,13:03:57,0.5,1800,318600
20240212,13:03:59,0.55,50,318600
20240212,13:04:03,0.55,50,325200
20240212,13:04:05,0.45,50,325200
20240212,13:04:06,0.5,250,325200
20240212,13:04:09,0.55,250,325200
20240212,13:04:39,0.55,750,325200
20240212,13:05:10,0.45,50,325200
20240212,13:05:22,0.5,100,325200
20240212,13:05:32,0.5,50,325200
20240212,13:05:33,0.5,1400,325200
20240212,13:05:34,0.5,150,325200
20240212,13:05:35,0.5,100,325200
20240212,13:05:39,0.55,500,325200
20240212,13:05:44,0.45,250,325200
20240212,13:06:03,0.45,100,325200
20240212,13:06:04,0.45,100,325200
20240212,13:06:25,0.5,750,325200
20240212,13:06:26,0.5,550,325200
20240212,13:07:16,0.5,2650,325300
20240212,13:07:17,0.5,2400,325300
20240212,13:07:34,0.5,50,325300
20240212,13:07:42,0.5,350,325300
20240212,13:07:52,0.5,150,325300
20240212,13:08:19,0.45,1700,325300
20240212,13:08:20,0.45,50,325300
20240212,13:08:22,0.45,100,325300
20240212,13:09:51,0.45,50,325300
20240212,13:09:56,0.45,50,325300
20240212,13:10:28,0.5,50,328900
20240212,13:10:38,0.5,5450,328900
20240212,13:10:48,0.5,400,328900
20240212,13:11:00,0.5,100,328900
20240212,13:11:02,0.55,50,328900
20240212,13:11:27,0.5,3600,328900
20240212,13:12:14,0.45,50,328900
20240212,13:12:43,0.55,100,328900
20240212,13:14:05,0.5,2500,328900
20240212,13:14:17,0.5,600,328900
20240212,13:14:33,0.55,100,328900
20240212,13:14:43,0.5,2650,328900
20240212,13:14:59,0.5,50,328900
20240212,13:15:01,0.5,50,328900
20240212,13:15:15,0.45,1800,328900
20240212,13:17:25,0.5,50,331300
20240212,13:17:32,0.5,9000,331300
20240212,13:17:44,0.5,50,331300
20240212,13:18:43,0.5,7850,331300
20240212,13:18:44,0.5,200,331300
20240212,13:18:45,0.5,150,331300
20240212,13:18:51,0.5,100,331300
20240212,13:18:52,0.5,550,331300
20240212,13:19:01,0.5,1600,331300
20240212,13:21:24,0.5,50,334650
20240212,13:22:10,0.5,12400,334650
20240212,13:22:30,0.5,250,334650
20240212,13:23:10,0.55,50,334650
20240212,13:23:27,0.5,50,334650
20240212,13:24:52,0.5,50,334650
20240212,13:26:46,0.5,50,331600
20240212,13:28:03,0.5,1800,331600
20240212,13:28:13,0.5,1800,331550
20240212,13:28:24,0.5,100,331550
20240212,13:31:27,0.5,50,331550
20240212,13:31:54,0.45,200,331550
20240212,13:32:10,0.5,50,331550
20240212,13:33:16,0.5,250,331550
20240212,13:33:17,0.5,250,331550
20240212,13:33:54,0.5,1000,331550
20240212,13:34:43,0.5,1800,331550
20240212,13:34:44,0.5,3600,331300
20240212,13:34:45,0.5,600,331300
20240212,13:35:11,0.5,1600,331300
20240212,13:35:18,0.5,4200,331300
20240212,13:35:49,0.5,50,331300
20240212,13:36:52,0.55,50,331300
20240212,13:38:47,0.55,250,331300
20240212,13:39:12,0.5,50,336000
20240212,13:40:14,0.5,1000,336000
20240212,13:41:14,0.5,400,336000
20240212,13:43:48,0.55,50,336000
20240212,13:43:57,0.55,50,336000
20240212,13:45:15,0.55,700,336000
20240212,13:45:22,0.5,1800,336000
20240212,13:45:23,0.5,100,336000
20240212,13:47:25,0.5,50,333800
20240212,13:47:26,0.55,500,333800
20240212,13:48:13,0.55,300,333800
20240212,13:48:37,0.55,50,333800
20240212,13:48:42,0.55,200,333800
20240212,13:49:38,0.5,500,333750
20240212,13:50:13,0.5,850,333750
20240212,13:50:41,0.55,150,333750
20240212,13:51:55,0.55,50,333750
20240212,13:52:45,0.5,50,333750
20240212,13:52:58,0.5,100,332700
20240212,13:53:39,0.5,1200,332700
20240212,13:53:45,0.5,1350,332700
20240212,13:53:50,0.5,1000,332700
20240212,13:54:57,0.55,50,332700
20240212,13:55:05,0.5,500,332700
20240212,13:55:19,0.55,50,331300
20240212,13:55:21,0.5,50,331300
20240212,13:55:32,0.5,700,331300
20240212,13:55:33,0.5,100,331300
20240212,13:56:45,0.5,50,331300
20240212,13:56:54,0.55,50,331300
20240212,13:57:21,0.5,7000,331300
20240212,13:57:29,0.55,250,331300
20240212,13:58:14,0.5,50,331300
20240212,13:58:35,0.5,50,331300
20240212,14:01:36,0.5,50,331300
20240212,14:02:44,0.5,500,331300
20240212,14:02:52,0.55,50,331300
20240212,14:03:53,0.5,100,331300
20240212,14:04:46,0.5,50,331300
20240212,14:05:10,0.55,1000,331300
20240212,14:05:19,0.55,50,331300
20240212,14:05:42,0.5,50,331300
20240212,14:08:38,0.55,50,331300
20240212,14:10:01,0.5,1000,331300
20240212,14:13:11,0.5,50,331300
20240212,14:13:21,0.5,150,331300
20240212,14:13:44,0.55,50,331300
20240212,14:13:56,0.5,100,331300
20240212,14:13:57,0.5,50,331300
20240212,14:14:29,0.5,100,331300
20240212,14:15:04,0.5,200,331300
20240212,14:16:57,0.55,200,331300
20240212,14:18:14,0.55,50,331300
20240212,14:19:41,0.55,200,331100
20240212,14:22:17,0.55,50,330900
20240212,14:24:14,0.55,400,330900
20240212,14:24:28,0.55,50,330900
20240212,14:24:53,0.5,50,330900
20240212,14:26:46,0.55,400,330900
20240212,14:27:54,0.5,50,330900
20240212,14:29:10,0.55,50,330900
20240212,14:30:17,0.55,50,330900
20240212,14:31:09,0.5,50,330900
20240212,14:32:19,0.5,50,330900
20240212,14:33:27,0.5,3600,330900
20240212,14:33:35,0.5,150,330900
20240212,14:34:11,0.5,1700,330900
20240212,14:34:13,0.5,1150,330900
20240212,14:34:38,0.5,16200,330900
20240212,14:34:41,0.5,11300,336200
20240212,14:35:16,0.5,100,336200
20240212,14:35:26,0.5,50,336200
20240212,14:35:39,0.5,50,336200
20240212,14:35:41,0.5,50,336200
20240212,14:35:46,0.45,50,336200
20240212,14:35:50,0.5,50,336200
20240212,14:35:52,0.5,50,336200
20240212,14:35:57,0.45,50,336200
20240212,14:36:02,0.5,100,336200
20240212,14:36:07,0.45,50,336200
20240212,14:36:12,0.5,50,336200
20240212,14:36:18,0.45,50,336200
20240212,14:36:23,0.5,50,336200
20240212,14:36:28,0.45,50,336200
20240212,14:36:42,0.45,50,336200
20240212,14:36:43,0.5,50,336200
20240212,14:37:49,0.45,650,336200
20240212,14:39:52,0.45,50,337350
20240212,14:39:58,0.5,100,337350
20240212,14:40:39,0.45,100,337350
20240212,14:41:47,0.45,3600,337350
20240212,14:42:32,0.45,50,337350
20240212,14:42:49,0.5,50,337350
20240212,14:42:56,0.45,400,337350
20240212,14:42:59,0.45,50,337350
20240212,14:43:05,0.5,50,337350
20240212,14:43:10,0.45,50,337350
20240212,14:43:15,0.45,50,337350
20240212,14:43:16,0.5,50,340950
20240212,14:43:21,0.45,50,340950
20240212,14:43:27,0.5,50,340950
20240212,14:43:33,0.45,50,340950
20240212,14:43:38,0.5,50,340950
20240212,14:43:42,0.45,50,340950
20240212,14:45:15,0.5,1800,340950
20240212,14:45:19,0.5,600,340950
20240212,14:46:04,0.45,400,340950
20240212,14:47:14,0.5,1000,340950
20240212,14:49:54,0.5,900,340950
20240212,14:50:15,0.5,150,340950
20240212,14:51:00,0.5,50,340950
20240212,14:52:53,0.45,550,340950
20240212,14:54:43,0.45,250,340950
20240212,14:55:25,0.45,50,341500
20240212,14:59:51,0.45,50,341500
20240212,14:59:54,0.45,50,341500
20240212,15:00:02,0.45,250,341500
20240212,15:02:04,0.45,2800,341750
20240212,15:05:01,0.5,50,341750
20240212,15:06:11,0.5,250,341750
20240212,15:07:00,0.45,250,341750
20240212,15:07:44,0.45,50,341750
20240212,15:08:26,0.5,250,341750
20240212,15:09:36,0.45,50,341750
20240212,15:09:39,0.5,50,341750
20240212,15:10:24,0.45,250,341750
20240212,15:10:40,0.45,300,341750
20240212,15:10:56,0.45,50,341750
20240212,15:11:06,0.45,250,341750
20240212,15:11:07,0.5,50,341750
20240212,15:11:12,0.45,50,341750
20240212,15:11:18,0.45,250,341750
20240212,15:11:20,0.45,50,341750
20240212,15:11:28,0.45,250,341750
20240212,15:11:49,0.45,50,341750
20240212,15:11:51,0.5,550,341750
20240212,15:12:28,0.45,250,341750
20240212,15:12:29,0.45,1800,341750
20240212,15:12:34,0.45,50,341750
20240212,15:12:54,0.45,300,341750
20240212,15:12:59,0.45,550,341750
20240212,15:13:15,0.45,250,341750
20240212,15:13:43,0.45,50,345600
20240212,15:14:30,0.45,500,345600
20240212,15:14:35,0.45,1800,345600
20240212,15:15:08,0.45,50,345600
20240212,15:15:45,0.45,250,345600
20240212,15:15:51,0.45,250,345600
20240212,15:16:00,0.45,250,345600
20240212,15:16:49,0.45,300,348150
20240212,15:17:08,0.45,600,348150
20240212,15:17:26,0.45,650,348150
20240212,15:17:29,0.45,600,348150
20240212,15:17:55,0.45,250,348150
20240212,15:18:25,0.45,5400,348150
20240212,15:18:27,0.45,50,348150
20240212,15:18:49,0.45,500,348150
20240212,15:18:50,0.45,400,348150
20240212,15:19:01,0.45,550,348150
20240212,15:19:25,0.45,300,348150
20240212,15:19:42,0.45,150,356350
20240212,15:20:17,0.45,9000,356350
20240212,15:21:13,0.45,50,356350
20240212,15:21:38,0.5,50,356350
20240212,15:22:16,0.45,50,356350
20240212,15:22:19,0.45,300,356350
20240212,15:22:25,0.45,50,356650
20240212,15:22:26,0.45,1000,356650
20240212,15:22:27,0.45,50,356650
20240212,15:22:28,0.45,50,356650
20240212,15:22:29,0.45,50,356650
20240212,15:23:17,0.45,500,356650
20240212,15:24:34,0.45,500,356650
20240212,15:24:41,0.45,400,356650
20240212,15:24:44,0.45,300,356650
20240212,15:24:48,0.45,1800,356650
20240212,15:24:52,0.45,950,356650
20240212,15:25:37,0.5,50,356650
20240212,15:26:01,0.45,50,356650
20240212,15:26:14,0.5,1800,356650
20240212,15:27:53,0.45,200,356650
20240212,15:28:30,0.45,8150,356650
20240212,15:28:36,0.45,100,356650
20240212,15:28:37,0.45,100,356650
20240212,15:28:39,0.45,100,356650
20240212,15:28:41,0.45,50,356650
20240212,15:28:45,0.45,1150,356650
20240212,15:28:58,0.45,1800,356650
20240212,15:28:59,0.45,1800,356650
20240212,15:29:00,0.45,1800,356650
20240212,15:29:01,0.45,1800,356650
20240212,15:29:28,0.45,50,356650
20240212,15:29:38,0.45,50,356650
20240212,15:29:46,0.45,650,356650
20240212,15:29:47,0.45,3050,356650
20240213,09:15:01,0.8,1,356650
20240213,09:15:01,0.8,50,356650
20240213,09:15:02,0.55,50,356650
20240213,09:15:03,0.5,3600,356650
20240213,09:15:13,0.5,150,356650
20240213,09:15:22,0.5,7600,356650
20240213,09:15:26,0.55,50,356650
20240213,09:15:27,0.5,2500,356650
20240213,09:15:33,0.5,50,356650
20240213,09:15:37,0.5,50,356650
20240213,09:15:38,0.5,250,356650
20240213,09:15:42,0.5,3600,356650
20240213,09:15:42,0.55,1400,356650
20240213,09:15:46,0.55,100,356650
20240213,09:15:47,0.55,100,356650
20240213,09:15:48,0.55,50,356650
20240213,09:15:50,0.55,50,356650
20240213,09:15:52,0.5,50,356650
20240213,09:15:53,0.5,200,356650
20240213,09:15:54,0.5,50,356650
20240213,09:15:56,0.55,50,356650
20240213,09:15:58,0.5,50,356650
20240213,09:15:59,0.5,50,356650
20240213,09:16:02,0.5,50,356650
20240213,09:16:04,0.55,50,356650
20240213,09:16:07,0.5,50,356650
20240213,09:16:09,0.55,50,356650
20240213,09:16:13,0.55,50,356650
20240213,09:16:14,0.55,50,356650
20240213,09:16:15,0.55,50,356650
20240213,09:16:18,0.55,350,356650
20240213,09:16:22,0.55,500,356650
20240213,09:16:25,0.55,50,356650
20240213,09:16:27,0.55,50,356650
20240213,09:16:40,0.55,1800,356650
20240213,09:16:41,0.55,650,356650
20240213,09:16:43,0.55,50,356650
20240213,09:16:45,0.55,50,356650
20240213,09:16:48,0.55,5450,356650
20240213,09:16:50,0.5,400,356650
20240213,09:16:51,0.5,50,356650
20240213,09:17:03,0.5,300,356650
20240213,09:17:07,0.5,50,356650
20240213,09:17:13,0.5,1800,356650
20240213,09:17:13,0.5,700,356650
20240213,09:17:18,0.5,250,356650
20240213,09:17:22,0.5,250,356650
20240213,09:17:25,0.5,250,356650
20240213,09:17:28,0.5,50,356650
20240213,09:17:29,0.5,100,356650
20240213,09:17:30,0.5,300,356650
20240213,09:17:39,0.5,50,356650
20240213,09:17:41,0.45,50,356650
20240213,09:17:45,0.5,50,356650
20240213,09:17:48,0.5,50,356650
20240213,09:17:54,0.5,50,356650
20240213,09:17:56,0.5,50,356650
20240213,09:17:57,0.5,200,356650
20240213,09:18:03,0.45,50,356650
20240213,09:18:07,0.5,50,356650
20240213,09:18:09,0.45,3600,356650
20240213,09:18:09,0.5,150,356650
20240213,09:18:11,0.5,1500,356650
20240213,09:18:20,0.45,50,356650
20240213,09:18:21,0.5,50,356650
20240213,09:18:27,0.5,500,356650
20240213,09:18:30,0.5,50,359550
20240213,09:18:34,0.5,50,359550
20240213,09:18:42,0.5,50,359550
20240213,09:18:51,0.5,5400,359550
20240213,09:18:52,0.55,2550,359550
20240213,09:18:53,0.45,450,359550
20240213,09:18:55,0.45,50,359550
20240213,09:18:58,0.55,300,359550
20240213,09:19:06,0.45,9000,359550
20240213,09:19:08,0.5,1250,359550
20240213,09:19:13,0.45,1850,359550
20240213,09:19:17,0.5,50,359550
20240213,09:19:20,0.5,50,359550
20240213,09:19:25,0.5,50,359550
20240213,09:19:28,0.5,200,359550
20240213,09:19:33,0.5,50,359550
20240213,09:19:40,0.5,50,359550
20240213,09:19:44,0.5,550,359550
20240213,09:19:45,0.5,1800,359550
20240213,09:19:50,0.55,1500,359550
20240213,09:19:54,0.55,50,359550
20240213,09:20:07,0.55,50,359550
20240213,09:20:13,0.5,500,359550
20240213,09:20:29,0.55,650,359550
20240213,09:20:31,0.55,250,359550
20240213,09:20:32,0.55,400,359550
20240213,09:20:33,0.5,50,359550
20240213,09:20:38,0.55,350,359550
20240213,09:20:39,0.55,50,359550
20240213,09:20:40,0.55,50,359550
20240213,09:20:45,0.5,100,359550
20240213,09:20:46,0.55,1250,359550
