date,time,tick_price,volume,open_interest
20231027,09:24:13,584.75,50,300
20231027,09:25:09,598.0,50,300
20231027,09:25:40,598.0,50,300
20231027,09:25:56,590.4,50,300
20231027,09:26:09,598.4,100,300
20231027,09:26:14,598.4,50,300
20231027,09:26:57,591.7,150,300
20231027,09:27:00,589.75,50,300
20231027,09:27:12,589.9,300,300
20231027,09:27:31,589.7,50,300
20231027,09:27:56,584.95,50,300
20231027,09:28:03,582.9,50,300
20231027,09:28:10,582.9,50,300
20231027,09:28:36,584.65,100,300
20231027,09:28:42,584.4,50,300
20231027,09:29:20,583.55,100,1200
20231027,09:30:33,583.05,50,1200
20231027,09:31:05,583.05,50,1200
20231027,09:31:18,583.05,50,1200
20231027,09:32:23,586.55,150,1450
20231027,09:32:30,588.3,450,1450
20231027,09:33:55,586.1,50,1450
20231027,09:34:02,589.0,150,1450
20231027,09:34:09,589.0,150,1450
20231027,09:35:54,589.0,200,2400
20231027,09:36:01,589.0,200,2400
20231027,09:36:08,587.05,50,2400
20231027,09:36:42,589.0,50,2400
20231027,09:36:49,589.0,550,2400
20231027,09:36:55,589.0,600,2400
20231027,09:37:02,618.9,250,2400
20231027,09:37:41,618.9,50,2400
20231027,09:38:34,595.0,200,4250
20231027,09:39:00,590.0,50,4250
20231027,09:40:59,604.0,200,4250
20231027,09:42:03,590.75,50,4650
20231027,09:42:10,590.0,50,4650
20231027,09:42:23,590.0,100,4650
20231027,09:43:30,590.05,100,4650
20231027,09:44:16,590.0,50,4650
20231027,09:44:28,590.95,50,5000
20231027,09:44:35,590.0,100,5000
20231027,09:44:41,590.0,500,5000
20231027,09:44:48,590.0,50,5000
20231027,09:45:47,590.45,100,5000
20231027,09:46:18,590.55,50,5000
20231027,09:46:50,590.0,300,5000
20231027,09:47:09,590.05,50,5000
20231027,09:48:48,608.0,50,5750
20231027,09:48:55,606.1,50,5750
20231027,09:50:33,606.95,150,5800
20231027,09:50:53,607.0,100,5800
20231027,09:51:06,607.0,50,5800
20231027,09:52:20,607.0,50,5800
20231027,09:57:03,604.65,50,6050
20231027,09:57:29,607.0,600,6050
20231027,09:57:42,607.0,200,6050
20231027,09:58:01,601.15,50,6050
20231027,09:58:53,605.0,50,6050
20231027,09:59:32,605.0,100,7000
20231027,10:01:23,603.15,50,7000
20231027,10:01:36,600.0,550,7000
20231027,10:01:43,603.05,50,7000
20231027,10:01:49,603.0,50,7000
20231027,10:01:56,603.45,200,7000
20231027,10:02:47,607.0,300,8000
20231027,10:02:54,607.0,200,8000
20231027,10:03:01,610.0,650,8000
20231027,10:03:14,610.4,50,8000
20231027,10:03:21,610.4,50,8000
20231027,10:03:54,610.45,50,8000
20231027,10:04:32,616.0,600,8000
20231027,10:07:02,609.95,50,9050
20231027,10:07:08,610.0,300,9050
20231027,10:11:01,610.05,50,9350
20231027,10:11:03,611.3,50,9350
20231027,10:11:22,610.0,150,9400
20231027,10:12:27,610.0,100,9400
20231027,10:16:40,596.6,100,9550
20231027,10:17:33,595.0,50,9650
20231027,10:18:12,597.15,350,9650
20231027,10:19:11,595.25,50,9650
20231027,10:21:19,601.45,150,9700
20231027,10:23:22,590.0,50,9700
20231027,10:23:44,587.05,50,9800
20231027,10:24:13,587.1,300,9800
20231027,10:24:21,587.9,50,9800
20231027,10:24:29,586.45,100,9800
20231027,10:24:36,587.9,50,9800
20231027,10:25:10,587.35,50,9800
20231027,10:26:03,585.1,100,9800
20231027,10:26:10,585.15,350,9800
20231027,10:26:44,587.95,50,10500
20231027,10:27:04,588.2,50,10500
20231027,10:27:30,592.0,50,10500
20231027,10:28:21,599.55,50,10500
20231027,10:28:46,599.25,50,10500
20231027,10:29:11,600.35,50,10500
20231027,10:29:50,596.85,150,10600
20231027,10:30:21,591.8,50,10600
20231027,10:30:40,596.45,100,10600
20231027,10:31:19,593.2,50,10600
20231027,10:31:56,593.0,100,10600
20231027,10:32:09,595.2,50,10600
20231027,10:32:41,596.6,50,10700
20231027,10:32:47,600.9,50,10700
20231027,10:35:06,601.7,50,10700
20231027,10:35:19,601.7,50,10700
20231027,10:36:07,602.2,100,10900
20231027,10:36:19,602.2,50,10900
20231027,10:36:49,602.25,50,10900
20231027,10:37:07,602.25,50,10900
20231027,10:39:29,604.85,50,10900
20231027,10:47:09,596.85,50,10900
20231027,10:47:15,601.1,50,10900
20231027,10:48:26,600.0,50,10850
20231027,10:48:32,601.85,50,10850
20231027,10:48:39,600.0,200,10850
20231027,10:48:52,603.35,50,10850
20231027,10:49:30,609.0,100,10850
20231027,10:54:38,602.45,150,11150
20231027,10:56:00,602.15,50,11150
20231027,10:56:12,604.9,50,11150
20231027,10:56:17,604.5,50,11150
20231027,10:58:28,605.75,100,11350
20231027,10:59:55,607.1,50,11350
20231027,11:00:38,605.7,100,11350
20231027,11:00:39,609.95,50,11350
20231027,11:06:32,606.75,50,11450
20231027,11:06:56,609.0,50,11450
20231027,11:07:02,611.35,100,11450
20231027,11:08:07,611.25,100,11450
20231027,11:08:25,603.8,50,11450
20231027,11:09:18,608.8,50,11400
20231027,11:09:59,605.05,50,11400
20231027,11:10:08,604.95,50,11400
20231027,11:10:16,604.65,50,11400
20231027,11:12:46,602.6,50,11350
20231027,11:20:32,606.3,50,11400
20231027,11:22:42,605.65,50,11400
20231027,11:22:46,606.05,50,11400
20231027,11:22:48,606.65,50,11400
20231027,11:23:46,607.75,50,11600
20231027,11:23:49,608.85,100,11600
20231027,11:24:27,611.45,100,11600
20231027,11:24:55,620.0,50,11600
20231027,11:29:10,620.0,50,11900
20231027,11:30:07,617.15,50,11950
20231027,11:30:38,617.15,50,11950
20231027,11:31:25,617.0,100,11950
20231027,11:31:38,618.2,50,11950
20231027,11:32:15,618.2,50,11950
20231027,11:33:16,623.45,50,12250
20231027,11:33:17,623.45,50,12250
20231027,11:33:34,624.45,50,12250
20231027,11:33:48,624.45,50,12250
20231027,11:34:03,621.75,50,12250
20231027,11:34:19,621.7,50,12250
20231027,11:37:44,623.0,50,12200
20231027,11:38:41,624.5,50,12150
20231027,11:39:56,624.5,50,12150
20231027,11:42:20,620.0,50,12200
20231027,11:45:06,618.1,50,12250
20231027,11:52:17,623.55,50,12250
20231027,11:52:23,623.9,50,12250
20231027,11:52:34,624.3,50,12250
20231027,11:52:51,623.0,150,12250
20231027,11:53:02,624.3,150,12250
20231027,11:54:08,623.3,50,12300
20231027,11:54:30,625.0,100,12300
20231027,11:55:11,625.0,50,12300
20231027,11:56:49,625.0,150,12250
20231027,11:56:55,630.6,50,12250
20231027,11:59:28,630.6,150,12250
20231027,12:01:33,630.0,50,12500
20231027,12:04:15,631.4,50,12550
20231027,12:05:21,631.4,100,12550
20231027,12:05:49,630.0,50,12500
20231027,12:06:55,631.35,100,12500
20231027,12:07:06,632.0,50,12500
20231027,12:07:40,633.0,200,12500
20231027,12:10:45,633.0,50,12900
20231027,12:18:35,625.6,50,12900
20231027,12:21:33,621.0,100,12850
20231027,12:21:41,621.0,50,12850
20231027,12:22:34,623.5,150,12850
20231027,12:25:23,623.0,50,13100
20231027,12:25:25,623.0,100,13100
20231027,12:25:31,623.0,150,13100
20231027,12:27:48,623.0,50,13400
20231027,12:29:05,620.6,100,13400
20231027,12:29:12,620.0,50,13400
20231027,12:46:25,620.0,50,13500
20231027,13:00:07,614.0,50,13500
20231027,13:07:08,615.0,50,13500
20231027,13:19:47,624.85,50,13500
20231027,13:26:20,621.0,50,13500
20231027,13:30:25,619.2,50,13500
20231027,13:33:38,629.95,50,13550
20231027,13:34:47,625.9,50,13550
20231027,13:46:11,630.0,150,13550
20231027,13:46:43,634.95,50,13550
20231027,13:47:09,634.95,50,13550
20231027,13:52:11,634.95,50,13800
20231027,13:52:23,634.95,50,13800
20231027,13:52:30,634.95,150,13800
20231027,13:52:36,634.95,50,13800
20231027,13:52:42,635.0,350,13800
20231027,13:59:29,638.0,100,14350
20231027,14:06:21,638.0,50,14450
20231027,14:16:00,633.0,100,14500
20231027,14:27:38,630.3,100,14600
20231027,14:38:55,637.75,50,14650
20231027,14:47:07,636.0,250,14700
20231027,14:48:22,635.0,250,14700
20231027,14:48:23,635.0,150,14700
20231027,14:48:28,635.0,100,14700
20231027,15:00:30,632.0,50,14700
20231027,15:05:10,624.6,100,14700
20231027,15:12:24,623.0,50,14750
20231027,15:12:42,623.0,50,14750
20231027,15:13:02,623.0,50,14750
20231027,15:14:09,623.0,50,14750
20231027,15:14:15,624.0,50,14750
20231027,15:15:58,628.25,50,14900
20231027,15:16:09,627.8,50,14900
20231027,15:16:19,628.25,50,14900
20231027,15:16:51,628.75,100,14900
20231027,15:18:28,628.3,50,14950
20231027,15:20:35,623.0,300,14950
20231027,15:25:38,630.8,100,15200
20231027,15:25:56,633.8,50,15200
20231027,15:25:58,634.1,150,15200
20231027,15:26:04,631.0,200,15200
20231027,15:28:46,633.75,50,15400
20231030,09:15:14,631.9,1,15350
20231030,09:15:14,632.45,1,15350
20231030,09:15:14,631.9,850,15350
20231030,09:15:16,634.25,200,15350
20231030,09:15:17,634.25,150,15350
20231030,09:15:19,631.65,200,15350
20231030,09:15:20,630.8,350,15350
20231030,09:15:21,629.95,50,15350
20231030,09:15:23,627.85,50,15350
20231030,09:15:26,623.3,200,15350
20231030,09:15:27,621.55,250,15350
20231030,09:15:28,617.85,200,15350
20231030,09:15:29,617.05,50,15350
20231030,09:16:35,597.0,50,15350
20231030,09:17:29,592.9,50,16950
20231030,09:18:09,592.9,1250,16950
20231030,09:18:11,603.95,300,16950
20231030,09:18:12,603.8,100,16950
20231030,09:18:15,603.3,50,16950
20231030,09:18:42,600.0,50,16950
20231030,09:18:57,600.0,50,16950
20231030,09:18:58,600.0,50,16950
20231030,09:19:11,603.3,50,16950
20231030,09:19:17,605.3,100,16950
20231030,09:19:26,606.7,50,16950
20231030,09:20:33,615.0,100,18350
20231030,09:20:37,615.0,50,18350
20231030,09:24:02,601.2,100,18450
20231030,09:24:51,600.0,150,18450
20231030,09:27:55,600.0,50,18450
20231030,09:27:56,600.0,50,18300
20231030,09:28:48,599.75,50,18300
20231030,09:29:01,603.1,150,18300
20231030,09:29:08,608.0,150,18300
20231030,09:29:11,608.0,150,18300
20231030,09:30:24,594.0,50,18350
20231030,09:35:58,573.75,50,18350
20231030,09:38:16,573.75,50,18350
20231030,09:39:52,578.2,50,18450
20231030,09:39:59,578.2,50,18450
20231030,09:40:06,581.0,400,18450
20231030,09:42:50,578.0,50,18350
20231030,09:44:11,570.0,50,18350
20231030,09:45:22,568.0,100,18450
20231030,09:49:16,568.0,500,18550
20231030,09:54:32,574.0,100,18550
20231030,09:55:27,574.0,400,18550
20231030,10:02:57,580.0,200,18550
20231030,10:02:58,580.0,100,18950
20231030,10:03:16,577.6,50,18950
20231030,10:10:33,590.0,300,19150
20231030,10:10:40,592.8,50,19150
20231030,10:13:22,600.0,450,19150
20231030,10:14:26,600.0,50,19150
20231030,10:14:28,602.0,50,19500
20231030,10:17:33,600.0,50,19500
20231030,10:18:04,600.95,50,19500
20231030,10:18:05,602.0,50,19500
20231030,10:18:10,605.0,100,19500
20231030,10:21:38,615.0,50,19400
20231030,10:22:08,625.0,50,19400
20231030,10:26:19,619.95,50,19450
20231030,10:28:17,618.5,100,19450
20231030,10:29:17,628.0,100,19450
20231030,10:30:11,626.3,50,19400
20231030,10:30:30,626.35,50,19400
20231030,10:30:53,626.5,50,19400
20231030,10:31:47,630.8,550,19400
20231030,10:32:59,632.0,100,19350
20231030,10:34:50,632.0,50,19350
20231030,10:35:16,629.2,150,19350
20231030,10:37:15,628.0,50,19350
20231030,10:40:07,621.55,100,19350
20231030,10:41:09,622.1,50,19300
20231030,10:45:01,634.5,50,19300
20231030,10:45:21,636.95,150,19400
20231030,10:46:25,640.0,150,19400
20231030,10:46:30,640.0,100,19400
20231030,10:46:36,642.0,50,19400
20231030,10:47:00,645.0,50,19400
20231030,10:56:44,656.0,50,19400
20231030,10:56:55,656.7,50,19550
20231030,11:06:31,656.7,200,19600
20231030,11:25:23,650.0,200,19600
20231030,11:32:14,667.7,50,19800
20231030,11:32:23,670.8,100,19800
20231030,11:32:41,670.8,50,19850
20231030,11:43:43,666.0,50,19850
20231030,11:44:03,662.0,100,19850
20231030,11:45:50,666.0,300,19850
20231030,11:47:13,662.0,50,19950
20231030,11:57:45,665.55,250,20150
20231030,11:57:46,665.55,100,20150
20231030,12:00:40,674.15,50,20150
20231030,12:03:11,674.15,50,20150
20231030,12:03:40,679.2,50,20100
20231030,12:09:44,679.2,50,20100
20231030,12:14:44,664.05,50,20100
20231030,12:18:56,652.55,50,20150
20231030,12:20:46,653.0,100,20150
20231030,12:20:53,652.65,50,20250
20231030,12:24:04,663.0,50,20250
20231030,12:24:40,665.0,100,20250
20231030,12:26:15,670.0,50,20250
20231030,12:31:32,664.15,50,20300
20231030,12:34:06,652.0,250,20350
20231030,12:39:04,667.0,100,20600
20231030,12:41:50,664.95,50,20600
20231030,12:42:51,666.1,50,20600
20231030,12:46:42,666.1,500,20700
20231030,12:46:48,673.6,50,20700
20231030,12:54:03,675.0,100,20650
20231030,12:54:09,675.0,50,20650
20231030,12:54:16,675.0,50,20650
20231030,13:03:25,674.85,100,20650
20231030,13:23:08,680.2,50,20600
20231030,13:23:14,683.7,50,20600
20231030,13:32:36,686.05,50,20650
20231030,13:32:37,686.05,50,20650
20231030,13:38:10,680.0,50,20700
20231030,13:47:50,680.05,50,20750
20231030,13:49:30,680.0,50,20750
20231030,14:09:31,670.0,50,20800
20231030,14:09:53,669.75,250,20800
20231030,14:09:56,669.95,250,20800
20231030,14:11:27,671.3,200,20800
20231030,14:11:34,671.15,150,20800
20231030,14:13:17,667.0,150,20850
20231030,14:13:20,667.0,50,20850
20231030,14:13:40,667.15,50,20850
20231030,14:14:41,670.0,50,20850
20231030,14:14:44,670.0,100,20850
20231030,14:14:46,670.0,50,20850
20231030,14:16:28,669.35,100,20850
20231030,14:24:48,667.0,50,20850
20231030,14:30:25,667.0,50,20850
20231030,14:31:48,662.75,100,20850
20231030,14:37:17,673.0,50,20850
20231030,14:37:18,673.0,50,20850
20231030,14:42:38,672.0,50,20900
20231030,14:52:09,678.0,50,20900
20231030,14:57:20,672.0,600,20900
20231030,14:57:21,672.0,100,20900
20231030,14:59:22,673.95,100,20900
20231030,15:00:29,678.0,50,20900
20231030,15:04:03,684.0,50,20900
20231030,15:04:09,685.6,50,20900
20231030,15:04:39,690.3,200,20900
20231030,15:06:42,690.3,50,21050
20231030,15:07:08,688.0,150,21050
20231030,15:09:06,687.0,50,21050
20231030,15:13:27,683.3,100,21000
20231030,15:13:28,683.45,100,21000
20231030,15:15:01,681.1,100,21000
20231030,15:16:27,679.0,50,21000
20231030,15:16:32,679.45,100,21000
20231030,15:17:01,679.0,50,21000
20231030,15:17:21,680.0,50,21000
20231030,15:20:39,680.1,50,20950
20231030,15:20:51,680.5,50,20950
20231030,15:20:54,680.1,50,20950
20231030,15:20:55,680.1,50,20950
20231030,15:21:51,680.85,50,20950
20231030,15:22:18,685.0,50,20950
20231030,15:27:11,687.2,50,21000
20231030,15:27:32,687.2,50,21000
20231030,15:29:17,690.0,50,21000
20231031,09:18:43,684.05,1,20950
20231031,09:18:43,684.05,200,20950
20231031,09:34:37,667.35,250,20950
20231031,09:35:27,667.35,250,20950
20231031,09:42:59,680.0,50,21200
20231031,09:44:17,674.9,50,21200
20231031,09:52:29,666.3,50,21250
20231031,09:55:23,658.0,50,21250
20231031,09:56:37,653.2,100,21250
20231031,09:59:57,653.2,50,21250
20231031,10:05:52,662.55,300,21300
20231031,10:05:58,662.6,100,21300
20231031,10:06:11,663.15,50,21300
20231031,10:06:17,660.0,50,21300
20231031,10:09:17,654.25,150,21300
20231031,10:09:24,654.25,350,21300
20231031,10:12:22,650.0,400,21350
20231031,10:12:40,650.0,600,21350
20231031,10:12:53,649.2,1100,21350
20231031,10:20:59,650.0,500,22750
20231031,10:24:18,640.9,50,22750
20231031,10:25:55,640.9,50,22750
20231031,10:26:51,650.9,50,22750
20231031,10:37:33,645.9,50,22750
20231031,10:44:42,632.9,50,22800
20231031,11:02:04,632.9,100,22850
20231031,11:07:31,651.0,100,22950
20231031,11:20:30,645.0,50,23050
20231031,11:23:30,655.0,50,23050
20231031,11:23:38,658.05,100,23050
20231031,11:28:18,649.4,100,23200
20231031,11:35:05,649.6,50,23100
20231031,11:51:53,633.45,300,23150
20231031,12:03:49,635.0,100,23450
20231031,12:07:28,640.0,50,23500
20231031,12:08:57,638.6,50,23550
20231031,12:18:52,640.55,50,23550
20231031,12:21:29,640.0,100,23600
20231031,12:23:48,643.0,50,23600
20231031,12:25:56,644.0,50,23700
20231031,12:33:01,636.05,50,23700
20231031,12:45:23,650.0,1000,23750
20231031,12:45:56,648.05,200,23750
20231031,12:46:37,645.95,100,23750
20231031,12:52:08,640.0,100,24550
20231031,12:54:44,645.0,500,24550
20231031,12:54:49,645.0,300,24550
20231031,13:05:29,641.95,300,24550
20231031,13:05:54,646.05,50,24550
20231031,13:15:27,655.0,50,24800
20231031,13:23:21,643.0,300,24800
20231031,13:24:08,641.0,200,24800
20231031,13:24:20,641.0,200,24800
20231031,13:27:10,640.9,50,24800
20231031,13:28:26,635.0,50,24800
20231031,13:30:11,660.0,400,24850
20231031,13:36:09,640.0,50,24550
20231031,13:51:53,645.75,50,24550
20231031,13:56:44,651.7,50,24600
20231031,13:59:55,650.2,50,24550
20231031,14:00:09,648.2,50,24500
20231031,14:00:42,649.55,50,24500
20231031,14:00:46,643.2,50,24500
20231031,14:01:02,650.1,50,24500
20231031,14:02:22,653.8,50,24500
20231031,14:02:25,647.2,50,24500
20231031,14:06:27,654.35,50,24450
20231031,14:06:33,654.2,100,24450
20231031,14:08:21,654.0,50,24450
20231031,14:08:34,650.8,50,24450
20231031,14:08:36,654.0,50,24450
20231031,14:10:18,649.05,100,24400
20231031,14:10:35,652.0,50,24400
20231031,14:10:36,652.0,150,24400
20231031,14:11:27,655.0,50,24400
20231031,14:11:30,652.25,50,24400
20231031,14:12:13,656.65,50,24550
20231031,14:12:14,656.55,50,24550
20231031,14:12:54,657.2,50,24550
20231031,14:13:19,656.3,50,24550
20231031,14:16:23,664.5,50,24400
20231031,14:18:51,670.0,200,24400
20231031,14:18:54,670.0,200,24400
20231031,14:19:00,670.0,200,24400
20231031,14:20:28,670.0,250,24400
20231031,14:20:31,670.0,250,24400
20231031,14:30:35,677.35,50,24400
20231031,14:30:59,680.0,100,24400
20231031,14:33:01,689.9,50,24400
20231031,14:33:02,689.9,50,24400
20231031,14:33:10,691.1,50,24500
20231031,14:33:13,691.1,50,24500
20231031,14:34:01,687.6,50,24500
20231031,14:34:33,690.25,100,24500
20231031,14:34:33,690.2,50,24500
20231031,14:34:47,690.45,50,24500
20231031,14:34:50,683.65,50,24500
20231031,14:35:15,689.35,50,24500
20231031,14:35:26,690.5,50,24500
20231031,14:35:28,681.15,50,24500
20231031,14:36:38,671.75,100,24300
20231031,14:37:07,674.85,50,24300
20231031,14:38:23,672.4,50,24300
20231031,14:43:57,677.45,100,24300
20231031,14:49:41,681.8,100,24200
20231031,14:49:51,674.4,50,24200
20231031,14:52:21,677.65,50,24200
20231031,14:52:58,671.95,50,24200
20231031,15:00:18,660.0,50,24200
20231031,15:00:24,656.35,200,24150
20231031,15:01:02,641.35,50,24150
20231031,15:01:06,641.4,100,24150
20231031,15:01:16,645.9,50,24150
20231031,15:01:23,646.25,100,24150
20231031,15:01:33,646.1,150,24150
20231031,15:02:03,641.65,100,24150
20231031,15:03:23,640.6,150,23950
20231031,15:05:40,635.45,250,23950
20231031,15:05:46,634.7,100,23950
20231031,15:06:00,630.8,50,23950
20231031,15:06:13,630.8,50,23950
20231031,15:08:46,632.45,50,23950
20231031,15:09:54,639.2,50,24000
20231031,15:13:27,647.0,50,24000
20231031,15:15:01,648.0,150,24000
20231031,15:20:09,652.9,100,23950
20231031,15:26:26,643.65,150,23950
20231031,15:26:37,645.3,50,23950
20231031,15:26:49,643.05,50,23950
20231031,15:26:55,642.25,250,23950
20231031,15:27:01,642.25,50,23950
20231031,15:27:07,644.35,50,23950
20231101,09:16:20,615.0,1,24150
20231101,09:16:20,615.0,300,24150
20231101,09:16:39,622.8,50,24150
20231101,09:18:03,648.9,750,24450
20231101,09:18:25,648.9,50,24450
20231101,09:19:36,639.0,250,24450
20231101,09:24:33,639.0,100,25350
20231101,09:25:13,633.55,250,25350
20231101,09:26:20,633.4,50,25350
20231101,09:27:06,633.35,100,25200
20231101,09:27:31,636.0,50,25200
20231101,09:27:56,636.0,50,25200
20231101,09:31:24,631.8,50,25150
20231101,09:32:20,634.05,50,25150
20231101,09:33:11,635.6,50,25150
20231101,09:33:43,642.0,50,25150
20231101,09:33:50,643.85,50,25150
20231101,09:34:22,646.35,50,25150
20231101,09:35:02,641.0,100,25150
20231101,09:46:31,627.25,50,25250
20231101,09:48:39,621.0,100,25300
20231101,09:48:45,620.2,50,25300
20231101,09:48:58,619.0,50,25300
20231101,09:51:48,618.0,50,25300
20231101,09:52:19,620.0,50,25300
20231101,09:53:52,619.35,200,25400
20231101,09:56:26,612.0,250,25400
20231101,09:56:38,610.2,50,25400
20231101,09:57:25,610.2,350,25650
20231101,09:58:03,617.05,200,25650
20231101,10:00:52,610.0,500,26250
20231101,10:01:40,607.25,250,26250
20231101,10:02:05,602.0,500,26250
20231101,10:02:47,598.15,100,26450
20231101,10:05:27,598.15,500,26450
20231101,10:08:47,605.0,300,26750
20231101,10:11:35,610.0,200,26750
20231101,10:12:57,607.0,200,27250
20231101,10:14:50,611.4,100,27450
20231101,10:20:20,624.8,50,27550
20231101,10:22:24,616.0,100,27550
20231101,10:24:39,623.25,50,27600
20231101,10:31:18,618.05,50,27600
20231101,10:32:24,618.4,50,27600
20231101,10:36:39,609.25,50,27600
20231101,10:36:44,610.15,100,27600
20231101,10:48:55,615.9,50,27650
20231101,10:51:22,623.25,50,27700
20231101,11:09:01,615.0,50,27700
20231101,11:11:31,610.0,50,27700
20231101,11:11:53,607.0,300,27750
20231101,11:12:20,610.0,250,27750
20231101,11:14:13,611.55,50,27750
20231101,11:15:03,613.0,200,27750
20231101,11:22:50,612.0,50,28350
20231101,11:25:30,612.3,50,28350
20231101,11:31:26,612.3,50,28400
20231101,11:39:01,620.5,100,28400
20231101,11:42:38,618.3,50,28400
20231101,11:42:39,617.2,50,28400
20231101,11:44:17,617.95,50,28400
20231101,11:45:13,617.95,50,28300
20231101,11:46:24,617.95,50,28300
20231101,11:52:10,612.5,50,28400
20231101,11:52:22,619.35,50,28400
20231101,12:03:47,619.35,50,28350
20231101,12:07:51,618.0,50,28350
20231101,12:10:07,624.15,50,28400
20231101,12:15:27,626.8,50,28400
20231101,12:19:10,625.2,100,28450
20231101,12:25:40,627.0,50,28550
20231101,12:26:56,623.4,50,28550
20231101,12:30:34,623.4,150,28550
20231101,12:30:37,616.8,50,28550
20231101,12:31:44,622.5,50,28550
20231101,12:37:23,614.15,50,28550
20231101,12:45:49,609.35,50,28450
20231101,12:46:03,609.3,250,28450
20231101,12:46:12,606.25,50,28450
20231101,12:50:13,611.0,50,28200
20231101,12:50:14,611.0,50,28200
20231101,12:54:11,610.0,50,28300
20231101,12:58:21,611.65,50,28350
20231101,13:01:07,609.05,100,28350
20231101,13:02:54,602.15,50,28300
20231101,13:03:02,603.0,150,28350
20231101,13:04:29,609.8,100,28350
20231101,13:09:23,603.0,50,28500
20231101,13:11:23,603.0,50,28500
20231101,13:11:35,598.35,50,28500
20231101,13:11:43,590.0,50,28500
20231101,13:11:50,590.0,600,28500
20231101,13:12:44,590.0,100,28950
20231101,13:14:11,590.0,50,28950
20231101,13:16:52,580.0,50,28900
20231101,13:18:31,580.0,100,28900
20231101,13:20:25,590.0,50,28900
20231101,13:20:58,590.0,300,28900
20231101,13:21:10,588.0,50,28950
20231101,13:21:50,588.0,50,28950
20231101,13:24:15,586.0,400,29000
20231101,13:25:32,586.0,100,29000
20231101,13:25:50,586.0,50,29000
20231101,13:26:20,586.0,100,29000
20231101,13:27:56,590.0,50,29400
20231101,13:30:22,594.0,50,29400
20231101,13:32:02,593.0,500,29400
20231101,13:32:15,593.0,100,29400
20231101,13:32:25,593.0,50,29400
20231101,13:32:38,593.0,100,29400
20231101,13:33:04,593.0,100,29400
20231101,13:33:10,595.0,200,30300
20231101,13:33:16,593.0,550,30300
20231101,13:33:17,592.1,300,30300
20231101,13:33:42,585.8,100,30300
20231101,13:35:08,590.8,50,30300
20231101,13:35:24,589.0,150,30300
20231101,13:35:35,589.0,300,30300
20231101,13:39:25,592.0,50,30450
20231101,13:40:51,594.1,100,30450
20231101,13:45:15,607.0,50,30450
20231101,13:45:28,605.5,50,30450
20231101,13:46:21,601.0,50,30450
20231101,13:46:36,598.0,300,30450
20231101,13:57:04,592.9,50,30450
20231101,14:14:12,592.3,50,30450
20231101,14:14:30,590.4,50,30450
20231101,14:27:57,592.0,50,30550
20231101,14:31:15,593.9,50,30600
20231101,14:31:22,589.8,100,30600
20231101,14:32:17,588.95,50,30600
20231101,14:32:23,589.0,200,30600
20231101,14:33:09,585.5,100,30600
20231101,14:33:50,592.1,50,30500
20231101,14:35:05,592.35,50,30500
20231101,14:35:14,595.7,50,30500
20231101,14:35:19,595.75,50,30500
20231101,14:35:50,593.1,50,30500
20231101,14:36:56,592.85,50,30350
20231101,14:37:45,593.1,50,30350
20231101,14:43:31,591.45,50,30300
20231101,14:44:07,592.0,150,30300
20231101,14:47:49,583.8,50,30250
20231101,14:48:53,589.0,50,30300
20231101,14:49:15,590.0,200,30300
20231101,14:51:23,591.95,50,30050
20231101,14:55:21,591.95,100,30000
20231101,14:55:32,591.0,50,30000
20231101,15:02:25,590.6,50,30000
20231101,15:02:46,585.0,100,29950
20231101,15:06:44,588.1,100,30000
20231101,15:08:28,584.0,50,30000
20231101,15:09:14,582.0,50,30000
20231101,15:09:19,582.0,50,30000
20231101,15:09:51,586.0,100,30100
20231101,15:09:55,586.0,150,30100
20231101,15:10:39,583.0,100,30100
20231101,15:11:19,585.7,50,30100
20231101,15:12:03,579.95,50,30100
20231101,15:12:45,579.0,50,30100
20231101,15:12:54,577.45,50,29950
20231101,15:13:23,577.45,400,29950
20231101,15:14:03,578.85,50,29950
20231101,15:14:21,578.1,50,29950
20231101,15:14:44,580.75,50,29950
20231101,15:15:51,580.0,50,30200
20231101,15:16:40,580.0,200,30200
20231101,15:17:12,580.0,50,30200
20231101,15:17:18,580.0,50,30200
20231101,15:18:15,581.8,250,30200
20231101,15:19:05,579.0,50,30450
20231101,15:19:48,578.0,50,30450
20231101,15:21:15,579.45,100,30450
20231101,15:21:27,579.45,250,30300
20231101,15:21:33,579.7,50,30300
20231101,15:21:45,577.4,300,30300
20231101,15:21:57,577.0,600,30300
20231101,15:22:03,577.0,400,30300
20231101,15:22:26,577.0,100,30300
20231101,15:22:43,577.0,50,30300
20231101,15:22:49,578.85,100,30300
20231101,15:24:04,575.0,100,30300
20231101,15:24:43,575.0,100,30450
20231101,15:27:12,575.0,50,30450
20231101,15:27:16,574.8,50,30450
20231101,15:27:48,573.85,150,30600
20231101,15:28:39,573.85,50,30600
20231102,09:15:34,652.8,1,30600
20231102,09:15:34,652.8,50,30600
20231102,09:15:39,655.0,1150,30550
20231102,09:15:48,655.0,50,30550
20231102,09:15:58,660.0,50,30550
20231102,09:16:01,660.0,50,30550
20231102,09:16:35,657.3,50,30550
20231102,09:18:37,666.0,100,30550
20231102,09:18:41,666.0,50,30550
20231102,09:22:00,669.0,50,30600
20231102,09:25:20,669.05,50,30650
20231102,09:25:21,669.05,50,30650
20231102,09:31:34,670.15,100,30650
20231102,09:33:22,670.6,50,30750
20231102,09:34:31,672.0,50,30750
20231102,09:36:45,672.0,50,30800
20231102,09:38:02,675.0,50,30800
20231102,09:41:53,684.15,50,30800
20231102,09:43:22,684.15,50,30800
20231102,09:43:37,677.6,50,30800
20231102,09:48:16,668.1,150,30800
20231102,09:48:48,670.95,100,30800
20231102,09:49:07,672.0,50,30800
20231102,09:50:28,671.0,50,30800
20231102,09:51:12,670.0,50,30800
20231102,09:52:09,668.6,50,30800
20231102,09:52:27,668.3,50,30800
20231102,09:52:41,664.35,50,30800
20231102,09:53:30,664.6,50,30900
20231102,09:55:36,670.0,50,30900
20231102,09:56:53,665.25,50,30950
20231102,10:02:42,661.8,50,30950
20231102,10:02:59,661.6,50,31000
20231102,10:06:42,665.0,50,31100
20231102,10:10:29,670.35,50,31100
20231102,10:24:36,653.15,50,31150
20231102,10:29:20,650.0,100,31150
20231102,10:32:11,652.4,50,31200
20231102,10:34:31,668.45,1000,31200
20231102,10:40:29,648.4,50,30900
20231102,10:40:30,646.85,100,30900
20231102,10:42:12,646.85,150,30850
20231102,10:56:44,642.1,50,30800
20231102,11:00:44,642.1,50,30750
20231102,11:04:24,642.1,100,30700
20231102,11:05:39,649.25,50,30700
20231102,11:15:52,650.0,150,30700
20231102,11:17:50,649.0,100,30600
20231102,11:18:06,650.7,50,30600
20231102,11:20:17,649.0,450,30600
20231102,11:31:03,645.0,50,30600
20231102,11:37:29,640.0,50,30600
20231102,11:40:43,638.15,50,30600
20231102,11:42:57,634.3,300,30650
20231102,11:43:54,634.0,50,30650
20231102,11:44:05,632.8,100,30650
20231102,11:45:58,627.0,50,30350
20231102,11:49:52,625.0,750,30400
20231102,11:50:00,625.0,250,30400
20231102,11:53:32,625.0,50,31000
20231102,11:59:48,625.0,50,31050
20231102,12:06:25,627.6,100,31100
20231102,12:07:01,629.85,50,31100
20231102,12:07:07,625.65,50,31100
20231102,12:07:21,628.6,50,31100
20231102,12:08:13,625.6,150,31100
20231102,12:09:50,619.15,50,31000
20231102,12:11:02,617.4,50,31000
20231102,12:11:08,617.4,100,31000
20231102,12:12:16,625.0,50,31200
20231102,12:18:13,641.55,50,31150
20231102,12:20:13,634.55,50,31150
20231102,12:23:28,627.9,50,31150
20231102,12:26:44,633.55,50,31200
20231102,12:34:19,629.0,50,31250
20231102,12:41:10,635.0,50,31300
20231102,12:48:46,645.0,150,31300
20231102,12:53:18,640.0,50,31200
20231102,13:04:16,645.0,100,31250
20231102,13:10:27,640.75,50,31250
20231102,13:14:56,644.95,50,31300
20231102,13:14:57,645.0,150,31300
20231102,13:18:41,644.95,100,31250
20231102,13:28:28,637.0,100,31250
20231102,13:33:34,639.85,50,31350
20231102,13:50:19,649.95,250,31400
20231102,13:50:20,650.25,850,31400
20231102,13:50:21,650.5,700,31400
20231102,13:50:39,659.65,50,31400
20231102,13:51:59,656.15,100,33200
20231102,13:54:08,659.9,50,33200
20231102,13:54:16,659.9,100,33200
20231102,13:54:21,660.0,500,33200
20231102,13:54:35,664.7,50,33200
20231102,13:55:54,664.75,50,33200
20231102,13:55:56,664.75,50,33200
20231102,13:56:06,665.0,250,33200
20231102,13:56:18,665.0,50,33200
20231102,13:59:39,664.0,50,33600
20231102,13:59:41,665.0,50,33600
20231102,13:59:58,665.0,250,33600
20231102,14:00:45,666.1,100,33600
20231102,14:00:48,666.2,100,33950
20231102,14:00:50,666.15,100,33950
20231102,14:12:40,660.0,50,34150
20231102,14:16:44,665.0,450,34200
20231102,14:16:57,665.0,150,34200
20231102,14:17:14,665.25,550,34200
20231102,14:17:21,665.5,350,34200
20231102,14:17:27,665.5,200,34200
20231102,14:17:33,665.8,100,34200
20231102,14:21:34,660.95,50,35900
20231102,14:22:09,661.15,50,35900
20231102,14:22:32,656.6,50,35900
20231102,14:26:52,657.7,100,35850
20231102,14:28:50,655.65,50,35950
20231102,14:31:01,655.65,50,36000
20231102,14:35:42,657.2,50,36050
20231102,14:46:45,657.2,100,36050
20231102,14:56:31,664.0,50,36200
20231102,14:56:32,664.0,50,36200
20231102,14:58:31,665.0,100,36300
20231102,14:59:15,670.0,50,36300
20231102,14:59:49,673.8,50,36300
20231102,15:01:57,675.0,50,36400
20231102,15:02:23,675.0,100,36400
20231102,15:02:29,675.0,50,36400
20231102,15:02:42,675.0,50,36400
20231102,15:04:14,674.0,250,36600
20231102,15:04:25,670.25,100,36600
20231102,15:07:43,672.65,150,36700
20231102,15:08:18,674.0,50,36700
20231102,15:10:00,674.0,200,36900
20231102,15:13:43,670.0,50,36900
20231102,15:14:11,670.0,50,36900
20231102,15:15:08,669.6,50,36900
20231102,15:18:03,669.95,50,36800
20231102,15:19:06,669.95,50,36800
20231102,15:19:28,669.95,50,36800
20231102,15:19:34,668.35,100,36800
20231102,15:19:39,669.95,50,36800
20231102,15:19:57,670.0,50,36800
20231102,15:20:15,670.0,200,36800
20231102,15:20:21,670.0,600,36800
20231102,15:20:27,670.0,100,36800
20231102,15:20:33,670.0,50,36800
20231102,15:21:25,669.9,100,36850
20231102,15:24:45,677.9,100,36850
20231102,15:25:09,677.9,50,36850
20231102,15:26:20,680.0,50,36850
20231102,15:26:34,681.0,50,36850
20231102,15:27:39,685.0,150,36900
20231102,15:28:46,685.75,450,36900
20231102,15:29:19,689.2,50,36900
20231102,15:29:24,689.2,150,36900
20231102,15:29:57,692.1,50,36900
20231103,09:17:43,742.55,1,36900
20231103,09:17:43,742.55,100,36900
20231103,09:18:26,742.55,50,37350
20231103,09:20:10,742.0,50,37350
20231103,09:20:37,740.0,50,37400
20231103,09:21:54,740.0,50,37400
20231103,09:24:03,743.75,50,37350
20231103,09:25:14,743.75,50,37350
20231103,09:25:51,740.0,100,37350
20231103,09:27:05,736.15,50,37300
20231103,09:27:23,736.15,50,37300
20231103,09:29:34,740.0,50,37350
20231103,09:29:41,739.25,50,37350
20231103,09:30:49,752.5,50,37350
20231103,09:31:32,752.5,50,37350
20231103,09:36:49,742.9,50,37450
20231103,09:37:19,742.35,50,37450
20231103,09:37:37,741.7,50,37450
20231103,09:39:06,746.05,50,37600
20231103,09:39:35,750.0,50,37600
20231103,09:41:56,745.55,50,37700
20231103,09:45:40,748.35,50,37750
20231103,09:59:05,738.45,50,37750
20231103,09:59:11,738.25,50,37750
20231103,10:00:49,735.3,50,37850
20231103,10:00:55,735.3,50,37850
20231103,10:03:03,745.0,100,37900
20231103,10:07:00,742.0,50,37950
20231103,10:16:23,740.0,100,37950
20231103,10:28:18,729.45,100,38050
20231103,10:33:18,722.5,50,38150
20231103,10:33:42,722.5,50,38150
20231103,10:33:48,724.0,50,38150
20231103,10:35:49,725.05,50,38300
20231103,10:36:03,725.05,50,38300
20231103,10:38:44,725.05,50,38400
20231103,10:39:14,723.9,50,38400
20231103,10:39:23,724.05,50,38400
20231103,10:45:49,721.25,450,38550
20231103,10:46:08,721.25,50,38550
20231103,10:58:23,732.5,50,38500
20231103,11:05:08,740.75,200,38500
20231103,11:20:22,732.5,100,38550
20231103,11:37:40,732.35,50,38600
20231103,11:38:00,725.4,50,38600
20231103,11:38:05,725.65,50,38600
20231103,11:41:16,729.0,50,38600
20231103,11:42:20,734.0,200,38600
20231103,11:42:25,734.0,50,38600
20231103,11:52:26,721.05,50,38850
20231103,11:54:47,721.05,100,38800
20231103,11:55:20,721.05,50,38800
20231103,12:09:58,726.0,50,38850
20231103,12:29:31,731.4,100,38850
20231103,12:45:09,735.0,100,38850
20231103,12:46:53,736.0,50,38850
20231103,12:47:11,739.8,50,38850
20231103,13:17:12,730.0,150,38700
20231103,13:24:03,730.55,100,38650
20231103,13:25:15,733.0,150,38650
20231103,13:25:39,733.0,100,38650
20231103,13:26:10,733.0,100,38650
20231103,13:27:51,732.4,50,38750
20231103,13:28:34,735.0,250,38750
20231103,13:49:39,733.55,50,38500
20231103,14:09:02,735.7,50,38450
20231103,14:09:32,735.55,50,38450
20231103,14:12:29,733.95,50,38450
20231103,14:17:37,735.6,50,38500
20231103,14:19:17,731.0,100,38550
20231103,14:21:13,736.0,50,38550
20231103,14:21:39,736.4,100,38550
20231103,14:24:48,737.9,50,38650
20231103,14:26:17,737.65,150,38650
20231103,14:33:37,735.9,50,38650
20231103,14:34:39,731.55,50,38650
20231103,14:38:50,723.9,100,38650
20231103,14:39:17,726.05,50,38650
20231103,14:40:51,720.05,50,38650
20231103,14:40:58,720.0,50,38650
20231103,14:42:12,719.2,50,38650
20231103,14:42:15,719.0,50,38650
20231103,14:42:34,719.0,50,38650
20231103,14:45:43,718.0,50,38550
20231103,14:45:45,718.0,100,38550
20231103,14:46:09,710.85,150,38550
20231103,14:47:59,710.85,100,38550
20231103,14:52:47,705.0,50,38550
20231103,14:54:52,705.0,50,38750
20231103,14:59:34,721.9,50,38750
20231103,15:00:47,724.05,50,38750
20231103,15:01:36,721.35,100,38750
20231103,15:01:59,722.7,50,38750
20231103,15:06:40,712.25,50,38600
20231103,15:06:41,712.15,50,38600
20231103,15:06:42,712.15,50,38600
20231103,15:06:50,711.4,50,38600
20231103,15:06:57,712.0,50,38600
20231103,15:09:51,710.0,250,38750
20231103,15:15:19,711.3,50,38600
20231103,15:16:05,716.85,50,38600
20231103,15:18:33,715.0,100,38700
20231103,15:20:54,712.35,50,38700
20231103,15:23:17,718.7,50,38750
20231103,15:26:33,720.55,100,38750
20231103,15:26:39,720.4,150,38750
20231103,15:27:09,718.95,50,38750
20231103,15:27:15,718.8,50,38750
20231103,15:27:27,718.55,50,39100
20231103,15:27:32,718.55,50,39100
20231103,15:28:33,717.45,50,39100
20231103,15:28:39,716.85,150,39100
20231103,15:28:45,714.0,50,39100
20231103,15:28:51,717.0,50,39100
20231103,15:29:15,715.0,50,39100
20231103,15:29:54,715.0,50,39100
20231106,09:20:21,790.0,1,38700
20231106,09:20:21,790.0,50,38700
20231106,09:23:11,804.0,50,38700
20231106,09:24:35,806.0,200,38700
20231106,09:25:17,806.0,500,38700
20231106,09:27:01,806.0,50,38700
20231106,09:33:36,800.35,100,38700
20231106,09:36:11,799.0,50,38700
20231106,09:38:38,798.0,100,38750
20231106,09:40:24,800.0,100,38750
20231106,09:40:48,800.0,50,38750
20231106,09:40:56,800.0,50,38750
20231106,09:45:10,794.4,50,38850
20231106,09:47:30,794.0,100,38850
20231106,09:48:57,799.65,50,38800
20231106,09:50:02,795.0,100,38800
20231106,09:53:54,792.0,50,38950
20231106,09:55:22,792.0,150,38950
20231106,09:58:24,798.7,50,38750
20231106,10:00:17,806.5,150,38750
20231106,10:06:56,806.5,100,38850
20231106,10:08:59,798.95,50,38950
20231106,10:15:08,804.9,100,38950
20231106,10:16:11,817.4,50,38950
20231106,10:20:13,817.4,50,39050
20231106,10:20:40,824.0,150,39050
20231106,10:21:16,824.0,50,39050
20231106,10:21:34,817.2,50,39050
20231106,10:21:51,814.25,50,39050
20231106,10:22:23,814.25,50,39050
20231106,10:22:49,816.65,50,39050
20231106,10:23:50,817.05,50,39250
20231106,10:25:13,816.95,50,39250
20231106,10:25:13,819.0,50,39250
20231106,10:25:39,812.9,150,39250
20231106,10:33:55,812.65,100,39300
20231106,10:47:15,800.5,50,39400
20231106,10:48:21,800.75,100,39400
20231106,10:55:29,793.0,50,39400
20231106,11:02:00,790.0,400,39400
20231106,11:08:25,784.65,100,39700
20231106,11:09:17,785.0,50,39800
20231106,11:33:43,799.55,600,39850
20231106,11:36:50,799.55,50,39250
20231106,11:37:07,799.55,250,39250
20231106,11:38:22,799.55,300,39250
20231106,11:38:30,799.5,50,39250
20231106,11:44:29,799.55,200,39000
20231106,11:45:00,799.55,50,39000
20231106,11:45:01,799.55,50,39000
20231106,11:45:04,799.55,50,39000
20231106,12:36:32,799.55,300,39000
20231106,13:00:32,807.25,100,38800
20231106,13:36:20,810.85,100,38750
20231106,13:39:24,815.0,50,38700
20231106,13:39:29,815.0,50,38700
20231106,13:41:04,814.95,100,38700
20231106,13:46:05,815.0,100,38850
20231106,14:03:55,812.05,50,38850
20231106,14:14:52,822.15,50,38850
20231106,14:19:13,830.0,50,38850
20231106,14:19:18,831.5,50,38850
20231106,14:21:59,838.95,50,38900
20231106,14:22:09,838.95,50,38900
20231106,14:23:15,837.25,50,38900
20231106,14:24:10,837.85,50,39000
20231106,14:28:25,836.0,100,39050
20231106,14:29:44,836.05,50,39050
20231106,14:29:51,836.85,50,39050
20231106,14:29:53,836.8,100,39050
20231106,14:30:22,832.0,150,39250
20231106,14:30:50,835.05,50,39250
20231106,14:30:52,836.5,100,39250
20231106,14:30:53,835.25,50,39250
20231106,14:31:10,835.65,50,39250
20231106,14:32:45,834.15,50,39250
20231106,14:33:07,835.2,100,39250
20231106,14:34:08,835.75,50,39400
20231106,14:34:12,836.65,50,39400
20231106,14:34:14,836.9,50,39400
20231106,14:34:22,837.75,50,39400
20231106,14:34:26,838.1,100,39400
20231106,14:34:27,838.9,50,39400
20231106,14:40:13,834.6,50,39750
20231106,14:48:57,833.35,450,39800
20231106,14:49:42,830.0,100,39800
20231106,14:49:51,830.0,100,39800
20231106,14:50:17,829.0,50,39800
20231106,14:50:33,827.0,200,39800
20231106,14:51:17,829.0,500,40350
20231106,14:51:34,829.0,150,40350
20231106,14:51:51,828.2,50,40350
20231106,14:52:00,828.2,50,40350
20231106,14:52:25,828.2,50,40350
20231106,14:52:42,828.2,50,40350
20231106,15:06:51,840.0,500,40650
20231106,15:07:18,842.0,150,40650
20231106,15:10:46,843.0,150,40550
20231106,15:11:03,845.0,200,40550
20231106,15:12:22,845.0,150,40400
20231106,15:13:50,842.0,100,40400
20231106,15:15:00,844.2,250,40400
20231106,15:15:37,842.0,100,40550
20231106,15:17:54,842.0,50,40550
20231106,15:21:03,842.0,50,40650
20231106,15:25:24,839.0,50,40650
20231106,15:26:14,839.0,50,40650
20231106,15:27:12,838.5,50,40650
20231106,15:28:24,841.75,250,40800
20231106,15:28:43,841.95,250,40800
20231106,15:29:13,838.5,300,40800
20231106,15:29:33,843.95,150,40800
20231106,15:29:50,843.9,50,40800
20231106,15:29:57,833.9,250,40800
20231106,15:29:58,842.55,150,40800
20231107,09:16:19,805.0,1,42150
20231107,09:16:19,805.0,50,42150
20231107,09:16:26,797.95,50,42150
20231107,09:16:31,797.95,50,42150
20231107,09:16:48,802.45,50,42150
20231107,09:26:23,820.0,50,42050
20231107,09:39:46,820.0,50,42050
20231107,09:39:50,812.0,200,42050
20231107,09:39:55,813.75,50,42050
20231107,09:39:59,812.0,50,42050
20231107,09:40:31,811.0,300,42050
20231107,09:51:40,818.0,50,42250
20231107,09:55:36,825.5,50,42250
20231107,09:55:39,827.0,50,42250
20231107,10:02:29,827.0,50,42300
20231107,10:03:13,813.1,50,42250
20231107,10:04:15,809.9,50,42250
20231107,10:05:19,811.0,150,42250
20231107,10:05:55,811.0,50,42100
20231107,10:11:08,813.8,50,42150
20231107,10:12:57,814.35,400,42200
20231107,10:16:00,818.8,50,42250
20231107,10:22:08,826.6,50,42250
20231107,10:26:24,830.0,50,42200
20231107,10:26:48,831.7,50,42200
20231107,10:27:07,831.7,200,42200
20231107,10:27:13,830.55,50,42200
20231107,10:35:23,833.95,50,42250
20231107,10:37:22,839.6,50,42250
20231107,10:50:08,839.6,50,42250
20231107,10:51:33,837.0,50,42200
20231107,10:52:34,829.2,50,42200
20231107,11:15:15,837.0,50,42100
20231107,11:30:02,837.75,50,42100
20231107,11:39:17,833.8,50,42100
20231107,11:40:17,827.75,400,42100
20231107,11:41:28,813.0,150,42100
20231107,11:41:49,811.3,50,42100
20231107,11:42:09,814.3,50,41750
20231107,11:45:08,810.25,50,41750
20231107,11:45:18,806.35,50,41750
20231107,11:45:27,797.15,50,41750
20231107,11:46:05,796.0,50,41750
20231107,11:46:46,796.0,100,41750
20231107,11:47:05,799.1,50,41750
20231107,11:47:59,796.15,100,41500
20231107,11:49:28,796.5,200,41500
20231107,11:49:36,797.25,400,41500
20231107,11:54:27,791.35,50,42200
20231107,12:02:09,791.35,50,42150
20231107,12:02:33,797.2,150,42150
20231107,12:02:42,796.4,200,42150
20231107,12:07:06,798.3,50,42550
20231107,12:34:40,809.4,50,42600
20231107,12:37:40,810.35,50,42650
20231107,12:39:55,811.0,200,42700
20231107,12:40:03,811.4,50,42700
20231107,12:58:38,808.9,50,42850
20231107,12:59:37,809.4,150,42850
20231107,13:13:25,800.0,100,43050
20231107,13:15:28,802.75,50,43150
20231107,13:15:44,803.0,150,43150
20231107,13:15:53,803.0,50,43150
20231107,13:18:35,803.0,400,43400
20231107,13:20:12,803.0,50,43400
20231107,13:21:30,800.0,100,43850
20231107,13:32:45,807.65,150,43800
20231107,13:33:13,808.85,150,43850
20231107,13:33:57,809.9,300,43850
20231107,13:34:02,809.9,400,43850
20231107,13:50:26,817.0,50,44000
20231107,13:56:20,833.6,100,44000
20231107,13:57:13,837.15,50,44000
20231107,13:57:24,837.8,50,44150
20231107,14:00:26,829.15,100,44200
20231107,14:01:04,831.0,50,44200
20231107,14:03:20,835.4,50,44200
20231107,14:03:48,837.4,50,44250
20231107,14:04:57,841.9,50,44250
20231107,14:05:06,843.45,150,44250
20231107,14:06:15,843.45,350,44250
20231107,14:10:54,833.05,50,44250
20231107,14:12:16,835.15,50,44500
20231107,14:12:37,839.0,200,44600
20231107,14:13:49,839.0,150,44600
20231107,14:15:51,839.0,100,44500
20231107,14:23:29,837.0,200,44450
20231107,14:24:30,832.0,150,44650
20231107,14:24:39,832.0,50,44650
20231107,14:28:50,831.45,50,44850
20231107,14:48:47,830.0,50,44850
20231107,15:12:48,827.75,50,44900
20231107,15:13:51,821.9,50,44900
20231107,15:15:24,825.0,100,44900
20231107,15:15:42,826.0,150,44950
20231107,15:15:56,827.85,50,44950
20231107,15:19:38,835.35,50,45050
20231107,15:20:48,835.1,50,45050
20231107,15:23:32,837.65,50,45000
20231107,15:24:17,838.5,300,45000
20231107,15:24:36,837.0,50,45000
20231107,15:25:24,837.5,200,45300
20231107,15:25:43,838.2,50,45300
20231107,15:27:02,836.1,50,45300
20231107,15:27:32,836.0,50,45300
20231107,15:27:41,836.8,50,45200
20231107,15:27:51,838.0,50,45200
20231107,15:28:28,835.65,50,45200
20231107,15:28:37,836.35,50,45200
20231107,15:28:45,836.35,50,45200
20231107,15:28:54,836.0,50,45200
20231107,15:29:24,838.2,50,45200
20231107,15:29:34,838.25,150,45200
20231107,15:29:44,838.15,50,45200
20231108,09:18:05,844.15,1,41850
20231108,09:18:05,844.15,200,41850
20231108,09:18:40,840.0,50,41850
20231108,09:31:19,840.0,50,41700
20231108,09:34:46,848.95,100,41650
20231108,09:37:24,848.95,50,41550
20231108,10:25:50,855.0,50,41600
20231108,10:26:16,855.0,50,41600
20231108,10:28:05,853.0,100,41700
20231108,10:51:29,856.0,50,41650
20231108,10:54:00,856.0,50,41700
20231108,10:54:33,856.0,100,41700
20231108,10:55:33,853.55,50,41700
20231108,11:01:11,849.25,100,41600
20231108,11:02:25,847.5,200,41600
20231108,11:06:50,848.75,100,41300
20231108,11:09:11,847.75,200,41200
20231108,11:10:37,844.25,100,41200
20231108,11:11:57,837.25,50,41000
20231108,11:12:23,832.45,50,41000
20231108,11:12:56,832.45,100,41000
20231108,11:14:33,838.2,50,41000
20231108,11:15:12,837.75,100,40800
20231108,11:21:52,847.95,50,40700
20231108,11:51:27,856.35,50,40750
20231108,11:51:41,858.95,150,40750
20231108,11:55:59,858.95,50,40900
20231108,11:56:07,847.0,50,40900
20231108,12:11:49,856.8,50,40800
20231108,12:24:49,849.8,50,40850
20231108,12:24:56,850.2,50,40850
20231108,12:26:32,851.2,50,40850
20231108,12:26:58,851.2,100,40850
20231108,12:27:00,851.6,50,40850
20231108,12:27:01,852.0,50,40850
20231108,12:27:02,852.45,100,41150
20231108,12:27:04,852.2,50,41150
20231108,12:27:38,851.15,50,41150
20231108,12:27:42,851.55,50,41150
20231108,12:33:13,851.95,50,41200
20231108,13:05:59,849.0,150,41250
20231108,13:06:07,850.0,50,41250
20231108,13:14:30,849.95,50,41300
20231108,13:21:06,864.0,100,41350
20231108,13:36:40,864.0,50,41450
20231108,13:47:28,856.0,50,41400
20231108,14:05:03,856.6,100,41450
20231108,14:13:43,850.0,50,41500
20231108,14:18:17,847.85,50,41550
20231108,14:18:24,845.95,50,41600
20231108,14:18:32,845.4,100,41600
20231108,14:18:40,845.8,50,41600
20231108,14:19:05,842.95,50,41600
20231108,14:21:28,843.35,50,41600
20231108,14:21:46,841.95,150,41900
20231108,14:21:53,842.2,300,41900
20231108,14:22:09,841.85,50,41900
20231108,14:22:17,839.65,150,41900
20231108,14:24:03,839.95,100,41900
20231108,14:24:11,839.95,50,41900
20231108,14:24:20,838.65,100,41900
20231108,14:24:36,839.05,50,42750
20231108,14:25:21,840.75,50,42750
20231108,14:25:28,840.0,50,42750
20231108,14:26:04,841.5,300,42750
20231108,14:26:11,841.35,100,42750
20231108,14:26:13,840.85,50,42750
20231108,14:26:29,841.25,50,42750
20231108,14:30:06,840.85,50,42750
20231108,14:30:06,845.2,50,43350
20231108,14:34:19,831.65,50,43400
20231108,14:39:03,831.65,100,43450
20231108,14:41:04,842.0,50,43550
20231108,14:42:42,842.4,50,43550
20231108,14:42:49,842.8,50,43550
20231108,14:48:19,843.2,50,43600
20231108,14:57:53,843.6,50,43650
20231108,15:00:18,853.3,50,43650
20231108,15:08:12,845.05,50,43750
20231108,15:08:47,845.15,50,43750
20231108,15:08:54,845.55,50,43750
20231108,15:10:48,841.85,350,43900
20231108,15:11:05,842.25,50,43900
20231108,15:11:17,841.95,150,43900
20231108,15:12:28,845.05,150,43900
20231108,15:17:33,845.45,50,44500
20231108,15:17:55,845.2,50,44500
20231108,15:18:10,844.55,50,44500
20231108,15:18:11,844.4,50,44500
20231108,15:20:36,844.8,50,44700
20231108,15:21:52,841.9,150,44750
20231108,15:22:14,840.0,100,44750
20231108,15:22:22,840.0,150,44750
20231108,15:23:07,838.0,150,44750
20231108,15:23:51,839.0,50,44750
20231108,15:24:35,839.9,50,45350
20231108,15:24:55,839.0,50,45350
20231108,15:24:56,838.9,150,45350
20231108,15:24:57,839.0,50,45350
20231108,15:25:24,841.1,100,45350
20231108,15:26:47,839.45,150,45350
20231108,15:27:18,838.95,300,45350
20231108,15:28:46,838.5,100,46150
20231109,09:17:21,836.2,1,41350
20231109,09:17:21,836.2,100,41350
20231109,09:18:10,840.3,300,41350
20231109,09:50:47,840.3,150,41250
20231109,09:50:48,833.0,250,41250
20231109,09:50:51,833.0,100,41250
20231109,09:51:01,833.0,100,41250
20231109,09:51:02,834.75,50,41250
20231109,09:51:03,834.75,100,41250
20231109,09:51:49,839.65,100,41250
20231109,09:51:50,839.35,100,41250
20231109,09:55:07,858.05,50,41850
20231109,10:02:07,860.3,50,41900
20231109,10:03:46,862.05,50,41900
20231109,10:04:08,863.0,50,41900
20231109,10:04:09,863.0,150,41900
20231109,10:04:24,863.05,50,41900
20231109,10:05:18,864.25,50,41900
20231109,10:05:22,864.5,50,41900
20231109,10:05:23,864.6,50,41900
20231109,10:05:25,864.95,50,41900
20231109,10:05:30,864.95,100,42150
20231109,10:05:34,864.1,50,42150
20231109,10:05:50,861.9,100,42150
20231109,10:05:59,862.05,50,42150
20231109,10:07:42,863.75,100,42150
20231109,10:07:43,863.7,50,42150
20231109,10:07:45,863.6,100,42150
20231109,10:07:46,863.6,50,42150
20231109,10:08:35,860.65,200,42750
20231109,10:08:36,860.65,50,42750
20231109,10:08:38,860.95,100,42750
20231109,10:09:51,861.35,50,42750
20231109,10:10:19,850.3,100,42750
20231109,10:15:03,860.0,50,43100
20231109,10:15:21,860.95,100,43100
20231109,10:15:57,857.15,50,43100
20231109,10:16:06,857.15,150,43100
20231109,10:16:33,857.4,100,43100
20231109,10:16:58,860.95,50,43100
20231109,10:17:15,863.2,50,43100
20231109,10:17:22,863.6,50,43100
20231109,10:18:41,862.25,50,43650
20231109,10:19:25,859.65,100,43650
20231109,10:19:27,860.05,150,43650
20231109,10:23:01,853.5,50,43850
20231109,10:33:57,842.2,250,43850
20231109,10:36:29,845.15,100,44100
20231109,10:38:25,846.4,50,44100
20231109,10:40:09,844.75,50,44250
20231109,10:42:45,843.3,50,44300
20231109,11:05:32,851.6,50,44350
20231109,11:05:34,851.85,100,44350
20231109,11:05:39,851.9,50,44500
20231109,11:05:57,852.45,50,44500
20231109,11:05:58,852.45,50,44500
20231109,11:05:59,852.3,50,44500
20231109,11:20:43,843.15,50,44700
20231109,11:24:49,853.15,200,44650
20231109,11:24:56,853.15,100,44650
20231109,11:25:29,856.45,50,44650
20231109,11:44:29,861.65,50,44950
20231109,11:45:58,861.5,50,45000
20231109,11:46:05,861.0,50,45000
20231109,11:49:10,861.0,50,45100
20231109,11:58:52,867.75,100,45100
20231109,12:00:49,874.05,600,45200
20231109,12:02:16,874.05,100,45200
20231109,12:02:17,873.7,150,45200
20231109,12:04:05,864.25,100,45850
20231109,12:04:06,865.4,100,45850
20231109,12:06:48,864.2,100,45900
20231109,12:08:18,866.45,50,45900
20231109,12:08:33,867.7,50,45900
20231109,12:08:36,867.65,100,45900
20231109,12:09:32,867.0,100,45900
20231109,12:26:16,862.6,250,46200
20231109,12:31:57,862.6,50,46200
20231109,12:39:29,862.6,350,46400
20231109,12:44:41,860.0,50,46400
20231109,12:44:43,853.5,150,46400
20231109,12:47:27,855.0,50,46450
20231109,12:48:11,853.25,150,46500
20231109,13:16:19,856.0,100,46500
20231109,13:26:01,853.85,150,46600
20231109,13:27:38,855.3,150,46600
20231109,13:27:55,854.95,50,46600
20231109,14:09:15,854.95,50,46600
20231109,14:16:22,863.1,50,46600
20231109,14:23:12,847.7,50,46550
20231109,14:23:21,846.35,50,46550
20231109,14:23:22,846.55,50,46550
20231109,14:23:56,845.6,50,46550
20231109,14:23:58,844.85,50,46550
20231109,14:26:57,844.05,100,46800
20231109,14:27:00,843.85,150,46800
20231109,14:32:36,843.85,100,47050
20231109,14:40:42,844.95,50,47100
20231109,14:50:53,838.4,500,47050
20231109,14:51:46,835.25,50,47550
20231109,14:51:55,835.0,50,47550
20231109,14:52:29,834.1,400,47550
20231109,14:53:49,834.1,500,47550
20231109,15:03:32,839.95,50,47200
20231109,15:05:04,840.0,50,47200
20231109,15:05:34,840.0,50,47200
20231109,15:12:29,840.0,100,47250
20231109,15:13:00,840.0,50,47250
20231109,15:13:08,839.0,150,47250
20231109,15:13:15,839.05,50,47250
20231109,15:14:06,842.0,400,47250
20231109,15:14:23,837.05,200,47250
20231109,15:24:36,839.3,50,47450
20231109,15:25:53,840.0,50,47450
20231109,15:27:14,840.0,50,47450
20231109,15:27:44,835.05,100,47600
20231109,15:28:00,827.4,150,47600
20231109,15:28:45,827.4,50,47600
20231109,15:29:41,826.1,50,47600
20231110,09:15:18,770.2,1,46600
20231110,09:15:18,770.2,300,46600
20231110,09:15:43,770.25,400,46600
20231110,09:17:17,770.2,150,46600
20231110,09:36:16,766.8,50,47150
20231110,09:37:03,763.25,100,47150
20231110,09:45:03,775.25,50,47200
20231110,09:49:13,775.25,200,47200
20231110,10:20:27,774.5,200,47200
20231110,10:27:52,774.9,50,47250
20231110,10:30:46,775.25,50,47200
20231110,10:44:46,800.5,100,47250
20231110,11:08:30,800.5,50,47250
20231110,11:36:16,792.0,100,47250
20231110,11:36:17,792.0,150,47250
20231110,12:04:46,792.4,50,47400
20231110,12:30:34,795.0,500,47400
20231110,12:47:19,818.05,50,47400
20231110,12:57:46,821.3,450,47350
20231110,13:34:44,814.0,100,46950
20231110,13:39:21,821.15,50,46950
20231110,13:46:50,825.4,100,47000
20231110,13:56:40,825.4,200,47050
20231110,14:16:43,800.0,300,47250
20231110,14:16:53,800.0,200,47250
20231110,14:24:27,790.0,250,47250
20231110,14:25:44,780.0,50,47250
20231110,14:30:07,780.0,100,47550
20231110,14:50:45,789.55,50,47650
20231110,14:51:20,794.3,50,47700
20231110,14:52:44,800.35,50,47700
20231110,14:57:35,802.0,50,47700
20231110,15:20:36,820.0,50,47650
20231110,15:21:40,820.0,250,47650
20231110,15:23:27,830.0,50,47650
20231110,15:27:35,845.0,50,47400
20231112,18:21:41,874.95,100,47450
20231112,18:21:49,874.95,50,47450
20231112,18:21:56,875.0,300,47450
20231112,18:23:18,880.0,50,47450
20231112,18:24:59,880.05,100,47450
20231112,18:30:21,880.05,50,47450
20231112,18:34:47,880.05,50,47500
20231112,18:35:26,869.0,50,47500
20231112,18:36:53,869.0,100,47450
20231112,18:37:23,869.0,150,47450
20231112,18:37:35,869.0,100,47450
20231112,18:39:13,870.1,50,47450
20231112,18:42:10,865.0,1500,47400
20231112,18:42:54,865.0,50,47400
20231112,18:47:49,878.2,100,47900
20231112,18:48:29,876.95,50,47900
20231112,18:48:48,876.45,100,47900
20231112,18:57:00,873.5,50,47850
20231112,18:57:05,874.2,150,47850
20231112,18:57:11,873.8,50,47850
20231112,18:58:09,874.2,50,47850
20231112,18:58:15,874.2,50,47850
20231112,18:58:28,874.2,50,47850
20231112,18:58:35,874.25,50,47850
20231112,19:00:37,877.1,50,47850
20231112,19:09:11,861.85,100,47850
20231112,19:09:24,861.85,50,47850
20231112,19:11:41,869.5,50,47900
20231113,09:43:19,840.65,1,47850
20231113,09:43:19,839.95,100,47850
20231113,09:49:34,840.15,50,47950
20231113,09:57:04,836.3,50,47950
20231113,10:06:11,836.3,50,47950
20231113,10:15:05,868.15,50,48000
20231113,10:23:16,830.0,350,48000
20231113,10:24:26,827.0,50,48000
20231113,10:24:57,821.35,100,48000
20231113,10:25:27,820.0,200,48000
20231113,10:30:59,820.0,50,48000
20231113,10:42:39,820.0,100,48050
20231113,10:55:35,820.0,100,48050
20231113,11:01:44,820.0,50,48100
20231113,11:08:24,824.6,50,48100
20231113,11:39:00,835.35,50,48050
20231113,11:39:19,840.0,100,48050
20231113,12:05:23,839.95,50,47950
20231113,12:05:38,839.4,50,47950
20231113,12:16:24,830.1,50,47900
20231113,12:23:30,830.05,50,47900
20231113,12:37:21,835.0,50,47900
20231113,12:52:11,835.0,50,47850
20231113,13:20:17,835.75,200,47850
20231113,13:30:14,840.0,50,47950
20231113,13:44:24,829.0,400,47900
20231113,14:11:36,856.35,50,47850
20231113,14:34:18,851.75,50,47850
20231113,14:36:06,850.85,100,47850
20231113,14:50:47,840.05,50,48000
20231113,14:55:48,839.95,50,48000
20231113,15:01:07,835.5,50,48000
20231113,15:03:46,828.95,50,48050
20231113,15:05:52,835.0,50,48050
20231113,15:06:08,835.0,50,48050
20231113,15:13:00,844.1,100,48050
20231113,15:20:36,827.0,50,48050
20231113,15:21:55,833.7,50,48050
20231113,15:22:47,840.0,1000,48050
20231113,15:23:23,839.95,200,48050
20231113,15:29:07,827.95,50,49050
20231115,09:25:01,970.0,1,49650
20231115,09:25:01,970.0,50,49650
20231115,09:27:09,978.95,50,49650
20231115,09:28:58,985.0,100,49650
20231115,09:29:26,990.0,200,49650
20231115,09:31:48,992.2,250,49450
20231115,09:32:07,993.0,150,49450
20231115,09:34:15,999.0,50,49100
20231115,09:34:41,999.0,50,49100
20231115,09:38:28,983.0,600,49150
20231115,09:43:44,982.75,50,49150
20231115,09:44:29,987.25,50,49150
20231115,09:46:13,994.4,1150,49200
20231115,09:46:22,994.4,650,49200
20231115,09:46:56,990.0,50,49200
20231115,09:48:31,995.3,100,50850
20231115,09:50:51,995.4,50,50950
20231115,09:53:00,990.0,50,50950
20231115,09:58:39,990.0,50,51000
20231115,10:02:25,995.05,150,51050
20231115,10:03:27,986.55,150,51200
20231115,10:05:52,995.05,150,51350
20231115,10:07:46,997.1,50,51350
20231115,10:08:18,995.85,50,51350
20231115,10:11:18,994.05,50,51600
20231115,10:14:16,995.05,150,51650
20231115,10:17:04,993.6,50,51750
20231115,10:20:40,992.05,50,51800
20231115,10:26:13,993.0,50,51850
20231115,10:27:22,992.95,50,51850
20231115,10:29:21,992.05,50,51850
20231115,10:32:42,991.3,100,51900
20231115,10:34:26,992.95,100,51900
20231115,11:00:31,990.0,50,51950
20231115,11:01:19,993.0,150,51950
20231115,11:06:08,992.95,50,51800
20231115,11:06:56,990.0,200,51800
20231115,11:07:16,990.0,100,51800
20231115,11:08:12,990.05,200,51800
20231115,11:09:57,990.05,200,51850
20231115,11:11:09,990.3,100,51850
20231115,11:12:07,990.3,200,51850
20231115,11:13:13,990.3,100,51850
20231115,11:14:44,990.3,100,51850
20231115,11:34:49,987.0,100,52450
20231115,11:44:34,986.9,50,52450
20231115,11:45:09,986.45,50,52450
20231115,11:45:31,986.45,100,52450
20231115,11:53:04,989.0,50,52400
20231115,11:59:41,989.1,400,52450
20231115,12:21:22,999.0,100,52450
20231115,12:21:28,1000.0,50,52450
20231115,12:22:39,1002.45,50,52450
20231115,12:22:55,1002.5,50,52450
20231115,12:38:30,1002.5,50,52450
20231115,13:09:04,995.0,100,52400
20231115,13:10:27,999.0,50,52400
20231115,13:11:01,1002.55,50,52400
20231115,13:15:57,1020.0,50,52400
20231115,13:22:19,1025.0,50,52400
20231115,13:28:25,1030.0,300,52400
20231115,13:28:44,1031.35,50,52400
20231115,13:33:29,1031.35,50,52150
20231115,13:36:22,1032.0,100,52150
20231115,13:36:46,1032.0,50,52150
20231115,13:40:01,1032.0,50,52100
20231115,13:40:16,1032.0,50,52100
20231115,13:40:23,1032.0,50,52100
20231115,13:40:39,1032.0,50,52100
20231115,13:41:10,1032.2,100,52100
20231115,13:43:48,1032.0,100,52150
20231115,13:45:25,1032.0,200,52150
20231115,14:00:47,1034.3,100,52150
20231115,14:07:54,1034.3,50,52250
20231115,14:32:17,1034.3,100,52250
20231115,14:34:27,1039.55,50,52250
20231115,14:36:21,1040.0,650,52250
20231115,14:37:19,1040.0,350,51600
20231115,14:38:17,1043.3,50,51600
20231115,14:38:25,1043.3,50,51600
20231115,14:38:42,1044.0,100,51600
20231115,14:41:26,1048.85,100,51150
20231115,14:42:13,1048.85,50,51150
20231115,14:43:54,1036.55,50,51300
20231115,14:44:29,1037.2,150,51300
20231115,14:44:56,1036.65,50,51300
20231115,14:56:16,1029.9,50,51300
20231115,15:08:02,1017.85,50,51350
20231115,15:08:08,1015.0,50,51350
20231115,15:10:23,1015.0,150,51350
20231115,15:10:44,1015.0,50,51350
20231115,15:11:14,1015.0,50,51350
20231115,15:11:15,1015.0,50,51350
20231115,15:15:38,1015.0,100,51250
20231115,15:23:22,1015.5,50,51250
20231115,15:27:14,1023.0,50,51200
20231115,15:27:23,1015.8,100,51200
20231116,09:19:17,995.35,1,51200
20231116,09:19:17,995.35,100,51200
20231116,09:20:28,990.25,500,51150
20231116,09:26:57,990.25,100,51000
20231116,09:27:41,1004.0,100,51000
20231116,09:27:50,1002.0,50,51000
20231116,09:29:48,1002.0,50,51000
20231116,09:43:22,1049.85,100,50950
20231116,09:45:48,1049.85,50,50950
20231116,10:03:58,1040.0,50,50900
20231116,10:08:29,1057.8,50,50950
20231116,10:10:59,1058.0,50,50900
20231116,10:21:31,1059.0,200,50900
20231116,10:27:33,1059.0,50,50850
20231116,10:53:47,1060.0,50,50900
20231116,10:57:07,1060.0,50,50900
20231116,11:02:08,1060.0,50,50950
20231116,11:02:58,1083.35,100,50900
20231116,11:03:30,1086.4,50,50900
20231116,11:13:39,1111.0,750,50900
20231116,11:14:49,1120.0,50,50900
20231116,11:15:09,1125.0,50,50550
20231116,11:18:40,1125.0,150,50550
20231116,11:27:26,1121.3,500,50550
20231116,11:30:07,1118.65,50,50700
20231116,11:30:34,1119.0,50,50700
20231116,11:34:29,1115.0,300,50600
20231116,11:36:03,1113.55,200,50600
20231116,11:38:21,1113.0,300,50600
20231116,11:48:46,1111.0,300,50600
20231116,11:55:57,1120.05,50,50450
20231116,12:13:10,1132.0,50,50500
20231116,12:14:23,1132.0,50,50500
20231116,12:15:34,1133.7,100,50550
20231116,12:21:50,1133.7,50,50550
20231116,12:22:07,1135.0,50,50550
20231116,12:22:16,1135.0,50,50550
20231116,12:22:58,1139.0,50,50550
20231116,12:26:00,1139.0,1050,50500
20231116,12:29:47,1130.0,50,51150
20231116,12:34:29,1127.0,100,51150
20231116,12:36:19,1126.0,100,51150
20231116,12:43:28,1142.65,50,51250
20231116,12:47:27,1142.65,50,51200
20231116,12:54:45,1142.65,50,51200
20231116,13:13:39,1136.1,50,51150
20231116,13:17:47,1135.8,50,51200
20231116,13:17:52,1135.8,50,51200
20231116,13:21:37,1130.0,50,51200
20231116,13:31:15,1133.45,50,51200
20231116,13:32:05,1133.45,50,51200
20231116,13:32:21,1133.35,50,51200
20231116,13:53:54,1132.75,50,51350
20231116,13:57:56,1145.1,50,51350
20231116,14:09:03,1145.1,50,51300
20231116,14:09:34,1145.1,100,51250
20231116,14:12:30,1141.75,50,51250
20231116,14:13:03,1142.1,50,51250
20231116,14:18:26,1151.0,150,51250
20231116,14:19:18,1154.05,100,51250
20231116,14:19:38,1159.5,50,51250
20231116,14:23:28,1159.5,50,51100
20231116,14:29:38,1161.0,100,51100
20231116,14:30:25,1162.4,50,51100
20231116,14:43:25,1167.2,100,51100
20231116,14:44:12,1179.0,50,51100
20231116,14:44:33,1190.0,300,51100
20231116,14:45:15,1190.0,50,51100
20231116,14:46:59,1185.6,50,51200
20231116,14:47:55,1187.7,250,51200
20231116,14:48:54,1203.5,50,50950
20231116,14:50:43,1203.5,200,50950
20231116,14:50:52,1183.75,50,50950
20231116,14:54:20,1177.4,50,51200
20231116,14:57:58,1174.05,50,51200
20231116,15:00:42,1163.1,50,51200
20231116,15:01:15,1159.7,50,51200
20231116,15:02:02,1159.3,50,51200
20231116,15:03:07,1140.0,150,51200
20231116,15:03:17,1148.9,100,51200
20231116,15:03:51,1146.55,50,51250
20231116,15:06:07,1112.4,250,51250
20231116,15:06:47,1131.7,100,51100
20231116,15:11:03,1101.0,150,51000
20231116,15:12:13,1070.0,50,51000
20231116,15:12:32,1079.85,100,51050
20231116,15:12:41,1087.0,50,51050
20231116,15:24:02,1096.55,100,51050
20231116,15:27:38,1120.0,100,50950
20231116,15:27:48,1122.0,900,50950
20231116,15:27:57,1111.45,100,50950
20231117,09:17:23,1074.95,1,49800
20231117,09:17:23,1074.95,50,49800
20231117,09:17:38,1074.65,250,49800
20231117,09:20:31,1074.95,50,50100
20231117,09:20:47,1081.05,350,50100
20231117,09:21:11,1086.0,200,50100
20231117,09:22:01,1101.15,50,50100
20231117,09:23:15,1101.15,50,50100
20231117,09:25:54,1100.0,50,50100
20231117,09:28:02,1090.0,50,50100
20231117,09:30:36,1095.0,50,50100
20231117,09:31:07,1095.0,50,50100
20231117,09:32:59,1084.15,50,50150
20231117,09:33:31,1094.95,300,50150
20231117,09:38:15,1095.0,100,50450
20231117,09:39:00,1103.0,50,50450
20231117,09:41:40,1108.0,50,50450
20231117,09:45:07,1120.0,100,50400
20231117,09:57:30,1130.0,50,50400
20231117,10:07:17,1130.0,200,50400
20231117,10:19:23,1120.2,200,50450
20231117,10:27:14,1130.0,50,50450
20231117,10:28:50,1135.0,300,50450
20231117,10:37:44,1135.0,50,50450
20231117,10:41:56,1140.0,50,50400
20231117,11:00:55,1140.0,100,50400
20231117,11:05:59,1129.0,200,50400
20231117,11:15:38,1105.0,800,50400
20231117,12:25:15,1107.0,250,50950
20231117,13:44:05,1102.0,50,51200
20231117,14:00:51,1102.0,50,51250
20231117,14:06:47,1115.4,50,51200
20231117,14:11:15,1129.6,50,51150
20231117,14:30:30,1111.9,250,51100
20231117,14:35:05,1095.0,200,51150
20231117,15:14:17,1100.0,50,51150
20231117,15:14:45,1100.0,150,51350
20231117,15:20:32,1100.45,200,51200
20231117,15:23:07,1110.0,100,51200
20231117,15:27:54,1100.0,50,51200
20231120,09:23:49,1066.25,1,51200
20231120,09:23:49,1066.0,300,51200
20231120,09:39:37,1065.25,50,51400
20231120,09:39:46,1065.25,50,51400
20231120,09:40:04,1065.8,50,51400
20231120,09:40:54,1070.0,50,51400
20231120,09:43:00,1070.0,100,51600
20231120,09:44:55,1061.1,300,51650
20231120,09:48:44,1061.1,50,51650
20231120,09:49:51,1065.0,50,51650
20231120,09:54:30,1068.95,50,51700
20231120,09:55:49,1068.65,250,51700
20231120,10:07:10,1065.0,300,51600
20231120,10:15:33,1059.8,150,51300
20231120,11:04:40,1059.8,100,51200
20231120,11:10:58,1081.0,50,51300
20231120,11:14:00,1054.0,150,51250
20231120,11:18:01,1030.0,50,51150
20231120,11:27:27,1030.0,500,51200
20231120,11:46:22,1051.3,100,51700
20231120,11:53:26,1046.0,100,51700
20231120,11:54:20,1049.95,150,51600
20231120,11:54:53,1050.0,50,51600
20231120,12:46:45,1046.1,50,51600
20231120,12:50:58,1054.7,150,51500
20231120,13:25:34,1053.0,300,51350
20231120,13:30:29,1058.2,300,51650
20231120,13:32:11,1064.0,200,51650
20231120,13:33:11,1060.0,100,51900
20231120,13:52:26,1068.5,50,51900
20231120,14:48:02,1068.25,50,52050
20231120,14:50:05,1072.0,100,52050
20231120,15:11:39,1055.0,100,52150
20231120,15:12:11,1052.0,50,52150
20231120,15:29:27,1053.05,50,52300
20231121,09:29:53,1116.75,1,52250
20231121,09:29:53,1116.75,50,52250
20231121,09:35:32,1117.35,100,52200
20231121,09:35:55,1118.0,200,52100
20231121,09:36:12,1118.0,100,52100
20231121,09:45:44,1113.0,50,52200
20231121,10:25:01,1121.0,100,52250
20231121,10:26:42,1121.0,50,52250
20231121,10:33:53,1130.0,50,52250
20231121,11:18:43,1130.0,100,52300
20231121,11:55:25,1130.0,250,52300
20231121,12:10:33,1130.0,50,52050
20231121,12:11:11,1130.0,100,52050
20231121,12:14:23,1140.0,50,51900
20231121,12:18:52,1152.0,100,51950
20231121,12:27:01,1168.9,100,51950
20231121,12:38:13,1155.0,50,51950
20231121,12:59:52,1165.1,100,51950
20231121,14:17:33,1147.5,100,51900
20231121,15:03:15,1146.15,50,51900
20231121,15:09:04,1147.9,50,51900
20231121,15:15:44,1134.0,50,51900
20231122,09:25:49,1135.45,1,51850
20231122,09:25:49,1135.45,50,51850
20231122,09:31:16,1135.45,50,51850
20231122,10:14:43,1146.3,200,51900
20231122,11:52:34,1125.0,300,51950
20231122,12:22:24,1100.0,50,52050
20231122,12:29:24,1070.0,300,52100
20231122,12:33:59,1070.0,50,52100
20231122,12:37:26,1082.95,50,52150
20231122,12:41:13,1093.0,150,52200
20231122,12:41:20,1093.0,150,52200
20231122,13:04:17,1080.0,50,52500
20231122,13:05:16,1080.0,300,52500
20231122,13:11:42,1090.55,50,52850
20231122,13:17:20,1099.1,100,52850
20231122,13:35:15,1103.55,50,52850
20231122,13:35:54,1105.5,50,52850
20231122,14:28:01,1120.0,50,52900
20231122,14:28:18,1125.0,50,52900
20231122,14:33:46,1150.4,350,52900
20231122,14:40:01,1154.6,50,52900
20231122,14:40:17,1155.8,50,52900
20231122,14:40:41,1155.8,50,52900
20231122,14:41:04,1157.6,50,52900
20231122,14:49:57,1157.6,50,53100
20231122,14:50:13,1162.8,150,53100
20231122,15:01:55,1169.2,200,53150
20231122,15:02:11,1173.6,200,53150
20231122,15:02:34,1174.5,100,53150
20231122,15:02:49,1174.5,50,53150
20231122,15:03:41,1168.75,50,53050
20231122,15:26:56,1168.8,50,53050
20231123,09:22:31,1180.0,1,53150
20231123,09:22:31,1180.0,50,53150
20231123,09:42:53,1187.9,100,53150
20231123,09:54:19,1187.9,50,53200
20231123,10:11:57,1170.0,50,53250
20231123,10:12:05,1167.55,50,53250
20231123,10:26:56,1159.5,250,53250
20231123,10:36:11,1140.0,100,53500
20231123,10:36:19,1140.0,300,53500
20231123,10:49:52,1139.5,50,53500
20231123,10:55:26,1139.5,100,53550
20231123,11:37:18,1147.75,100,53550
20231123,13:08:40,1150.15,50,53550
20231123,14:21:23,1145.0,100,53600
20231123,14:22:07,1147.0,400,53600
20231123,14:23:38,1145.0,200,53600
20231123,14:31:05,1155.0,350,54300
20231123,14:34:40,1151.2,50,54650
20231123,14:41:06,1146.3,150,54650
20231123,15:01:19,1144.0,50,54650
20231123,15:11:47,1149.0,50,54650
20231123,15:21:16,1142.0,50,54650
20231123,15:23:07,1142.8,200,54700
20231123,15:24:00,1148.0,50,54700
20231123,15:25:12,1152.0,50,54700
20231124,09:38:22,1125.0,1,54650
20231124,09:38:22,1125.0,100,54650
20231124,09:44:13,1119.35,50,54650
20231124,09:45:14,1119.0,50,54750
20231124,09:52:37,1100.0,50,54750
20231124,09:53:35,1100.0,50,54750
20231124,09:53:42,1099.0,100,54750
20231124,09:54:13,1099.0,50,54750
20231124,09:55:36,1096.8,50,54750
20231124,10:18:41,1096.8,100,54900
20231124,11:33:29,1127.0,50,55000
20231124,13:02:27,1127.0,50,55050
20231124,13:09:39,1105.0,300,55100
20231124,13:13:42,1102.0,200,55100
20231124,13:14:05,1096.0,450,55100
20231124,13:20:27,1096.0,100,55100
20231124,13:38:51,1104.0,50,55100
20231124,13:41:11,1105.0,50,55150
20231124,13:51:05,1106.05,100,55200
20231124,13:57:57,1116.0,450,55200
20231124,14:31:58,1116.0,200,55650
20231124,14:39:03,1119.0,50,55850
20231124,14:42:12,1111.65,50,55800
20231124,15:16:21,1111.6,50,55800
20231124,15:28:24,1110.0,50,55800
20231128,10:23:38,1107.0,1,55850
20231128,10:23:38,1107.0,100,55850
20231128,10:34:25,1125.0,50,55950
20231128,10:45:32,1125.0,50,55950
20231128,10:55:35,1127.0,100,56000
20231128,11:05:48,1127.0,50,56050
20231128,11:10:47,1127.0,100,56100
20231128,11:12:57,1130.0,50,56100
20231128,11:25:07,1130.0,400,56150
20231128,11:39:00,1125.8,100,56550
20231128,12:13:06,1137.0,50,56550
20231128,12:15:28,1137.0,50,56600
20231128,12:15:52,1132.4,50,56600
20231128,13:26:43,1130.0,50,56650
20231128,13:26:54,1126.0,150,56650
20231128,13:27:31,1126.0,150,56850
20231128,13:29:19,1126.0,150,56850
20231128,13:30:14,1126.0,50,57150
20231128,13:47:59,1130.9,50,57150
20231128,14:19:05,1140.0,200,57200
20231128,14:27:46,1180.0,500,57200
20231128,14:28:17,1180.1,50,57200
20231128,14:29:52,1185.0,50,57200
20231128,14:33:14,1185.2,50,57750
20231128,14:33:32,1191.0,50,57750
20231128,14:34:06,1193.7,50,57750
20231128,14:34:23,1195.05,50,57750
20231128,14:34:32,1200.0,50,57750
20231128,14:36:00,1200.0,50,57750
20231128,14:37:19,1202.25,50,57750
20231128,14:39:01,1202.25,350,57750
20231128,14:40:39,1203.0,50,57400
20231128,15:11:24,1203.0,50,57400
20231128,15:22:15,1210.0,50,57400
20231128,15:24:55,1214.0,100,57400
20231128,15:29:06,1218.75,50,57500
20231129,09:16:54,1275.0,1,57500
20231129,09:16:54,1275.0,300,57500
20231129,09:17:32,1295.0,2300,57500
20231129,09:17:32,1263.9,2300,57500
20231129,09:17:43,1265.0,50,56100
20231129,09:17:46,1265.0,250,56100
20231129,09:17:50,1265.0,100,56100
20231129,09:18:13,1270.9,50,56100
20231129,09:22:48,1272.35,200,56000
20231129,09:23:09,1273.45,50,56000
20231129,09:23:57,1273.75,50,56200
20231129,09:42:43,1281.7,50,56250
20231129,09:47:33,1285.0,50,56300
20231129,09:47:41,1285.0,50,56300
20231129,09:52:29,1287.95,100,56400
20231129,09:55:59,1294.7,50,56400
20231129,10:00:10,1290.0,50,56400
20231129,10:02:40,1283.35,50,56400
20231129,10:05:55,1288.25,100,56400
20231129,10:07:04,1287.8,100,56400
20231129,10:08:51,1300.95,50,56450
20231129,10:10:22,1311.3,50,56450
20231129,10:10:44,1311.3,50,56450
20231129,10:11:52,1296.85,50,56500
20231129,10:25:13,1299.95,300,56550
20231129,10:25:59,1299.9,150,56550
20231129,10:26:06,1300.0,100,56550
20231129,10:26:13,1300.0,50,56550
20231129,10:26:19,1300.0,100,56550
20231129,10:26:26,1300.0,150,56550
20231129,10:26:32,1303.85,150,56550
20231129,10:26:58,1299.75,50,57100
20231129,10:27:17,1299.45,50,57100
20231129,10:27:23,1295.45,50,57100
20231129,10:27:29,1295.5,50,57100
20231129,10:27:41,1298.75,50,57100
20231129,10:28:15,1299.6,50,57100
20231129,10:29:47,1297.55,50,57100
20231129,10:33:43,1298.0,50,57350
20231129,10:35:42,1303.4,50,57350
20231129,10:49:25,1299.95,50,57300
20231129,10:53:48,1299.55,150,57350
20231129,10:54:07,1300.0,50,57500
20231129,10:54:13,1300.0,150,57500
20231129,10:54:27,1300.0,200,57500
20231129,11:01:00,1291.25,50,57500
20231129,11:01:06,1295.6,50,57500
20231129,11:06:44,1295.9,200,57500
20231129,11:07:33,1296.65,50,57500
20231129,11:08:05,1296.6,50,57500
20231129,11:21:53,1301.0,50,57650
20231129,11:24:44,1303.3,50,57600
20231129,11:25:38,1305.3,250,57600
20231129,11:27:30,1311.25,250,57700
20231129,11:32:53,1320.0,50,57850
20231129,11:50:16,1320.0,50,57900
20231129,11:50:23,1320.0,50,57900
20231129,11:54:15,1320.0,50,58000
20231129,12:00:04,1320.3,50,58050
20231129,12:04:14,1320.3,100,58100
20231129,12:05:26,1319.0,50,58100
20231129,12:07:56,1329.95,100,58200
20231129,12:10:04,1329.95,150,58200
20231129,12:11:03,1329.7,50,58200
20231129,12:12:12,1329.65,100,58250
20231129,12:12:39,1329.7,50,58250
20231129,12:14:35,1330.0,50,58250
20231129,12:25:42,1330.0,50,58450
20231129,12:26:05,1332.0,50,58450
20231129,12:33:12,1332.0,50,58500
20231129,12:33:52,1323.55,50,58500
20231129,12:37:22,1320.0,50,58500
20231129,12:41:29,1323.0,50,58500
20231129,12:41:51,1323.65,50,58500
20231129,12:45:11,1325.0,50,58500
20231129,12:51:41,1326.05,50,58550
20231129,12:59:04,1326.05,50,58550
20231129,13:01:41,1330.0,150,58600
20231129,13:03:39,1326.0,300,58750
20231129,13:07:11,1339.3,50,58950
20231129,13:07:38,1339.3,100,58950
20231129,13:07:45,1332.0,50,58950
20231129,13:08:07,1329.0,150,58950
20231129,13:08:54,1339.35,50,58950
20231129,13:11:43,1339.35,50,59250
20231129,13:24:47,1335.0,150,59200
20231129,13:25:13,1335.0,50,59200
20231129,13:26:59,1339.95,50,59200
20231129,13:38:57,1339.95,50,59200
20231129,13:42:52,1340.0,50,59250
20231129,13:43:59,1346.0,50,59250
20231129,13:44:07,1350.0,100,59250
20231129,13:44:16,1355.0,50,59250
20231129,13:45:15,1368.05,50,59250
20231129,13:48:38,1372.7,50,59300
20231129,13:56:43,1372.7,100,59300
20231129,13:57:14,1360.0,50,59300
20231129,13:57:46,1355.0,50,59450
20231129,13:58:02,1355.0,50,59450
20231129,13:58:10,1353.0,100,59450
20231129,13:58:41,1350.0,800,59450
20231129,13:59:12,1349.3,100,59450
20231129,14:11:43,1370.7,50,60050
20231129,14:17:16,1360.0,50,60050
20231129,14:21:19,1365.0,50,60000
20231129,14:27:30,1370.0,100,60000
20231129,14:28:51,1370.0,150,60000
20231129,14:32:31,1369.95,50,60000
20231129,14:32:39,1369.0,50,60000
20231129,14:42:48,1378.0,250,60100
20231129,14:48:38,1381.95,50,60350
20231129,14:50:32,1382.0,50,60350
20231129,14:52:40,1382.0,50,60350
20231129,15:01:25,1393.0,500,60400
20231129,15:02:03,1393.0,50,60400
20231129,15:04:57,1396.65,100,60450
20231129,15:05:05,1396.65,100,60450
20231129,15:05:14,1399.0,150,60450
20231129,15:05:46,1399.0,100,60450
20231129,15:06:02,1388.75,50,60450
20231129,15:13:15,1390.5,50,60350
20231129,15:13:57,1403.55,250,60350
20231129,15:14:30,1403.55,50,60350
20231129,15:16:29,1403.45,50,60450
20231129,15:16:45,1396.1,50,60450
20231129,15:26:59,1396.8,50,60400
20231130,09:25:06,1395.9,1,60350
20231130,09:25:06,1395.9,100,60350
20231130,09:26:29,1379.95,50,60350
20231130,09:27:22,1378.85,50,60350
20231130,09:35:10,1371.4,50,60350
20231130,09:35:27,1371.4,100,60350
20231130,09:45:11,1406.0,50,60400
20231130,09:54:50,1406.0,50,60400
20231130,09:55:57,1321.0,500,60400
20231130,10:04:40,1315.0,50,60400
20231130,10:12:41,1315.0,450,60400
20231130,10:27:33,1350.0,100,60700
20231130,10:36:43,1328.75,50,60600
20231130,10:39:17,1353.0,50,60650
20231130,10:44:24,1375.0,50,60600
20231130,10:46:08,1385.0,50,60600
20231130,11:04:46,1363.05,100,60600
20231130,11:05:50,1365.0,50,60600
20231130,11:09:37,1359.0,50,60600
20231130,11:32:27,1337.25,100,60600
20231130,11:48:09,1350.0,100,60600
20231130,11:49:08,1350.0,100,60600
20231130,11:50:05,1355.0,50,60600
20231130,11:55:20,1354.95,50,60450
20231130,11:55:27,1355.0,50,60450
20231130,12:02:00,1349.35,50,60450
20231130,12:04:23,1350.05,50,60500
20231130,12:04:52,1342.8,50,60500
20231130,12:39:11,1335.15,150,60600
20231130,12:44:01,1350.0,150,60750
20231130,13:04:25,1345.0,50,60900
20231130,13:15:21,1369.0,50,60900
20231130,13:56:50,1380.2,50,60950
20231130,14:11:14,1366.15,50,61000
20231130,14:28:09,1375.0,50,61000
20231130,14:31:26,1381.0,50,61000
20231130,14:40:45,1372.5,100,61000
20231130,14:41:17,1385.0,50,61000
20231130,14:41:51,1396.0,100,61000
20231130,14:45:58,1408.0,100,61000
20231130,15:01:19,1408.0,150,61000
20231130,15:02:33,1383.5,100,61000
20231130,15:03:14,1383.5,50,61000
20231130,15:11:08,1420.45,100,61000
20231130,15:13:49,1426.2,200,61000
20231130,15:20:16,1426.2,50,60950
20231130,15:20:51,1423.0,450,60950
20231130,15:27:38,1423.0,100,60900
20231130,15:27:55,1419.0,300,61000
20231130,15:29:35,1399.15,50,61000
20231201,09:22:15,1485.0,1,61050
20231201,09:22:15,1485.0,100,61050
20231201,09:22:31,1485.0,1650,61050
20231201,09:23:48,1479.7,50,61150
20231201,09:24:19,1479.0,100,61150
20231201,09:25:33,1479.0,100,61150
20231201,09:26:41,1482.55,100,61000
20231201,09:27:49,1484.4,100,61000
20231201,09:28:44,1496.2,200,61000
20231201,09:28:52,1496.2,100,61000
20231201,09:29:32,1488.15,100,60600
20231201,09:30:19,1486.4,100,60600
20231201,09:31:05,1488.05,50,60600
20231201,09:34:29,1494.0,1800,60350
20231201,09:34:45,1486.55,100,60350
20231201,09:37:31,1486.0,100,60250
20231201,09:38:34,1477.95,50,60250
20231201,09:39:42,1477.95,100,60250
20231201,09:43:21,1481.45,100,60150
20231201,09:45:14,1491.0,50,60050
20231201,09:45:59,1482.4,50,60050
20231201,09:47:35,1484.55,100,60050
20231201,09:48:12,1481.55,100,60050
20231201,09:48:42,1481.95,50,60050
20231201,09:49:13,1500.0,150,60050
20231201,09:52:07,1520.0,50,59750
20231201,09:53:50,1530.55,50,59750
20231201,09:54:47,1533.0,50,59750
20231201,10:06:49,1533.0,50,59750
20231201,10:06:57,1525.7,50,59750
20231201,10:07:11,1522.0,50,59750
20231201,10:10:25,1519.2,50,59700
20231201,10:10:55,1518.2,50,59700
20231201,10:13:41,1514.35,100,59700
20231201,10:20:12,1512.5,50,59600
20231201,10:20:34,1511.0,50,59600
20231201,10:20:49,1511.85,50,59600
20231201,10:21:33,1509.2,50,59600
20231201,10:30:31,1509.2,50,59550
20231201,10:31:19,1505.75,250,59550
20231201,10:36:10,1505.1,50,59300
20231201,10:38:16,1505.75,300,59300
20231201,10:42:41,1505.0,250,59300
20231201,11:01:00,1522.0,600,58800
20231201,11:06:47,1522.0,100,58200
20231201,11:07:40,1511.2,50,58200
20231201,11:13:21,1518.0,50,58150
20231201,11:14:27,1518.0,50,58150
20231201,11:46:47,1520.1,50,58100
20231201,11:52:48,1513.6,200,58100
20231201,11:54:12,1514.3,50,58200
20231201,11:54:18,1514.15,200,58200
20231201,11:57:03,1515.15,50,58400
20231201,12:08:14,1516.0,50,58400
20231201,12:23:29,1506.2,100,58450
20231201,12:25:52,1517.5,100,58550
20231201,13:07:26,1531.0,500,58450
20231201,13:16:24,1515.5,50,57950
20231201,13:38:39,1518.65,50,57950
20231201,13:44:15,1524.7,50,58000
20231201,14:12:24,1524.05,50,58000
20231201,14:17:08,1527.0,300,58000
20231201,14:17:39,1523.55,50,58000
20231201,14:18:25,1531.85,50,57900
20231201,14:31:17,1515.3,50,57850
20231201,14:31:26,1525.4,50,57850
20231201,14:32:37,1518.45,150,57850
20231201,14:42:48,1514.0,50,57700
20231201,14:43:57,1511.0,50,57700
20231201,14:44:07,1510.0,150,57700
20231201,14:47:45,1513.5,50,57800
20231201,15:00:20,1515.0,50,57800
20231201,15:01:26,1521.95,50,57800
20231201,15:15:33,1515.3,150,57800
20231201,15:15:41,1510.0,50,57800
20231201,15:21:40,1509.05,50,57650
20231201,15:24:57,1509.2,50,57600
20231201,15:25:21,1511.95,200,57600
20231201,15:25:29,1511.9,100,57600
20231201,15:25:54,1512.0,50,57600
20231201,15:26:02,1512.0,50,57600
20231201,15:27:10,1512.0,100,57300
20231201,15:28:01,1514.85,100,57300
20231201,15:28:18,1507.0,50,57300
20231204,09:17:30,1790.0,1,57300
20231204,09:17:30,1790.0,100,57300
20231204,09:18:10,1790.1,50,57300
20231204,09:18:25,1790.1,150,57300
20231204,09:18:25,1787.15,150,57300
20231204,09:21:41,1751.15,200,57100
20231204,09:24:43,1785.6,100,57200
20231204,09:25:08,1773.7,50,57200
20231204,09:28:05,1785.6,200,57200
20231204,09:33:04,1800.0,100,57000
20231204,09:34:51,1807.15,50,57000
20231204,09:36:27,1807.15,50,57050
20231204,09:38:42,1797.75,50,57050
20231204,09:40:53,1794.95,100,57050
20231204,09:42:21,1782.35,150,57100
20231204,09:49:08,1791.65,50,57000
20231204,09:55:58,1772.9,50,57000
20231204,09:57:39,1775.0,50,57050
20231204,09:57:47,1770.0,1750,57050
20231204,10:00:18,1775.0,50,58150
20231204,10:06:55,1760.0,1000,58100
20231204,10:11:58,1770.0,300,59000
20231204,10:23:04,1772.0,150,59300
20231204,10:23:20,1763.65,50,59300
20231204,10:25:35,1766.9,150,59150
20231204,10:27:27,1780.0,100,59250
20231204,10:32:01,1780.0,200,59250
20231204,10:42:36,1780.0,50,59050
20231204,11:09:43,1800.0,100,59050
20231204,11:11:40,1805.0,50,59050
20231204,11:13:52,1812.65,150,59000
20231204,11:14:57,1812.75,100,58950
20231204,11:15:06,1815.55,100,58950
20231204,11:21:45,1815.55,50,58950
20231204,11:27:47,1815.55,100,58900
20231204,11:51:18,1815.55,50,58800
20231204,12:01:14,1810.6,50,58850
20231204,12:14:12,1825.7,50,58850
20231204,12:26:34,1825.7,500,58850
20231204,12:28:18,1811.05,50,59100
20231204,12:32:21,1815.5,50,59100
20231204,12:40:53,1817.1,50,59100
20231204,13:05:54,1826.0,250,59150
20231204,13:17:11,1840.0,50,59150
20231204,13:18:32,1853.3,100,59100
20231204,13:26:25,1854.0,50,59050
20231204,13:31:04,1863.55,50,59050
20231204,13:39:16,1863.55,250,59000
20231204,14:03:58,1883.7,200,58750
20231204,14:10:39,1891.1,50,58700
20231204,14:10:48,1891.1,50,58700
20231204,14:16:28,1898.7,50,58600
20231204,14:16:37,1898.7,100,58600
20231204,14:23:04,1895.95,50,58550
20231204,14:29:56,1902.8,50,58500
20231204,14:47:02,1921.15,50,58500
20231204,14:48:48,1921.15,50,58500
20231204,14:52:10,1915.0,800,58450
20231204,14:52:38,1915.0,250,58450
20231204,14:53:34,1915.0,150,58450
20231204,15:03:05,1927.0,50,59450
20231204,15:03:15,1929.0,100,59450
20231204,15:03:54,1929.0,50,59550
20231204,15:04:24,1900.25,100,59550
20231204,15:04:34,1903.0,250,59550
20231204,15:06:11,1925.0,250,59550
20231204,15:06:30,1915.0,50,58850
20231204,15:07:08,1911.0,50,58850
20231204,15:09:40,1899.25,50,58900
20231204,15:14:57,1910.0,200,58950
20231204,15:18:20,1908.0,50,58750
20231204,15:18:39,1912.0,50,58750
20231204,15:19:56,1905.55,50,58750
20231204,15:21:31,1908.0,50,58850
20231204,15:21:41,1910.0,50,58850
20231204,15:26:38,1910.0,50,58850
20231204,15:28:05,1917.25,100,58900
20231204,15:29:32,1917.25,50,58900
20231205,09:17:18,1949.05,1,58850
20231205,09:17:18,1949.05,50,58850
20231205,09:18:25,1949.05,350,58900
20231205,09:19:05,1940.0,50,58900
20231205,09:19:46,1940.0,50,58900
20231205,09:23:52,1949.5,100,58450
20231205,09:23:52,1940.0,100,58450
20231205,09:24:12,1940.0,100,58450
20231205,09:24:41,1940.0,100,58450
20231205,09:25:20,1935.0,200,58450
20231205,09:26:01,1935.0,200,58450
20231205,09:26:22,1940.55,50,58450
20231205,09:26:55,1950.0,200,59000
20231205,09:27:28,1950.0,200,59000
20231205,09:32:04,1951.3,250,59400
20231205,09:37:55,1965.0,450,59650
20231205,09:39:10,1975.0,100,59700
20231205,09:40:15,1975.0,50,59700
20231205,09:40:47,1978.0,100,59700
20231205,09:42:34,1978.0,1000,59700
20231205,09:43:37,1978.0,200,59450
20231205,09:48:57,2022.65,200,60550
20231205,09:49:18,2022.65,50,60550
20231205,09:50:20,2018.25,50,60550
20231205,09:51:02,2000.0,200,60350
20231205,09:51:13,2002.35,50,60350
20231205,09:57:35,1979.45,50,60400
20231205,10:04:26,2008.2,50,60450
20231205,10:13:46,2009.0,100,60400
20231205,10:14:16,2011.0,50,60400
20231205,10:14:38,2012.0,50,60400
20231205,10:15:30,2012.0,100,60600
20231205,10:20:03,2041.1,300,60700
20231205,10:21:10,2045.0,100,60400
20231205,10:26:14,2049.45,100,60400
20231205,10:26:24,2049.45,100,60400
20231205,10:44:04,2035.0,50,60300
20231205,11:00:45,2045.0,50,60350
20231205,11:05:28,2049.05,50,60350
20231205,11:06:51,2050.0,50,60350
20231205,11:07:42,2050.95,200,60350
20231205,11:08:03,2051.45,50,60350
20231205,11:08:14,2051.65,500,60350
20231205,11:08:24,2052.95,400,60350
20231205,11:08:35,2053.05,50,60350
20231205,11:09:39,2053.05,50,60350
20231205,11:10:11,2031.35,100,60350
20231205,11:11:29,2037.2,50,60350
20231205,11:14:41,2035.25,50,60400
20231205,11:16:47,2029.35,100,60400
20231205,11:16:57,2025.95,150,60400
20231205,11:29:53,2008.75,1050,60400
20231205,11:30:04,2006.6,100,60400
20231205,11:30:14,2003.5,1000,60400
20231205,11:30:24,2004.85,50,60400
20231205,11:30:35,1999.45,450,60400
20231205,11:31:29,1994.0,50,60400
20231205,11:31:40,1992.75,400,60400
20231205,11:31:51,1987.95,50,60400
20231205,11:32:01,1985.75,50,60400
20231205,11:32:23,1985.75,50,60400
20231205,11:33:39,1967.4,50,61750
20231205,11:34:35,1967.5,50,61750
20231205,11:36:22,1970.4,50,61850
20231205,11:37:49,1958.65,50,61850
20231205,11:38:11,1967.0,50,61850
20231205,11:38:21,1966.1,50,61850
20231205,11:39:45,1963.8,250,62050
20231205,11:39:56,1968.25,450,62050
20231205,11:40:06,1966.3,350,62050
20231205,11:40:16,1966.55,600,62050
20231205,11:40:48,1970.3,250,62050
20231205,11:40:59,1973.45,1000,62050
20231205,11:41:20,1974.2,300,62050
20231205,11:41:31,1976.25,450,62050
20231205,11:41:42,1977.7,450,62050
20231205,11:41:53,1986.1,550,66150
20231205,11:42:03,1979.6,200,66150
20231205,11:42:14,1976.05,50,66150
20231205,11:43:40,1946.35,600,66150
20231205,11:44:33,1958.5,100,66150
20231205,11:46:29,1955.0,50,67050
20231205,11:51:58,1943.05,100,67050
20231205,11:55:55,1955.0,200,67000
20231205,12:34:11,2005.3,50,67000
20231205,13:32:20,2030.0,500,66950
20231205,13:36:24,2040.8,50,67450
20231205,13:41:29,2040.8,150,67400
20231205,13:43:19,2040.6,150,67550
20231205,14:23:03,2020.05,300,67700
20231205,14:31:00,2032.35,150,67400
20231205,14:44:54,2035.0,50,67350
20231205,14:48:07,2035.0,50,67400
20231205,14:53:39,2038.0,100,67400
20231205,14:55:08,2039.0,100,67400
20231205,15:00:11,2044.0,100,67400
20231205,15:01:38,2050.0,50,67400
20231205,15:02:09,2049.95,50,67400
20231205,15:03:11,2048.15,50,67400
20231205,15:04:47,2052.0,100,67400
20231205,15:07:20,2060.0,50,67400
20231205,15:08:13,2060.0,100,67400
20231205,15:09:48,2060.0,50,67450
20231205,15:10:09,2057.05,200,67450
20231205,15:12:38,2055.0,200,67450
20231205,15:23:21,2055.6,500,67550
20231205,15:28:05,2070.0,150,67700
20231205,15:28:16,2070.0,100,67700
20231206,09:16:10,2146.85,1,67700
20231206,09:16:10,2146.85,50,67700
20231206,09:16:34,2148.0,250,67500
20231206,09:18:04,2143.2,200,67500
20231206,09:18:28,2148.0,100,67500
20231206,09:18:57,2146.25,100,67500
20231206,09:20:08,2147.25,50,67500
20231206,09:21:00,2141.4,50,67400
20231206,09:21:20,2141.3,100,67400
20231206,09:21:31,2141.3,50,67400
20231206,09:21:41,2145.0,250,67400
20231206,09:22:02,2148.05,350,67400
20231206,09:22:12,2148.05,100,67400
20231206,09:22:22,2145.45,250,67400
20231206,09:22:32,2145.0,150,67400
20231206,09:22:42,2144.5,250,67400
20231206,09:23:52,2145.65,250,68750
20231206,09:24:02,2148.0,150,68750
20231206,09:24:22,2145.35,50,68750
20231206,09:25:35,2136.8,350,68750
20231206,09:25:45,2136.8,150,68750
20231206,09:25:56,2142.85,100,68750
20231206,09:37:53,2115.15,50,69150
20231206,09:46:15,2115.15,150,69100
20231206,09:48:28,2138.0,100,69050
20231206,09:49:20,2139.0,200,69050
20231206,09:50:24,2160.0,100,69050
20231206,09:54:28,2160.0,100,68950
20231206,09:56:43,2143.0,200,68950
20231206,10:00:10,2147.0,200,68950
20231206,10:00:31,2146.0,100,68950
20231206,10:13:40,2129.0,50,69000
20231206,10:26:34,2100.0,100,69000
20231206,10:29:51,2100.0,50,69000
20231206,10:34:56,2110.0,50,68950
20231206,10:37:12,2110.0,50,68950
20231206,10:39:26,2120.0,50,68950
20231206,10:39:46,2122.6,50,68950
20231206,10:40:35,2115.0,50,68950
20231206,10:44:18,2120.0,100,68900
20231206,10:46:50,2135.2,50,68900
20231206,10:52:11,2145.0,500,68900
20231206,11:02:20,2148.35,50,69100
20231206,11:08:33,2148.35,100,69100
20231206,11:36:14,2142.0,50,69100
20231206,11:57:25,2135.0,200,69050
20231206,11:59:42,2137.1,100,69050
20231206,12:05:14,2137.0,200,69150
20231206,12:23:45,2143.7,50,69200
20231206,12:30:19,2137.95,50,69150
20231206,12:34:26,2127.3,100,69100
20231206,12:35:19,2100.0,1000,69100
20231206,12:36:11,2104.2,250,69100
20231206,12:36:21,2107.9,100,69200
20231206,12:37:11,2115.0,250,69200
20231206,12:51:02,2100.15,150,69200
20231206,12:55:00,2095.8,100,69250
20231206,13:53:21,2095.8,100,69300
20231206,14:21:57,2167.3,50,69300
20231206,14:33:02,2167.3,50,69250
20231206,14:36:56,2147.25,50,69250
20231206,14:37:55,2152.15,50,69250
20231206,14:38:15,2152.0,100,69250
20231206,14:38:24,2153.0,100,69250
20231206,14:49:19,2158.55,50,69300
20231206,14:51:24,2155.0,100,69300
20231206,15:03:40,2150.0,100,69300
20231206,15:13:19,2150.0,100,69300
20231206,15:14:40,2163.4,200,69300
20231206,15:20:31,2156.65,50,69150
20231206,15:24:00,2158.85,50,69150
20231206,15:25:04,2165.1,50,69150
20231207,09:18:38,2097.8,1,69150
20231207,09:18:38,2097.8,50,69150
20231207,09:21:31,2097.85,100,69150
20231207,09:22:20,2097.85,300,69150
20231207,09:25:24,2076.1,50,69250
20231207,09:25:35,2076.1,200,69250
20231207,09:30:37,2075.0,50,69300
20231207,09:32:44,2075.0,350,69300
20231207,09:32:54,2080.5,100,69300
20231207,09:33:55,2084.65,300,69300
20231207,09:38:47,2110.05,50,69950
20231207,09:40:54,2120.0,100,69950
20231207,09:49:42,2120.0,50,70000
20231207,09:49:52,2095.0,50,70000
20231207,09:50:03,2093.0,100,70000
20231207,09:50:13,2091.0,50,70000
20231207,09:57:33,2085.4,450,70000
20231207,10:00:20,2090.0,50,70400
20231207,10:06:46,2080.15,200,70400
20231207,10:13:08,2078.0,50,70400
20231207,10:34:37,2085.5,50,70400
20231207,10:37:34,2090.0,100,70450
20231207,10:37:44,2088.0,50,70450
20231207,10:38:13,2090.0,50,70450
20231207,10:52:35,2119.9,50,70500
20231207,10:53:06,2121.65,700,70500
20231207,11:17:48,2130.7,300,70850
20231207,11:22:30,2130.25,300,71100
20231207,11:26:29,2135.0,100,71350
20231207,11:27:00,2135.0,300,71450
20231207,11:52:18,2126.95,300,71700
20231207,11:52:28,2125.45,2900,71700
20231207,11:56:56,2140.0,500,74350
20231207,11:58:02,2140.0,200,74350
20231207,12:01:00,2130.0,200,74150
20231207,12:01:59,2125.55,50,74150
20231207,12:05:03,2133.0,200,74150
20231207,12:07:35,2130.0,50,73950
20231207,12:07:52,2130.0,50,73950
20231207,12:21:56,2130.0,100,73950
20231207,12:31:22,2131.85,200,73950
20231207,12:31:31,2132.85,100,73950
20231207,12:40:09,2125.75,100,73650
20231207,12:40:26,2126.5,600,73650
20231207,12:41:23,2121.0,400,73650
20231207,12:43:55,2120.0,500,73650
20231207,12:50:40,2130.05,100,73600
20231207,12:59:28,2125.1,100,73600
20231207,13:01:08,2125.1,50,73500
20231207,13:01:25,2125.1,50,73500
20231207,13:01:51,2125.1,50,73500
20231207,13:04:23,2129.35,50,73350
20231207,13:08:17,2129.35,50,73350
20231207,13:14:09,2145.0,50,73350
20231207,13:14:29,2145.0,50,73350
20231207,13:17:42,2145.0,100,73350
20231207,13:19:20,2142.05,100,73400
20231207,13:21:34,2141.2,300,73300
20231207,13:32:00,2143.75,100,73000
20231207,13:34:11,2143.0,250,72900
20231207,13:37:47,2136.05,350,72900
20231207,14:05:37,2136.0,50,73200
20231207,14:29:22,2138.85,100,73200
20231207,14:30:08,2130.95,200,73200
20231207,14:30:18,2143.0,250,73300
20231207,14:30:38,2137.3,200,73300
20231207,14:32:09,2148.25,450,73300
20231207,14:34:46,2147.55,100,73950
20231207,14:36:41,2145.6,100,73850
20231207,14:48:50,2131.1,500,73900
20231207,14:50:41,2130.6,100,73900
20231207,14:52:18,2135.65,300,73650
20231207,15:06:08,2129.95,250,73350
20231207,15:10:57,2126.55,100,73500
20231207,15:11:16,2140.0,50,73500
20231207,15:15:06,2140.0,50,73600
20231207,15:15:52,2140.0,50,73650
20231207,15:20:46,2146.95,100,73700
20231207,15:28:06,2152.45,100,73600
20231208,09:26:55,2186.5,1,73500
20231208,09:26:55,2186.5,50,73500
20231208,09:28:39,2185.6,50,73500
20231208,09:31:59,2174.85,50,73500
20231208,09:40:30,2174.85,250,73450
20231208,09:41:53,2175.0,150,73700
20231208,09:42:02,2175.0,100,73700
20231208,09:55:40,2197.0,50,73950
20231208,09:55:58,2197.0,50,73950
20231208,09:56:17,2197.0,50,73950
20231208,09:56:54,2195.0,50,73800
20231208,09:57:59,2200.2,50,73800
20231208,09:58:18,2200.55,450,73800
20231208,10:02:47,2200.55,100,73250
20231208,10:05:09,2201.5,100,73250
20231208,10:05:18,2202.0,100,73250
20231208,10:13:01,2202.0,200,73150
20231208,10:13:48,2202.0,50,73150
20231208,10:13:57,2190.0,50,73150
20231208,10:24:16,2180.0,100,73050
20231208,10:32:17,2198.4,100,73150
20231208,10:34:46,2192.5,2750,73150
20231208,10:34:54,2193.5,50,73150
20231208,10:54:19,2192.0,50,75950
20231208,11:07:06,2120.0,50,75900
20231208,11:09:00,2120.0,150,75900
20231208,11:10:25,2124.3,100,75900
20231208,11:13:59,2140.0,50,75950
20231208,11:36:39,2165.0,50,76000
20231208,11:37:40,2175.0,400,76000
20231208,12:27:15,2139.3,200,76450
20231208,12:50:15,2111.0,50,76650
20231208,12:50:58,2111.0,150,76650
20231208,12:58:56,2120.05,100,76650
20231208,12:59:23,2127.0,50,76650
20231208,13:03:03,2100.0,100,76600
20231208,13:04:01,2100.0,100,76600
20231208,13:12:59,2095.0,200,76750
20231208,13:13:26,2095.0,300,76750
20231208,13:16:58,2095.0,50,76750
20231208,13:39:07,2029.05,150,77300
20231208,13:39:47,2029.05,50,77300
20231208,13:43:27,2061.95,50,77300
20231208,13:46:13,2070.0,50,77300
20231208,13:46:42,2070.0,50,77300
20231208,13:47:01,2075.0,150,77300
20231208,13:47:30,2070.0,50,77300
20231208,13:55:01,2076.6,100,77600
20231208,13:55:11,2076.25,100,77600
20231208,13:56:04,2079.85,100,77600
20231208,13:57:59,2077.7,50,77800
20231208,14:09:15,2110.0,100,77850
20231208,14:18:11,2101.65,100,77950
20231208,14:26:11,2101.65,150,78050
20231208,14:26:21,2101.65,100,78050
20231208,14:32:14,2105.0,50,78050
20231208,14:39:04,2125.0,100,78100
20231208,14:40:12,2127.0,500,78200
20231208,14:40:40,2128.0,300,78200
20231208,14:41:46,2128.0,100,78200
20231208,14:41:55,2128.0,200,78200
20231208,14:42:14,2129.3,50,78200
20231208,14:42:23,2128.0,300,79350
20231208,14:42:32,2129.45,50,79350
20231208,14:46:23,2148.0,100,79700
20231208,14:47:40,2138.3,400,79700
20231208,14:47:50,2139.05,100,79700
20231208,14:48:47,2139.95,250,80200
20231208,14:49:35,2140.0,250,80200
20231208,14:52:15,2137.6,300,80700
20231208,14:54:49,2140.0,900,81000
20231208,14:54:59,2140.0,350,81000
20231208,14:57:04,2127.6,250,81000
20231208,14:57:34,2133.0,150,82100
20231208,14:58:42,2140.0,1250,82100
20231208,15:04:20,2166.25,50,83500
20231208,15:13:42,2180.35,150,83550
20231208,15:14:29,2182.5,100,83550
20231208,15:15:18,2193.0,100,83550
20231208,15:17:56,2193.0,200,83700
20231208,15:20:00,2194.95,350,83700
20231208,15:23:16,2200.0,100,83150
20231208,15:24:35,2190.0,50,83050
20231208,15:25:13,2193.0,150,83050
20231208,15:25:32,2190.0,50,83050
20231208,15:29:31,2200.0,50,83200
20231211,09:15:32,2189.8,1,83250
20231211,09:15:32,2189.8,50,83250
20231211,09:16:20,2175.0,50,83250
20231211,09:27:07,2175.0,50,83200
20231211,09:29:30,2175.0,50,83200
20231211,09:29:40,2170.0,50,83150
20231211,09:30:19,2165.0,50,83150
20231211,09:31:00,2160.0,50,83150
20231211,09:39:49,2160.0,100,83000
20231211,09:48:57,2200.0,100,82900
20231211,09:51:48,2180.2,50,82800
20231211,09:53:12,2181.45,50,82800
20231211,09:55:43,2196.0,50,82900
20231211,10:10:53,2195.0,100,82850
20231211,10:18:08,2201.35,50,82950
20231211,10:18:17,2201.35,200,82950
20231211,10:18:27,2201.75,800,82950
20231211,10:18:36,2204.05,200,82950
20231211,10:18:46,2205.45,150,82950
20231211,10:18:55,2200.2,50,82950
20231211,10:19:43,2197.15,50,82950
20231211,10:22:27,2208.95,250,82950
20231211,10:23:48,2211.3,50,83000
20231211,10:24:39,2225.75,150,83000
20231211,10:25:11,2225.75,50,83000
20231211,10:25:42,2225.75,50,83000
20231211,10:26:02,2221.2,100,83000
20231211,10:28:33,2218.8,50,83050
20231211,10:29:40,2218.0,100,83050
20231211,10:34:49,2204.6,50,83200
20231211,10:55:15,2174.0,100,83250
20231211,10:56:52,2171.55,50,83150
20231211,11:00:05,2180.0,100,83150
20231211,11:04:36,2195.0,100,83250
20231211,11:12:25,2214.4,50,83250
20231211,11:12:54,2212.95,50,83250
20231211,11:14:34,2211.85,50,83250
20231211,11:15:58,2209.0,50,83250
20231211,11:16:18,2216.3,50,83250
20231211,11:32:58,2206.0,100,83250
20231211,11:55:46,2162.0,700,83250
20231211,12:25:08,2160.0,50,83200
20231211,12:37:35,2163.8,100,83250
20231211,13:15:21,2187.0,50,83350
20231211,13:35:13,2189.0,50,83350
20231211,13:37:05,2189.0,100,83450
20231211,14:02:34,2183.6,200,83550
20231211,14:02:59,2185.0,50,83550
20231211,14:06:14,2190.0,200,83750
20231211,14:09:07,2194.25,100,83750
20231211,14:09:41,2191.3,200,83950
20231211,14:09:50,2197.0,50,83950
20231211,14:10:09,2198.9,250,83950
20231211,14:13:09,2197.25,50,84250
20231211,14:13:59,2195.7,150,84250
20231211,14:14:08,2195.4,50,84250
20231211,14:14:33,2196.95,150,84250
20231211,14:14:58,2197.4,50,84250
20231211,14:15:29,2196.75,50,84250
20231211,14:17:59,2190.0,100,84250
20231211,14:19:27,2194.1,50,84350
20231211,14:34:17,2201.0,250,84350
20231211,15:03:44,2215.1,50,84150
20231211,15:04:42,2215.0,50,84150
20231211,15:15:47,2200.0,50,84200
20231211,15:16:46,2190.0,50,84200
20231211,15:23:29,2190.05,50,84150
20231212,09:18:02,2226.0,1,84100
20231212,09:18:02,2226.9,100,84100
20231212,09:21:35,2223.1,50,84050
20231212,09:22:59,2217.7,200,84050
20231212,09:23:08,2210.7,1150,84050
20231212,09:23:26,2227.9,50,84050
20231212,09:23:55,2229.35,300,85350
20231212,09:24:23,2230.0,200,85350
20231212,09:27:43,2230.0,100,85150
20231212,09:28:12,2230.0,400,85150
20231212,09:28:39,2229.9,100,85150
20231212,09:29:26,2227.4,100,85150
20231212,09:30:43,2227.15,100,84850
20231212,09:32:44,2230.0,50,84850
20231212,09:33:21,2230.1,50,84850
20231212,09:33:40,2238.05,50,84850
20231212,09:33:58,2239.25,250,84850
20231212,09:37:59,2239.25,100,84900
20231212,09:41:12,2234.5,100,84900
20231212,09:41:58,2234.5,50,84950
20231212,09:45:37,2230.65,50,84900
20231212,09:58:36,2225.05,50,84850
20231212,10:00:14,2223.5,50,84900
20231212,10:02:11,2225.0,150,84900
20231212,10:04:16,2223.8,50,84900
20231212,10:04:25,2224.0,200,84900
20231212,10:08:29,2222.15,50,84950
20231212,10:17:40,2202.0,50,85000
20231212,10:17:50,2200.0,50,85000
20231212,10:21:54,2199.5,50,85000
20231212,10:25:06,2180.0,100,85050
20231212,10:29:52,2180.0,50,85050
20231212,10:32:50,2210.0,50,85050
20231212,10:34:28,2205.0,50,85050
20231212,10:35:45,2206.1,50,85050
20231212,10:36:33,2210.0,50,85150
20231212,10:48:05,2205.0,100,85100
20231212,11:12:24,2226.8,400,85200
20231212,11:51:41,2207.6,50,85450
20231212,11:52:44,2204.25,100,85450
20231212,11:54:05,2205.35,50,85600
20231212,12:00:56,2204.65,150,85600
20231212,12:01:51,2206.6,700,85600
20231212,12:02:00,2207.3,100,85600
20231212,12:02:52,2192.1,250,85600
20231212,12:07:11,2195.7,200,86250
20231212,12:09:44,2198.0,200,86450
20231212,12:13:51,2194.0,200,86500
20231212,12:14:09,2208.4,50,86500
20231212,12:19:56,2209.5,50,86750
20231212,12:22:06,2210.95,100,86750
20231212,12:22:56,2211.45,100,86750
20231212,12:33:26,2216.35,500,86850
20231212,12:33:42,2216.4,50,86850
20231212,12:34:41,2217.55,100,86850
20231212,12:45:33,2201.0,250,87200
20231212,12:55:21,2179.95,50,86950
20231212,13:18:32,2169.85,50,86950
20231212,13:18:42,2169.85,50,86950
20231212,13:24:19,2173.4,50,87050
20231212,13:36:20,2179.0,50,87100
20231212,13:58:20,2180.05,50,87150
20231212,13:59:48,2168.9,50,87150
20231212,14:04:15,2168.9,50,87200
20231212,14:04:35,2179.0,500,87200
