date,time,tick_price,volume,open_interest
20231228,09:20:39,446.5,700,800
20231228,09:20:49,447.05,50,800
20231228,09:20:59,443.85,100,800
20231228,09:21:09,443.0,50,800
20231228,09:21:18,442.8,150,800
20231228,09:21:47,440.8,50,800
20231228,09:22:06,440.8,100,800
20231228,09:28:45,448.0,200,1200
20231228,09:28:54,448.0,100,1200
20231228,09:29:22,451.5,150,1200
20231228,09:29:41,452.4,250,1200
20231228,09:29:50,452.4,50,1200
20231228,09:30:27,448.0,200,1150
20231228,09:30:37,448.25,50,1150
20231228,09:31:59,448.25,50,1150
20231228,09:34:33,457.45,50,1450
20231228,09:41:28,460.15,50,1450
20231228,09:41:37,460.15,50,1450
20231228,09:41:54,460.7,550,1450
20231228,09:42:48,454.6,100,1700
20231228,09:43:30,450.0,100,1700
20231228,09:48:12,440.9,50,1850
20231228,09:50:04,440.45,100,1850
20231228,10:03:35,440.45,450,1950
20231228,10:05:34,480.45,100,1950
20231228,11:12:54,480.45,350,2400
20231228,11:15:34,458.0,350,2750
20231228,11:17:29,452.95,100,2750
20231228,11:40:18,442.95,50,3000
20231228,11:41:28,440.5,350,3000
20231228,11:42:05,441.2,100,3000
20231228,12:05:40,437.95,100,3500
20231228,12:25:28,423.5,600,3550
20231228,12:27:54,423.5,500,3000
20231228,12:37:46,417.1,50,3500
20231228,12:40:06,417.1,50,3450
20231228,12:45:03,419.75,50,3500
20231228,12:45:13,419.85,550,3500
20231228,12:45:48,417.95,50,3900
20231228,12:45:56,417.85,400,3900
20231228,12:46:49,415.0,100,3900
20231228,12:48:30,412.65,500,4400
20231228,12:49:46,412.65,500,4400
20231228,12:49:55,416.2,500,4400
20231228,12:50:03,416.9,500,4400
20231228,12:50:20,416.65,500,4400
20231228,12:50:30,417.65,500,4400
20231228,12:50:42,421.15,1000,4400
20231228,12:50:51,421.8,500,4400
20231228,12:51:01,427.0,500,4400
20231228,12:51:11,427.2,500,4400
20231228,12:51:30,427.45,200,4400
20231228,12:51:57,424.75,500,8000
20231228,12:52:07,425.5,500,8000
20231228,12:52:16,425.1,500,8000
20231228,12:52:43,425.65,500,8000
20231228,12:53:09,426.25,500,8000
20231228,12:53:18,427.05,500,8000
20231228,12:53:27,426.0,500,8000
20231228,12:59:46,424.5,500,10850
20231228,12:59:55,427.45,150,10850
20231228,13:00:41,424.95,4300,11050
20231228,13:00:50,427.35,1100,11050
20231228,13:01:07,424.45,500,11050
20231228,13:01:16,425.15,700,11050
20231228,13:01:25,422.3,500,11050
20231228,13:01:33,422.65,500,11050
20231228,13:01:42,422.7,500,11050
20231228,13:01:51,422.7,2050,11050
20231228,13:01:59,425.1,850,11050
20231228,13:02:07,423.4,500,11050
20231228,13:02:16,423.55,750,11050
20231228,13:02:25,423.65,250,11050
20231228,13:02:33,424.0,600,11050
20231228,13:02:42,423.0,1900,11050
20231228,13:02:50,421.85,500,11050
20231228,13:03:07,421.9,500,11050
20231228,13:03:24,422.5,2850,11050
20231228,13:03:40,422.25,500,25400
20231228,13:03:48,422.05,500,25400
20231228,13:03:56,421.75,500,25400
20231228,13:04:05,424.0,250,25400
20231228,13:04:13,424.95,850,25400
20231228,13:04:21,422.85,500,25400
20231228,13:04:30,425.05,150,25400
20231228,13:04:38,425.7,600,25400
20231228,13:04:46,422.55,500,25400
20231228,13:05:03,422.7,500,25400
20231228,13:05:12,422.9,500,25400
20231228,13:05:20,422.4,2550,25400
20231228,13:05:28,421.25,1550,25400
20231228,13:05:45,423.65,100,25400
20231228,13:06:01,425.05,150,25400
20231228,13:06:18,423.15,500,25400
20231228,13:06:34,421.8,500,34050
20231228,13:06:50,423.25,150,34050
20231228,13:06:58,423.4,50,34050
20231228,13:07:06,423.4,600,34050
20231228,13:07:20,421.2,500,34050
20231228,13:07:28,421.65,750,34050
20231228,13:07:44,423.3,750,34050
20231228,13:07:51,421.4,600,34050
20231228,13:07:59,424.05,700,34050
20231228,13:08:07,419.5,500,34050
20231228,13:08:24,422.05,650,34050
20231228,13:08:33,419.4,500,34050
20231228,13:08:41,420.6,900,34050
20231228,13:08:50,418.75,500,34050
20231228,13:08:58,419.9,700,34050
20231228,13:09:06,417.85,500,34050
20231228,13:09:23,417.7,550,34050
20231228,13:09:33,417.55,750,42050
20231228,13:09:42,412.25,950,42050
20231228,13:12:03,416.85,500,42050
20231228,13:12:18,416.15,500,42050
20231228,13:12:33,416.45,500,43500
20231228,13:12:57,414.85,500,43500
20231228,13:13:10,413.9,500,43500
20231228,13:13:22,411.9,500,43500
20231228,13:13:32,411.9,500,43500
20231228,13:13:44,412.55,500,43500
20231228,13:14:05,412.6,500,43500
20231228,13:14:17,414.4,500,43500
20231228,13:22:46,425.0,200,47350
20231228,13:23:59,427.05,300,47350
20231228,13:26:15,428.3,100,47550
20231228,13:26:23,428.35,750,47550
20231228,13:28:07,438.05,250,47650
20231228,13:28:18,438.8,250,47650
20231228,13:30:07,427.25,450,47650
20231228,13:31:47,429.6,100,47750
20231228,13:32:20,431.15,200,47750
20231228,13:34:39,435.05,100,47650
20231228,13:34:55,434.3,800,47650
20231228,13:42:52,427.0,200,47650
20231228,13:43:01,428.05,50,47650
20231228,13:47:13,430.0,50,47900
20231228,13:47:49,432.65,50,47900
20231228,13:48:37,431.65,400,47900
20231228,13:48:45,431.5,350,47900
20231228,13:50:29,429.4,800,47900
20231228,13:52:07,431.2,400,47900
20231228,13:57:37,431.9,50,47900
20231228,13:59:13,437.25,50,47900
20231228,14:04:12,420.15,550,47900
20231228,14:04:21,420.2,100,47900
20231228,14:05:32,419.0,100,47900
20231228,14:06:46,421.75,50,48100
20231228,14:07:43,418.0,50,48100
20231228,14:18:15,432.25,250,48200
20231228,14:18:32,435.45,100,48200
20231228,14:26:30,428.6,50,48200
20231228,14:26:39,428.95,50,48200
20231228,14:30:21,431.25,100,48200
20231228,14:33:00,426.4,250,48200
20231228,14:35:23,429.3,150,48250
20231228,14:35:39,427.1,50,48250
20231228,14:37:01,427.0,1050,48200
20231228,14:46:18,431.0,50,48200
20231228,14:47:43,433.2,350,48200
20231228,14:48:08,434.1,250,48200
20231228,14:48:46,438.0,1050,48200
20231228,14:48:58,442.65,250,48350
20231228,14:49:30,440.1,50,48350
20231228,14:49:39,439.25,200,48350
20231228,14:55:21,431.6,100,48350
20231228,14:59:06,419.9,50,48350
20231228,15:00:54,422.0,1000,48350
20231228,15:03:56,418.75,50,48400
20231228,15:05:27,418.75,50,48400
20231228,15:05:48,415.15,50,48400
20231228,15:07:01,415.15,50,48500
20231228,15:09:58,416.4,50,48500
20231228,15:10:55,418.25,100,48500
20231228,15:11:04,417.9,350,48500
20231228,15:11:13,416.15,300,48500
20231228,15:11:22,416.05,100,48500
20231228,15:11:30,415.7,500,48500
20231228,15:12:32,417.9,50,48500
20231228,15:12:50,417.85,50,48500
20231228,15:13:17,418.95,250,48400
20231228,15:13:44,421.25,50,48400
20231228,15:13:53,421.5,50,48400
20231228,15:14:22,419.05,200,48400
20231228,15:17:13,412.65,300,48450
20231228,15:18:57,415.8,300,48500
20231228,15:19:06,415.05,250,48500
20231228,15:19:17,413.7,300,48500
20231228,15:20:16,413.7,400,48500
20231228,15:20:27,413.75,7200,48500
20231228,15:22:02,415.8,500,55600
20231228,15:23:08,421.3,600,55600
20231228,15:23:20,421.3,550,55600
20231228,15:23:32,421.3,500,55600
20231228,15:24:17,435.75,2000,55600
20231228,15:24:29,439.15,750,55600
20231228,15:25:24,426.1,150,55600
20231228,15:25:53,426.65,450,55600
20231228,15:26:23,428.2,50,55600
20231228,15:26:33,430.0,1000,55600
20231228,15:27:15,432.25,50,55600
20231228,15:27:50,429.05,350,55600
20231228,15:29:37,430.1,100,56600
20231229,09:15:12,461.05,1,56600
20231229,09:15:12,461.0,1,56600
20231229,09:15:12,461.5,1000,56600
20231229,09:15:16,462.0,500,56600
20231229,09:16:46,479.95,150,56600
20231229,09:16:53,474.15,150,56600
20231229,09:18:11,480.5,50,56750
20231229,09:18:16,480.5,50,56750
20231229,09:18:40,479.0,50,56750
20231229,09:18:41,476.55,200,56750
20231229,09:18:45,476.1,150,56750
20231229,09:18:48,478.8,50,56750
20231229,09:18:50,478.4,150,56750
20231229,09:18:53,478.6,100,56750
20231229,09:18:58,481.55,100,56750
20231229,09:18:59,481.25,50,56750
20231229,09:19:03,481.7,100,56750
20231229,09:19:04,481.1,50,56750
20231229,09:19:06,481.45,100,56750
20231229,09:19:08,481.4,100,56750
20231229,09:19:11,481.9,100,56750
20231229,09:19:13,481.25,100,56750
20231229,09:19:18,478.0,50,56750
20231229,09:19:19,477.9,50,56750
20231229,09:19:24,479.4,50,56750
20231229,09:19:51,476.75,50,56750
20231229,09:20:05,476.85,150,56750
20231229,09:20:30,470.85,100,57200
20231229,09:20:56,470.25,50,57200
20231229,09:21:05,468.35,100,57200
20231229,09:21:23,472.4,50,57200
20231229,09:21:26,472.0,50,57200
20231229,09:21:39,472.5,100,57200
20231229,09:21:41,472.45,50,57200
20231229,09:21:46,476.65,50,57200
20231229,09:21:48,475.5,50,57200
20231229,09:21:49,475.1,50,57200
20231229,09:21:51,475.2,50,57200
20231229,09:21:59,476.0,50,57200
20231229,09:22:01,474.75,100,57200
20231229,09:22:02,475.3,100,57200
20231229,09:22:06,472.1,100,57200
20231229,09:22:09,471.3,50,57200
20231229,09:22:11,472.75,50,57200
20231229,09:23:52,462.25,100,57200
20231229,09:23:54,460.25,100,57200
20231229,09:24:06,457.45,50,57200
20231229,09:24:33,457.45,50,57200
20231229,09:24:44,463.45,50,57200
20231229,09:24:52,464.85,50,57200
20231229,09:25:12,465.3,150,57200
20231229,09:25:27,461.1,50,57200
20231229,09:25:32,460.35,50,57200
20231229,09:25:57,461.4,50,57200
20231229,09:26:15,461.4,50,57150
20231229,09:26:24,463.5,200,57150
20231229,09:27:09,457.7,150,57150
20231229,09:27:23,459.05,100,57150
20231229,09:27:29,455.7,50,57150
20231229,09:27:31,453.5,50,57150
20231229,09:27:37,453.5,50,57150
20231229,09:27:55,456.6,50,57150
20231229,09:28:04,456.5,100,57150
20231229,09:28:05,455.0,450,57150
20231229,09:28:22,455.5,50,57150
20231229,09:28:59,455.15,450,57150
20231229,09:29:00,455.05,50,57150
20231229,09:29:15,453.5,50,57050
20231229,09:29:22,454.25,50,57050
20231229,09:29:59,453.9,100,57050
20231229,09:30:04,451.95,200,57050
20231229,09:30:05,450.95,50,57050
20231229,09:30:10,450.95,50,57050
20231229,09:30:34,455.45,50,57050
20231229,09:30:49,450.0,600,57050
20231229,09:31:05,449.65,250,57050
20231229,09:31:45,449.65,100,57050
20231229,09:32:00,450.8,50,57050
20231229,09:32:03,451.15,50,57050
20231229,09:32:05,451.95,50,57050
20231229,09:32:13,450.55,50,57000
20231229,09:32:40,448.45,100,57000
20231229,09:32:48,446.75,50,57000
20231229,09:32:54,446.75,50,57000
20231229,09:32:55,443.9,200,57000
20231229,09:33:03,442.8,50,57000
20231229,09:33:07,442.5,150,57000
20231229,09:33:12,441.6,50,57000
20231229,09:33:15,440.2,100,57000
20231229,09:33:38,440.2,100,57000
20231229,09:33:40,439.9,50,57000
20231229,09:33:42,439.9,50,57000
20231229,09:33:45,441.9,50,57000
20231229,09:33:48,439.2,50,57000
20231229,09:33:50,438.9,50,57000
20231229,09:34:03,438.45,50,57000
20231229,09:34:08,438.45,50,57000
20231229,09:34:38,435.6,50,57000
20231229,09:35:06,435.3,50,57000
20231229,09:35:47,434.5,50,57400
20231229,09:35:48,434.35,150,57400
20231229,09:36:05,439.65,100,57400
20231229,09:36:08,439.65,150,57400
20231229,09:36:17,440.5,50,57400
20231229,09:36:28,436.7,50,57400
20231229,09:36:38,437.45,50,57400
20231229,09:37:01,439.25,100,57400
20231229,09:37:03,438.9,50,57400
20231229,09:37:25,437.7,50,57400
20231229,09:37:26,440.05,100,57400
20231229,09:37:31,441.75,150,57400
20231229,09:37:40,442.55,50,57400
20231229,09:37:59,441.6,50,57400
20231229,09:38:03,441.05,50,57400
20231229,09:38:09,443.2,50,57400
20231229,09:38:26,445.6,50,57300
20231229,09:38:41,445.45,50,57300
20231229,09:38:43,444.85,50,57300
20231229,09:38:48,444.2,50,57300
20231229,09:38:49,443.3,250,57300
20231229,09:38:51,443.1,450,57300
20231229,09:38:56,443.7,50,57300
20231229,09:38:57,443.35,150,57300
20231229,09:41:23,453.0,50,57450
20231229,09:41:59,455.15,50,57450
20231229,09:42:15,458.85,50,57450
20231229,09:42:58,450.55,100,57450
20231229,09:43:51,457.7,50,57450
20231229,09:44:05,458.7,50,57450
20231229,09:45:31,457.2,300,57550
20231229,09:45:35,456.1,100,57550
20231229,09:46:22,459.8,50,57550
20231229,09:46:38,460.4,50,57550
20231229,09:48:10,457.8,50,57300
20231229,09:48:16,453.5,200,57300
20231229,09:49:45,457.65,50,57300
20231229,09:50:05,458.8,100,57300
20231229,09:50:10,460.0,50,57300
20231229,09:50:21,458.85,50,57250
20231229,09:50:26,457.55,300,57250
20231229,09:50:29,456.45,50,57250
20231229,09:50:31,456.55,50,57250
20231229,09:50:46,457.6,50,57250
20231229,09:51:24,460.7,50,57250
20231229,09:51:36,457.75,50,57250
20231229,09:51:48,455.0,50,57250
20231229,09:53:09,466.2,50,57250
20231229,09:53:23,462.65,50,57250
20231229,09:53:29,459.6,200,57250
20231229,09:53:32,460.55,400,57250
20231229,09:53:51,458.25,50,57250
20231229,09:53:52,458.2,150,57250
20231229,09:53:54,457.0,50,57250
20231229,09:54:02,458.6,50,57250
20231229,09:54:51,455.2,50,57250
20231229,09:54:52,454.5,50,57250
20231229,09:55:42,460.8,350,57250
20231229,09:55:57,463.45,50,57250
20231229,09:56:02,461.55,50,57250
20231229,09:56:06,460.7,50,57250
20231229,09:56:22,460.9,50,57300
20231229,09:57:55,465.0,100,57300
20231229,09:58:05,465.0,150,57300
20231229,09:58:08,465.0,250,57300
20231229,09:58:11,468.2,50,57300
20231229,09:58:39,469.95,50,57300
20231229,09:59:06,473.15,100,57300
20231229,09:59:28,471.2,50,57100
20231229,09:59:59,475.75,50,57100
20231229,10:00:01,474.0,100,57100
20231229,10:00:06,475.65,50,57100
20231229,10:00:24,472.1,50,57100
20231229,10:00:46,468.55,100,57100
20231229,10:00:51,469.9,50,57100
20231229,10:01:04,470.45,200,57100
20231229,10:01:12,472.25,50,57100
20231229,10:01:16,468.0,50,57100
20231229,10:01:21,467.45,200,57100
20231229,10:01:22,466.8,50,57100
20231229,10:01:36,466.15,50,57100
20231229,10:01:46,465.85,50,57100
20231229,10:01:52,466.15,50,57100
20231229,10:01:59,466.55,50,57100
20231229,10:02:04,465.55,50,57100
20231229,10:02:26,465.75,100,57200
20231229,10:02:54,465.05,50,57200
20231229,10:03:00,462.65,50,57200
20231229,10:03:02,460.0,50,57200
20231229,10:03:04,460.95,100,57200
20231229,10:03:38,459.75,50,57200
20231229,10:03:42,456.75,50,57200
20231229,10:03:43,455.45,100,57200
20231229,10:03:45,456.05,50,57200
20231229,10:03:58,456.25,50,57200
20231229,10:04:03,457.65,50,57200
20231229,10:04:12,460.1,50,57200
20231229,10:04:13,460.75,200,57200
20231229,10:04:22,459.15,100,57200
20231229,10:04:32,459.7,50,57200
20231229,10:05:18,464.15,50,56950
20231229,10:05:26,463.85,100,56950
20231229,10:05:40,465.45,50,56950
20231229,10:05:41,465.6,50,56950
20231229,10:05:43,465.2,50,56950
20231229,10:05:46,463.45,50,56950
20231229,10:05:53,463.2,50,56950
20231229,10:06:10,463.2,50,56950
20231229,10:06:20,462.15,100,56950
20231229,10:06:33,464.25,50,56950
20231229,10:06:35,465.05,50,56950
20231229,10:06:43,465.1,50,56950
20231229,10:06:50,465.0,50,56950
20231229,10:07:05,466.85,100,56950
20231229,10:07:18,465.35,50,56950
20231229,10:07:41,472.75,50,56950
20231229,10:07:45,475.45,150,56950
20231229,10:07:48,477.2,50,56950
20231229,10:07:55,479.65,50,56950
20231229,10:08:00,485.15,50,56950
20231229,10:08:01,485.15,100,56950
20231229,10:08:05,484.15,50,56950
20231229,10:08:06,485.55,50,56950
20231229,10:08:08,485.55,50,56950
20231229,10:08:11,485.0,150,56950
20231229,10:08:20,483.95,50,57050
20231229,10:08:25,485.55,50,57050
20231229,10:08:42,490.65,50,57050
20231229,10:08:53,491.75,50,57050
20231229,10:08:57,491.75,50,57050
20231229,10:09:03,491.25,100,57050
20231229,10:09:07,491.95,50,57050
20231229,10:09:22,491.95,50,57050
20231229,10:09:38,490.0,50,57050
20231229,10:10:07,493.75,100,57050
20231229,10:10:12,495.55,50,57050
20231229,10:10:18,496.65,50,57050
20231229,10:10:32,496.65,50,57050
20231229,10:10:38,490.95,50,57050
20231229,10:10:45,493.7,50,57050
20231229,10:11:02,489.95,400,57050
20231229,10:11:12,496.95,50,57050
20231229,10:11:13,496.95,50,57050
20231229,10:11:17,498.55,50,57100
20231229,10:11:20,498.9,50,57100
20231229,10:11:37,498.9,50,57100
20231229,10:11:42,492.0,100,57100
20231229,10:11:43,492.25,150,57100
20231229,10:11:47,493.15,50,57100
20231229,10:11:48,494.9,50,57100
20231229,10:11:52,494.75,50,57100
20231229,10:12:00,492.55,100,57100
20231229,10:12:01,492.5,50,57100
20231229,10:12:08,491.95,50,57100
20231229,10:12:11,491.25,50,57100
20231229,10:12:18,493.9,50,57100
20231229,10:12:29,499.0,100,57100
20231229,10:12:31,500.0,50,57100
20231229,10:13:27,500.0,50,57100
20231229,10:14:02,500.0,100,57100
20231229,10:14:31,500.4,50,57250
20231229,10:14:32,500.8,250,57250
20231229,10:14:36,504.05,50,57250
20231229,10:14:37,507.0,50,57250
20231229,10:14:47,509.45,50,57250
20231229,10:14:49,512.05,50,57250
20231229,10:14:51,513.5,50,57250
20231229,10:14:56,514.8,100,57250
20231229,10:15:02,514.8,100,57250
20231229,10:15:07,514.8,50,57250
20231229,10:15:09,514.2,50,57250
20231229,10:15:12,514.65,50,57250
20231229,10:15:14,514.2,50,57250
20231229,10:15:52,507.0,50,57250
20231229,10:16:34,507.15,100,57250
20231229,10:16:42,508.05,150,57250
20231229,10:16:44,510.35,100,57250
20231229,10:16:46,509.6,250,57250
20231229,10:16:52,509.35,50,57250
20231229,10:17:01,508.35,50,57250
20231229,10:17:06,507.0,50,57250
20231229,10:17:11,504.25,200,57250
20231229,10:17:21,505.7,200,57100
20231229,10:17:22,506.25,100,57100
20231229,10:17:31,503.1,50,57100
20231229,10:17:39,500.5,100,57100
20231229,10:17:46,502.25,50,57100
20231229,10:18:07,500.05,50,57100
20231229,10:18:36,497.55,50,57100
20231229,10:18:44,496.65,50,57100
20231229,10:18:51,496.95,50,57100
20231229,10:19:04,497.2,100,57100
20231229,10:19:16,492.45,250,57100
20231229,10:19:46,492.15,100,57100
20231229,10:20:02,492.15,50,57100
20231229,10:20:07,490.0,50,57100
20231229,10:20:56,499.9,50,57150
20231229,10:21:01,499.2,200,57150
20231229,10:21:07,496.25,50,57150
20231229,10:21:33,488.75,50,57150
20231229,10:21:34,488.75,50,57150
20231229,10:21:41,485.0,100,57150
20231229,10:21:49,483.75,200,57150
20231229,10:21:52,484.35,50,57150
20231229,10:22:04,482.55,50,57150
20231229,10:22:06,482.15,50,57150
20231229,10:22:07,480.0,250,57150
20231229,10:22:11,479.9,50,57150
20231229,10:22:14,478.2,100,57150
20231229,10:22:16,478.8,50,57150
20231229,10:22:52,488.75,50,57150
20231229,10:23:09,487.5,50,57150
20231229,10:23:21,486.25,50,57300
20231229,10:23:27,481.05,400,57300
20231229,10:24:04,480.0,100,57300
20231229,10:24:07,475.95,50,57300
20231229,10:24:09,474.85,50,57300
20231229,10:24:14,470.95,50,57300
20231229,10:24:16,473.65,50,57300
20231229,10:24:26,476.85,50,57300
20231229,10:24:39,476.0,50,57300
20231229,10:24:59,473.85,50,57300
20231229,10:25:01,474.0,50,57300
20231229,10:26:18,472.8,50,57250
20231229,10:26:29,472.8,50,57250
20231229,10:27:02,477.6,50,57250
20231229,10:27:41,470.0,50,57250
20231229,10:28:06,471.6,50,57250
20231229,10:28:31,474.0,200,57250
20231229,10:28:43,474.0,200,57250
20231229,10:29:01,474.05,150,57250
20231229,10:29:04,474.0,50,57250
20231229,10:29:06,473.55,50,57250
20231229,10:29:13,472.4,50,57250
20231229,10:30:12,471.6,50,57300
20231229,10:30:21,467.55,200,57300
20231229,10:30:22,465.8,750,57300
20231229,10:30:24,466.45,200,57300
20231229,10:30:29,467.95,300,57300
20231229,10:30:34,469.35,200,57300
20231229,10:30:37,470.35,50,57300
20231229,10:30:39,472.55,50,57300
20231229,10:30:49,470.4,50,57300
20231229,10:30:53,470.15,50,57300
20231229,10:31:14,465.55,50,57300
20231229,10:31:39,465.6,100,57300
20231229,10:31:49,465.65,50,57300
20231229,10:32:17,465.65,50,57300
20231229,10:32:21,462.65,100,57200
20231229,10:32:27,461.55,50,57200
20231229,10:33:01,461.65,100,57200
20231229,10:33:02,460.8,100,57200
20231229,10:33:04,459.8,50,57200
20231229,10:33:17,458.8,50,57200
20231229,10:35:42,460.8,50,57200
20231229,10:36:09,463.55,50,57200
20231229,10:36:49,456.55,50,57200
20231229,10:37:01,454.25,50,57200
20231229,10:37:04,452.05,50,57200
20231229,10:37:06,451.6,100,57200
20231229,10:37:09,451.35,50,57200
20231229,10:37:19,454.25,50,57200
20231229,10:37:41,455.4,50,57200
20231229,10:39:26,456.55,50,57350
20231229,10:43:57,458.8,100,57400
20231229,10:44:20,456.55,50,57400
20231229,10:45:03,459.6,350,57400
20231229,10:45:17,460.5,500,57400
20231229,10:46:45,446.25,50,57400
20231229,10:46:58,447.35,300,57400
20231229,10:47:07,450.8,50,57400
20231229,10:47:25,448.45,50,56950
20231229,10:47:28,447.35,50,56950
20231229,10:49:31,460.25,50,56950
20231229,10:49:38,459.55,50,56950
20231229,10:49:45,460.0,50,56950
20231229,10:49:55,458.85,100,56950
20231229,10:49:58,458.5,50,56950
20231229,10:50:57,455.15,100,57200
20231229,10:51:00,456.55,100,57200
20231229,10:52:12,462.5,150,57200
20231229,10:54:08,466.0,100,57400
20231229,10:54:25,470.2,50,57400
20231229,10:54:30,471.6,250,57400
20231229,10:54:55,469.55,50,57400
20231229,10:55:15,470.4,50,57400
20231229,10:56:05,464.35,50,57400
20231229,11:00:43,463.2,50,57250
20231229,11:05:01,469.25,100,57300
20231229,11:06:08,474.0,50,57400
20231229,11:06:35,474.0,50,57400
20231229,11:06:51,472.0,50,57400
20231229,11:09:07,472.1,200,57400
20231229,11:10:25,470.25,50,57400
20231229,11:11:41,468.0,50,57250
20231229,11:11:49,465.3,50,57250
20231229,11:14:17,464.9,50,57250
20231229,11:14:23,462.65,50,57350
20231229,11:15:10,463.0,50,57350
20231229,11:15:20,460.0,50,57350
20231229,11:16:05,459.7,50,57350
20231229,11:16:52,456.65,50,57350
20231229,11:17:40,453.1,50,57400
20231229,11:17:43,454.0,50,57400
20231229,11:19:08,454.0,50,57400
20231229,11:19:43,455.2,50,57400
20231229,11:20:14,449.0,50,57400
20231229,11:20:41,451.45,50,57450
20231229,11:21:26,449.75,50,57450
20231229,11:21:31,448.5,50,57450
20231229,11:22:33,450.8,50,57450
20231229,11:24:43,444.2,50,57550
20231229,11:25:05,446.65,100,57550
20231229,11:28:01,449.55,50,57450
20231229,11:28:08,448.5,50,57450
20231229,11:28:36,445.0,250,57450
20231229,11:28:43,442.85,150,57450
20231229,11:30:41,444.8,150,57700
20231229,11:31:10,446.35,100,57700
20231229,11:31:35,443.65,50,57700
20231229,11:33:49,447.35,50,57750
20231229,11:34:23,447.15,50,57750
20231229,11:34:25,447.35,50,57750
20231229,11:34:30,443.65,50,57750
20231229,11:34:42,438.25,100,57750
20231229,11:34:44,437.95,400,57750
20231229,11:34:45,437.05,100,57750
20231229,11:34:47,438.3,150,57750
20231229,11:34:49,437.45,300,57750
20231229,11:34:50,437.35,200,57750
20231229,11:34:54,438.65,150,57750
20231229,11:35:00,438.9,250,57750
20231229,11:35:17,436.7,100,57750
20231229,11:35:20,436.55,50,57750
20231229,11:35:23,437.8,200,57750
20231229,11:35:54,433.05,50,57450
20231229,11:35:55,433.05,100,57450
20231229,11:35:59,435.35,50,57450
20231229,11:36:00,435.6,450,57450
20231229,11:36:05,435.6,50,57450
20231229,11:36:20,434.5,100,57450
20231229,11:36:27,433.4,100,57450
20231229,11:36:44,434.5,100,57450
20231229,11:36:47,434.65,100,57450
20231229,11:36:59,438.3,150,57450
20231229,11:37:45,436.5,150,57450
20231229,11:38:21,439.05,50,57450
20231229,11:39:53,441.85,50,57350
20231229,11:39:58,441.05,50,57350
20231229,11:40:00,440.1,50,57350
20231229,11:40:07,443.9,200,57350
20231229,11:40:23,445.05,50,57350
20231229,11:40:28,445.15,50,57350
20231229,11:40:37,444.05,50,57350
20231229,11:40:38,445.05,150,57350
20231229,11:41:20,443.65,100,57350
20231229,11:41:25,442.8,150,57350
20231229,11:41:43,441.0,50,57450
20231229,11:41:48,444.6,150,57450
20231229,11:42:18,441.25,50,57450
20231229,11:45:18,452.0,100,57450
20231229,11:48:28,453.1,50,57450
20231229,11:48:54,451.95,50,57450
20231229,11:49:19,452.7,50,57450
20231229,11:49:30,454.25,50,57450
20231229,11:51:05,449.85,250,57500
20231229,11:56:31,445.05,50,57700
20231229,11:58:26,445.0,100,57700
20231229,11:59:19,440.5,50,57700
20231229,11:59:54,441.9,50,57750
20231229,12:00:22,441.9,50,57750
20231229,12:00:43,444.6,50,57750
20231229,12:02:08,447.0,50,57750
20231229,12:03:38,441.95,150,57800
20231229,12:04:16,440.0,100,57800
20231229,12:04:29,440.0,50,57800
20231229,12:04:31,440.0,50,57800
20231229,12:05:52,445.0,50,57800
20231229,12:06:19,445.05,50,57800
20231229,12:11:17,441.55,100,57800
20231229,12:11:54,438.8,200,57900
20231229,12:12:26,435.0,50,57900
20231229,12:14:04,439.15,350,57900
20231229,12:14:06,439.25,50,57900
20231229,12:14:07,438.9,50,57900
20231229,12:14:17,439.9,50,57900
20231229,12:14:21,440.3,50,57900
20231229,12:15:37,438.0,50,58050
20231229,12:19:25,430.0,550,58050
20231229,12:20:10,430.0,50,58050
20231229,12:20:17,430.05,50,58050
20231229,12:20:19,430.0,50,58050
20231229,12:21:02,428.0,100,58050
20231229,12:21:05,427.35,50,58000
20231229,12:21:14,424.7,150,58000
20231229,12:25:04,424.95,50,58150
20231229,12:25:21,425.7,50,58150
20231229,12:27:15,430.2,200,58200
20231229,12:28:23,433.55,50,58200
20231229,12:28:54,434.0,50,58200
20231229,12:28:58,433.35,200,58200
20231229,12:30:08,440.75,50,58250
20231229,12:30:54,450.0,400,58250
20231229,12:31:07,451.05,50,58250
20231229,12:32:25,445.35,50,58250
20231229,12:36:26,448.3,50,58250
20231229,12:39:39,454.8,50,58250
20231229,12:39:54,457.25,50,58250
20231229,12:40:04,456.5,150,58250
20231229,12:40:38,457.7,50,58250
20231229,12:42:15,461.9,50,58150
20231229,12:45:02,460.65,200,58100
20231229,12:45:03,460.7,50,58100
20231229,12:45:21,459.4,50,58100
20231229,12:46:04,460.35,50,58100
20231229,12:46:41,458.5,50,58100
20231229,12:46:59,460.0,50,58100
20231229,12:47:16,459.95,50,58100
20231229,12:47:19,458.85,50,58100
20231229,12:47:31,457.15,50,58100
20231229,12:48:09,460.0,100,58200
20231229,12:51:14,456.95,100,58300
20231229,12:51:53,462.75,50,58300
20231229,12:53:01,465.55,250,58300
20231229,12:54:23,456.65,50,58350
20231229,12:55:46,460.55,50,58350
20231229,12:55:59,460.05,50,58350
20231229,12:56:04,460.65,50,58350
20231229,12:56:19,457.0,50,58350
20231229,12:56:42,458.25,50,58400
20231229,12:56:56,456.95,50,58400
20231229,12:57:24,456.9,50,58400
20231229,12:57:41,460.0,50,58400
20231229,12:58:45,457.2,50,58400
20231229,12:58:53,458.45,50,58400
20231229,13:00:10,462.15,50,58650
20231229,13:00:37,459.45,50,58650
20231229,13:00:55,459.4,50,58650
20231229,13:04:07,451.9,100,58700
20231229,13:04:23,452.1,250,58700
20231229,13:04:35,454.05,50,58700
20231229,13:05:25,449.0,50,58700
20231229,13:07:29,449.15,50,58550
20231229,13:11:44,453.7,50,58600
20231229,13:15:01,441.5,50,58600
20231229,13:17:58,438.75,50,58650
20231229,13:29:06,454.4,50,58700
20231229,13:29:49,459.8,50,58700
20231229,13:29:55,461.2,50,58700
20231229,13:31:06,462.3,50,58700
20231229,13:33:20,451.25,150,58700
20231229,13:33:40,452.0,50,58700
20231229,13:39:29,465.0,50,58550
20231229,13:39:46,465.0,50,58550
20231229,13:40:47,460.75,50,58550
20231229,13:41:52,462.15,50,58500
20231229,13:43:25,453.05,50,58500
20231229,13:43:30,452.35,50,58500
20231229,13:44:00,451.75,50,58500
20231229,13:44:05,450.65,50,58500
20231229,13:44:06,450.65,100,58500
20231229,13:44:13,451.75,50,58500
20231229,13:44:43,449.8,50,58500
20231229,13:44:46,450.2,50,58700
20231229,13:44:58,450.45,50,58700
20231229,13:45:17,449.1,50,58700
20231229,13:45:52,449.1,50,58700
20231229,13:46:35,449.15,50,58700
20231229,13:46:50,448.2,150,58700
20231229,13:50:28,444.75,200,59000
20231229,13:50:41,448.85,50,59000
20231229,13:50:48,449.1,150,58900
20231229,13:55:41,450.15,50,58900
20231229,13:58:51,448.6,50,58850
20231229,14:00:06,448.6,50,58900
20231229,14:00:21,446.15,50,58900
20231229,14:00:26,447.15,50,58900
20231229,14:02:34,448.6,50,58900
20231229,14:04:34,440.2,50,58900
20231229,14:08:35,450.45,250,59000
20231229,14:08:40,452.25,50,59000
20231229,14:09:11,453.55,50,58850
20231229,14:09:48,454.0,50,58850
20231229,14:10:19,453.75,100,58850
20231229,14:10:21,453.0,50,58850
20231229,14:12:42,458.5,50,59000
20231229,14:12:45,460.2,150,59000
20231229,14:13:08,463.0,50,59000
20231229,14:13:36,466.65,150,59000
20231229,14:13:38,466.55,50,59000
20231229,14:14:06,471.4,50,59000
20231229,14:14:13,470.6,250,59000
20231229,14:14:23,468.25,50,59000
20231229,14:15:08,475.55,50,59100
20231229,14:16:12,480.0,50,59100
20231229,14:16:13,481.25,100,59100
20231229,14:17:12,477.4,1800,59100
20231229,14:17:23,478.05,50,59100
20231229,14:17:28,479.25,50,59100
20231229,14:19:18,483.9,250,60050
20231229,14:19:23,482.95,50,60050
20231229,14:20:10,480.1,50,60050
20231229,14:22:10,478.0,400,60100
20231229,14:22:12,478.0,1000,60100
20231229,14:22:13,478.0,400,60100
20231229,14:23:46,483.9,500,60100
20231229,14:24:23,486.0,1800,60150
20231229,14:24:28,484.95,50,60150
20231229,14:24:34,486.0,50,60150
20231229,14:25:19,492.0,100,60150
20231229,14:26:59,482.95,1800,60850
20231229,14:27:20,481.7,100,60850
20231229,14:28:10,480.0,50,60850
20231229,14:28:25,481.4,50,60850
20231229,14:29:58,482.35,50,60400
20231229,14:30:01,481.95,150,60400
20231229,14:30:16,478.05,100,60400
20231229,14:31:09,475.05,50,60400
20231229,14:33:10,465.85,50,60350
20231229,14:34:44,466.15,100,60350
20231229,14:35:00,460.25,50,60350
20231229,14:35:04,459.35,100,60350
20231229,14:35:19,457.25,50,60350
20231229,14:35:27,455.85,50,60350
20231229,14:35:30,458.4,50,60350
20231229,14:35:45,456.9,50,60350
20231229,14:36:00,452.0,100,60500
20231229,14:36:36,452.7,50,60500
20231229,14:37:10,447.2,200,60500
20231229,14:37:24,446.65,50,60500
20231229,14:37:29,444.95,100,60500
20231229,14:37:32,445.6,50,60500
20231229,14:37:54,451.25,50,60500
20231229,14:38:54,453.25,50,60600
20231229,14:39:34,454.75,100,60600
20231229,14:40:28,452.0,50,60600
20231229,14:40:49,451.75,50,60600
20231229,14:40:52,451.35,50,60600
20231229,14:41:29,452.8,50,60600
20231229,14:41:42,455.0,100,60600
20231229,14:42:12,455.4,50,60650
20231229,14:42:14,455.2,50,60650
20231229,14:42:20,453.95,50,60650
20231229,14:42:39,454.25,50,60650
20231229,14:43:29,456.05,100,60650
20231229,14:43:34,455.9,100,60650
20231229,14:43:39,454.8,50,60650
20231229,14:43:42,455.35,50,60650
20231229,14:44:04,458.75,50,60650
20231229,14:44:24,460.0,50,60650
20231229,14:44:52,459.7,50,60650
20231229,14:45:00,461.75,150,60600
20231229,14:48:02,451.8,50,60450
20231229,14:48:10,449.85,50,60450
20231229,14:49:38,445.85,50,60450
20231229,14:49:49,450.4,100,60450
20231229,14:49:51,449.95,50,60450
20231229,14:49:54,449.75,50,60450
20231229,14:50:04,451.0,50,60450
20231229,14:50:06,449.3,100,60450
20231229,14:50:07,449.5,50,60450
20231229,14:50:11,451.2,50,60450
20231229,14:51:39,448.8,50,60550
20231229,14:51:54,443.35,50,60550
20231229,14:52:36,439.65,50,60550
20231229,14:52:49,437.2,50,60550
20231229,14:53:12,441.15,50,60550
20231229,14:53:58,448.1,50,60550
20231229,14:53:59,448.05,50,60550
20231229,14:54:03,447.4,50,60550
20231229,14:54:06,449.7,100,60550
20231229,14:54:09,450.65,100,60550
20231229,14:54:13,451.05,50,60550
20231229,14:54:24,448.95,50,60550
20231229,14:54:57,448.8,100,60550
20231229,14:55:01,449.3,100,60550
20231229,14:55:06,447.4,50,60550
20231229,14:55:09,446.3,50,60550
20231229,14:55:21,445.0,50,60550
20231229,14:55:29,444.25,100,60550
20231229,14:55:31,441.95,100,60550
20231229,14:55:34,443.75,100,60550
20231229,14:56:02,442.8,100,60550
20231229,14:57:42,439.1,50,60700
20231229,14:59:02,438.2,100,60700
20231229,14:59:15,439.35,100,60700
20231229,15:00:03,432.3,50,60500
20231229,15:00:05,430.95,50,60500
20231229,15:00:07,430.95,50,60500
20231229,15:00:13,428.1,50,60500
20231229,15:00:17,426.75,50,60500
20231229,15:00:25,426.8,500,60500
20231229,15:00:28,432.45,50,60500
20231229,15:00:52,430.05,50,60500
20231229,15:01:40,418.6,50,60500
20231229,15:01:42,417.45,150,60500
20231229,15:01:49,416.3,50,60500
20231229,15:01:52,415.7,50,60500
20231229,15:01:54,415.7,50,60500
20231229,15:02:02,418.2,700,60500
20231229,15:02:07,419.8,50,60500
20231229,15:02:24,432.25,200,60500
20231229,15:02:25,434.3,400,60500
20231229,15:02:27,433.05,200,60500
20231229,15:02:35,427.5,50,60500
20231229,15:02:47,431.45,50,60500
20231229,15:02:59,432.75,50,59800
20231229,15:04:02,432.1,50,59800
20231229,15:05:19,428.4,100,59800
20231229,15:05:20,428.45,50,59800
20231229,15:06:37,440.0,50,59750
20231229,15:09:07,440.0,100,59800
20231229,15:09:56,443.3,200,59800
20231229,15:09:59,443.6,50,59800
20231229,15:11:20,441.8,50,59800
20231229,15:11:44,442.0,50,59800
20231229,15:12:04,445.1,50,60050
20231229,15:13:04,455.65,150,60050
20231229,15:13:11,454.8,50,60050
20231229,15:14:24,454.0,50,60050
20231229,15:14:45,452.35,100,60050
20231229,15:15:07,445.9,200,59950
20231229,15:15:09,446.6,50,59950
20231229,15:15:19,444.9,50,59950
20231229,15:16:02,446.3,50,59950
20231229,15:16:16,447.7,50,59950
20231229,15:17:24,450.45,50,59950
20231229,15:18:35,450.45,50,60250
20231229,15:19:29,455.35,50,60250
20231229,15:20:49,461.95,50,60250
20231229,15:21:17,458.0,50,60300
20231229,15:23:28,457.0,50,60300
20231229,15:25:03,462.1,50,60400
20231229,15:25:08,461.0,50,60400
20231229,15:26:10,462.8,500,60400
20231229,15:27:23,461.2,250,60000
20231229,15:27:25,461.2,550,60000
20231229,15:27:34,459.8,50,60000
20231229,15:27:41,458.0,50,60000
20231229,15:27:44,457.4,50,60000
20231229,15:27:58,455.6,50,60000
20231229,15:28:45,455.15,50,60000
20231229,15:29:03,455.0,100,60000
20231229,15:29:28,460.0,50,60000
20240101,09:15:06,494.95,1,58800
20240101,09:15:06,494.95,100,58800
20240101,09:15:17,492.0,150,58800
20240101,09:16:08,484.6,350,58800
20240101,09:17:02,484.6,100,58800
20240101,09:17:10,487.0,50,58800
20240101,09:19:16,487.55,100,58750
20240101,09:19:32,487.5,50,58750
20240101,09:19:45,495.9,50,58750
20240101,09:20:13,495.9,50,58750
20240101,09:20:35,493.2,350,58850
20240101,09:21:24,494.0,50,58850
20240101,09:21:57,492.0,50,58850
20240101,09:23:08,487.0,100,58850
20240101,09:27:52,488.6,50,58550
20240101,09:28:15,490.25,250,58550
20240101,09:30:14,493.85,100,58300
20240101,09:32:21,494.0,50,58350
20240101,09:33:57,482.0,50,58350
20240101,09:40:42,482.0,50,58350
20240101,09:41:53,492.1,100,58350
20240101,09:42:44,486.0,100,58350
20240101,09:42:47,485.5,200,58350
20240101,09:43:18,485.0,200,58350
20240101,09:43:46,483.9,500,58350
20240101,09:44:26,482.0,50,58350
20240101,09:46:04,480.0,50,58350
20240101,09:54:02,452.0,100,58400
20240101,09:54:43,452.0,150,58400
20240101,09:55:03,455.0,100,58400
20240101,09:55:59,458.5,50,58400
20240101,09:56:10,456.55,50,58400
20240101,10:00:30,456.05,200,58400
20240101,10:05:48,458.0,50,58400
20240101,10:09:07,456.4,150,58400
20240101,10:10:14,465.15,100,58450
20240101,10:10:16,465.6,50,58450
20240101,10:10:26,464.55,100,58450
20240101,10:11:11,471.05,100,58450
20240101,10:18:13,466.45,50,58400
20240101,10:18:45,463.2,200,58400
20240101,10:24:13,481.15,50,58400
20240101,10:24:38,485.0,150,58400
20240101,10:25:03,485.85,100,58400
20240101,10:26:07,475.15,50,58400
20240101,10:31:23,468.2,50,58400
20240101,10:31:24,468.2,450,58450
20240101,10:32:08,467.6,500,58450
20240101,10:32:52,465.5,50,59450
20240101,10:33:00,465.3,500,59450
20240101,10:33:31,465.35,50,59450
20240101,10:48:43,446.55,50,59850
20240101,10:49:08,446.55,50,59850
20240101,10:49:48,446.55,50,59850
20240101,10:50:03,445.65,100,59850
20240101,10:51:43,445.4,50,59850
20240101,10:54:35,445.4,50,59900
20240101,10:58:34,445.0,50,59900
20240101,11:09:27,445.0,50,59950
20240101,11:14:58,446.35,50,59950
20240101,11:23:16,447.1,50,59950
20240101,11:23:23,446.05,50,59950
20240101,11:31:05,438.8,50,59950
20240101,11:32:07,438.8,50,59950
20240101,11:50:06,452.35,50,59950
20240101,12:01:13,452.35,50,59900
20240101,12:01:47,459.55,100,59900
20240101,12:01:56,461.5,200,59900
20240101,12:01:57,460.9,250,59900
20240101,12:06:19,450.0,50,59900
20240101,12:12:04,436.0,50,60400
20240101,12:14:03,430.0,300,60400
20240101,12:14:30,430.0,150,60400
20240101,12:19:26,430.0,50,60400
20240101,12:24:00,446.4,150,60400
20240101,12:24:03,447.85,50,60400
20240101,12:24:52,449.0,50,60400
20240101,12:25:05,450.5,50,60400
20240101,12:29:02,454.5,100,60400
20240101,12:46:05,441.0,50,60400
20240101,12:49:00,437.05,200,60400
20240101,12:49:02,435.95,100,60400
20240101,12:50:20,433.0,50,60400
20240101,12:50:23,433.05,50,60400
20240101,12:51:07,437.8,50,60400
20240101,13:02:38,430.0,50,60350
20240101,13:10:45,435.1,50,60350
20240101,13:11:13,434.1,50,60350
20240101,13:27:23,428.5,500,60400
20240101,13:28:23,429.05,500,60400
20240101,13:28:54,425.0,500,60400
20240101,13:30:22,420.0,50,59000
20240101,13:30:24,419.25,50,59000
20240101,13:32:59,419.25,50,58950
20240101,13:33:41,427.75,50,58950
20240101,13:34:42,433.45,50,58950
20240101,13:40:35,431.6,50,59000
20240101,13:42:01,433.45,50,58950
20240101,13:53:34,425.0,150,58950
20240101,13:55:12,422.6,50,58950
20240101,13:56:16,423.5,50,58950
20240101,13:57:18,410.0,50,58950
20240101,13:58:13,404.5,50,58950
20240101,13:58:18,404.5,200,58950
20240101,14:00:43,402.0,150,58750
20240101,14:01:24,399.9,50,58750
20240101,14:01:29,399.9,500,58750
20240101,14:02:30,389.85,500,58750
20240101,14:02:46,387.6,150,58750
20240101,14:02:53,385.0,50,58750
20240101,14:04:20,385.0,250,59650
20240101,14:04:33,384.2,50,59650
20240101,14:04:39,382.6,500,59650
20240101,14:05:10,380.0,50,59650
20240101,14:06:35,380.0,50,60050
20240101,14:08:49,380.0,100,60050
20240101,14:10:48,380.0,50,60050
20240101,14:11:04,379.0,50,60050
20240101,14:11:16,379.0,100,60050
20240101,14:11:17,379.0,50,60050
20240101,14:12:02,370.85,50,60150
20240101,14:12:25,370.85,50,60150
20240101,14:13:33,369.0,300,60150
20240101,14:13:36,369.0,50,60150
20240101,14:13:54,369.0,50,60150
20240101,14:14:08,372.0,100,60150
20240101,14:14:20,369.0,100,60150
20240101,14:14:22,369.0,800,60150
20240101,14:14:35,369.0,50,60150
20240101,14:14:40,369.0,100,60150
20240101,14:15:03,369.9,50,60500
20240101,14:15:04,369.15,200,60500
20240101,14:15:42,371.85,50,60500
20240101,14:15:55,372.55,50,60500
20240101,14:18:01,364.25,100,60650
20240101,14:18:56,364.25,50,60650
20240101,14:19:52,369.9,100,60650
20240101,14:21:09,368.85,50,60550
20240101,14:21:47,373.85,50,60550
20240101,14:22:10,375.0,50,60550
20240101,14:25:14,376.2,50,60550
20240101,14:25:24,374.2,100,60550
20240101,14:25:50,372.75,200,60550
20240101,14:26:12,373.65,250,60550
20240101,14:26:20,374.2,100,60550
20240101,14:27:56,380.0,100,60850
20240101,14:28:04,377.2,50,60850
20240101,14:28:13,376.2,100,60850
20240101,14:29:22,373.2,50,60850
20240101,14:33:31,375.85,50,61000
20240101,14:35:28,370.0,50,61000
20240101,14:37:00,370.0,50,61000
20240101,14:38:17,373.65,50,61000
20240101,14:41:48,368.85,50,60950
20240101,14:41:49,368.0,50,60950
20240101,14:41:51,366.0,50,60950
20240101,14:42:33,351.95,50,61000
20240101,14:42:37,350.0,500,61000
20240101,14:43:33,349.9,50,61000
20240101,14:43:51,344.75,50,61000
20240101,14:44:25,344.75,300,61000
20240101,14:44:32,344.0,50,61000
20240101,14:44:35,344.0,50,61000
20240101,14:44:37,343.0,50,61000
20240101,14:44:53,340.45,250,61000
20240101,14:44:57,339.15,100,61000
20240101,14:45:55,339.15,50,60850
20240101,14:46:10,341.1,50,60850
20240101,14:46:38,342.0,50,60850
20240101,14:47:00,343.45,450,60850
20240101,14:47:13,340.35,400,60850
20240101,14:47:55,343.3,250,60850
20240101,14:47:56,343.2,1000,60850
20240101,14:48:16,343.2,50,62050
20240101,14:48:27,342.55,50,62050
20240101,14:49:22,338.05,500,62050
20240101,14:49:51,332.05,50,62050
20240101,14:50:04,332.05,100,62050
20240101,14:50:24,325.6,50,62050
20240101,14:50:27,325.0,50,62050
20240101,14:50:31,325.0,300,62050
20240101,14:50:54,328.0,50,62050
20240101,14:51:04,327.95,400,62050
20240101,14:51:18,333.5,50,62050
20240101,14:51:26,329.5,100,62900
20240101,14:52:10,331.1,150,62900
20240101,14:53:12,332.0,350,62900
20240101,14:53:29,333.55,50,62900
20240101,14:54:21,335.4,250,62950
20240101,14:54:23,334.7,750,62950
20240101,14:54:24,334.3,250,62950
20240101,14:54:28,333.45,250,62950
20240101,14:57:28,337.8,50,64200
20240101,14:57:39,338.25,50,64200
20240101,14:57:57,337.0,50,64200
20240101,14:58:10,336.15,250,64200
20240101,14:58:12,336.05,250,64200
20240101,14:58:37,333.3,50,64200
20240101,14:58:53,336.0,250,64200
20240101,14:59:45,335.0,250,64200
20240101,14:59:56,332.95,150,64200
20240101,15:00:06,333.0,100,65050
20240101,15:00:11,333.85,50,65050
20240101,15:00:16,331.2,250,65050
20240101,15:00:41,330.0,150,65050
20240101,15:01:04,333.4,350,65050
20240101,15:01:06,333.65,250,65050
20240101,15:01:08,336.05,100,65050
20240101,15:01:16,337.75,350,65050
20240101,15:01:28,349.75,100,65050
20240101,15:01:29,350.3,100,65050
20240101,15:01:34,353.95,250,65050
20240101,15:01:41,350.95,50,65050
20240101,15:02:06,347.2,50,65050
20240101,15:02:13,350.0,150,65050
20240101,15:02:18,352.4,1050,65050
20240101,15:02:48,346.2,750,65050
20240101,15:02:58,352.4,100,65050
20240101,15:03:11,354.2,50,65600
20240101,15:03:13,352.4,250,65600
20240101,15:03:58,354.95,150,65600
20240101,15:03:59,354.7,300,65600
20240101,15:05:28,348.05,250,65600
20240101,15:05:39,352.5,50,65600
20240101,15:05:48,353.95,50,65600
20240101,15:06:32,353.4,50,65650
20240101,15:06:34,353.15,50,65650
20240101,15:07:50,364.75,100,65650
20240101,15:07:59,365.0,300,65650
20240101,15:08:25,370.0,50,65650
20240101,15:08:32,372.5,50,65650
20240101,15:08:59,385.4,200,65650
20240101,15:09:04,386.9,100,65650
20240101,15:09:12,385.6,100,65450
20240101,15:09:16,382.9,650,65450
20240101,15:09:22,381.6,100,65450
20240101,15:09:46,386.95,150,65450
20240101,15:10:01,390.95,50,65450
20240101,15:10:04,394.0,100,65450
20240101,15:10:07,395.1,50,65450
20240101,15:10:12,399.0,200,65450
20240101,15:10:14,397.5,350,65450
20240101,15:10:46,411.55,1050,65450
20240101,15:10:47,410.8,450,65450
20240101,15:10:52,407.6,50,65450
20240101,15:12:36,416.0,250,65200
20240101,15:12:41,417.6,200,65200
20240101,15:13:31,431.25,300,65200
20240101,15:13:36,429.6,50,65200
20240101,15:14:24,431.7,50,65200
20240101,15:14:37,425.55,200,65200
20240101,15:14:47,420.0,100,65200
20240101,15:14:54,425.55,350,65200
20240101,15:15:16,424.4,50,65550
20240101,15:16:43,426.0,50,65550
20240101,15:17:14,425.0,50,65550
20240101,15:17:24,424.0,150,65550
20240101,15:17:58,423.55,400,65550
20240101,15:19:32,422.9,250,65450
20240101,15:19:51,424.1,50,65450
20240101,15:19:56,425.5,250,65450
20240101,15:20:19,430.0,100,65450
20240101,15:20:27,436.0,150,65450
20240101,15:20:33,434.9,50,65450
20240101,15:20:42,436.75,400,65450
20240101,15:20:55,441.95,100,65450
20240101,15:20:57,442.0,400,65450
20240101,15:21:45,449.75,100,64900
20240101,15:21:48,450.0,50,64900
20240101,15:21:53,454.0,50,64900
20240101,15:22:01,458.95,100,64900
20240101,15:22:15,464.7,100,64900
20240101,15:23:39,470.0,700,64900
20240101,15:23:41,470.0,150,64900
20240101,15:23:58,470.0,400,64900
20240101,15:24:08,468.4,100,64900
20240101,15:24:16,467.0,50,64350
20240101,15:24:56,469.8,50,64350
20240101,15:25:02,469.7,50,64350
20240101,15:25:06,471.05,100,64350
20240101,15:25:17,471.05,50,64350
20240101,15:25:19,471.05,50,64350
20240101,15:25:52,471.05,50,64350
20240101,15:27:24,473.35,250,64200
20240101,15:27:29,474.45,100,64200
20240101,15:27:38,474.0,50,64200
20240101,15:27:42,475.8,50,64200
20240101,15:28:00,475.0,550,64200
20240101,15:28:57,479.7,250,64200
20240101,15:29:18,477.0,100,64200
20240101,15:29:29,479.25,500,64200
20240102,09:15:13,477.55,1,62500
20240102,09:15:13,477.55,50,62500
20240102,09:15:36,474.45,50,62500
20240102,09:15:43,465.0,300,62500
20240102,09:16:01,463.05,300,62500
20240102,09:16:24,461.0,100,62500
20240102,09:16:57,463.0,50,62500
20240102,09:17:08,461.6,200,62500
20240102,09:17:12,463.8,150,62500
20240102,09:17:35,468.15,200,62800
20240102,09:17:54,468.5,100,62800
20240102,09:18:46,463.9,500,62800
20240102,09:20:04,456.55,100,62800
20240102,09:20:43,456.55,50,62500
20240102,09:20:59,455.65,600,62500
20240102,09:21:59,455.65,50,62500
20240102,09:22:09,465.0,50,62500
20240102,09:22:43,468.5,200,62500
20240102,09:25:53,471.85,500,63100
20240102,09:25:54,473.0,50,63100
20240102,09:27:26,459.5,50,63100
20240102,09:28:26,457.0,200,63100
20240102,09:28:29,461.9,50,63100
20240102,09:28:32,471.3,50,63100
20240102,09:28:35,473.15,50,63100
20240102,09:28:37,470.8,100,63100
20240102,09:28:40,470.75,50,63100
20240102,09:30:27,455.75,250,63100
20240102,09:31:03,455.75,50,63100
20240102,09:31:09,458.25,100,63100
20240102,09:31:34,461.0,50,63100
20240102,09:31:36,462.2,300,63100
20240102,09:31:54,464.0,50,63100
20240102,09:32:37,468.0,50,63250
20240102,09:32:49,469.3,200,63250
20240102,09:33:28,472.0,50,63250
20240102,09:35:41,464.65,50,63200
20240102,09:36:29,471.65,150,63200
20240102,09:38:30,460.0,100,63300
20240102,09:39:05,457.6,150,63300
20240102,09:40:14,453.0,50,63300
20240102,09:40:19,450.0,150,63300
20240102,09:40:44,450.0,50,63300
20240102,09:40:59,448.0,100,63300
20240102,09:41:06,446.25,50,63300
20240102,09:41:21,444.0,50,63300
20240102,09:41:28,444.0,250,63450
20240102,09:41:57,442.45,150,63450
20240102,09:43:14,439.35,100,63450
20240102,09:43:55,439.35,150,63450
20240102,09:45:41,444.35,50,64100
20240102,09:45:56,448.0,50,64100
20240102,09:50:09,445.4,50,64150
20240102,09:51:05,453.0,50,64200
20240102,09:51:11,455.0,50,64200
20240102,09:54:52,465.0,50,64200
20240102,09:55:16,471.3,200,64200
20240102,09:56:11,485.7,50,64200
20240102,09:56:15,489.0,250,64200
20240102,09:56:20,489.0,150,64200
20240102,09:56:21,488.9,1200,64200
20240102,09:56:48,499.0,250,64250
20240102,09:56:59,499.0,100,64250
20240102,09:57:01,500.0,450,64250
20240102,09:57:13,511.95,50,64250
20240102,09:57:21,511.95,200,64250
20240102,09:57:23,511.95,500,64250
20240102,09:57:26,507.9,1200,64250
20240102,09:57:49,507.0,250,64250
20240102,09:58:26,519.0,250,64250
20240102,09:58:52,519.65,50,64250
20240102,09:59:35,530.0,50,63600
20240102,09:59:40,530.0,150,63600
20240102,10:00:41,530.0,150,63600
20240102,10:00:44,530.0,250,63600
20240102,10:00:52,534.0,150,63600
20240102,10:01:17,537.05,250,63600
20240102,10:01:20,541.2,1000,63600
20240102,10:03:16,541.2,300,63850
20240102,10:04:18,518.2,100,63850
20240102,10:08:29,503.4,350,63950
20240102,10:08:48,510.0,50,63950
20240102,10:10:13,511.4,200,63950
20240102,10:11:24,515.3,50,63950
20240102,10:13:28,519.95,100,64300
20240102,10:21:11,520.0,50,64200
20240102,10:24:51,539.0,50,64250
20240102,10:24:52,539.0,200,64250
20240102,10:25:11,550.0,250,64250
20240102,10:26:11,550.0,50,64250
20240102,10:26:16,550.0,1050,64250
20240102,10:26:56,553.95,150,64250
20240102,10:27:06,554.35,150,64250
20240102,10:27:37,554.35,50,64250
20240102,10:28:01,549.5,100,64250
20240102,10:28:09,555.0,50,64250
20240102,10:28:57,555.0,100,64250
20240102,10:30:05,558.6,50,64150
20240102,10:31:14,558.6,100,64150
20240102,10:31:48,537.6,250,64150
20240102,10:32:49,555.0,100,64250
20240102,10:32:51,555.8,350,64250
20240102,10:33:02,554.4,150,64250
20240102,10:35:13,561.75,250,64250
20240102,10:35:23,562.05,50,64250
20240102,10:36:38,578.1,500,63800
20240102,10:37:21,586.4,150,63800
20240102,10:37:26,586.4,100,63800
20240102,10:37:39,579.0,150,63800
20240102,10:37:41,577.9,500,63800
20240102,10:38:02,584.05,150,63800
20240102,10:38:47,583.5,500,63750
20240102,10:38:55,586.3,500,63750
20240102,10:39:43,595.8,500,63750
20240102,10:40:31,595.8,150,63750
20240102,10:40:39,600.25,750,63750
20240102,10:42:08,600.25,50,65300
20240102,10:42:11,587.3,250,65300
20240102,10:43:00,573.7,50,65300
20240102,10:43:25,579.05,50,65300
20240102,10:45:32,585.4,50,65500
20240102,10:48:15,560.0,100,65450
20240102,10:48:49,562.75,50,65450
20240102,10:50:48,562.75,50,65500
20240102,11:21:38,562.7,50,65550
20240102,11:36:27,581.95,100,65550
20240102,11:49:15,573.0,50,65550
20240102,12:10:42,559.3,50,65550
20240102,12:15:21,556.0,50,65450
20240102,12:17:43,531.8,50,65450
20240102,12:18:06,535.0,100,65400
20240102,12:41:36,530.0,100,65400
20240102,12:43:00,527.0,50,65300
20240102,12:44:09,530.0,50,65300
20240102,12:51:33,543.2,200,65250
20240102,13:15:22,560.0,100,65250
20240102,13:17:35,555.35,100,65250
20240102,13:24:06,565.0,100,65250
20240102,13:34:22,545.0,50,65350
20240102,13:36:51,531.45,50,65350
20240102,13:39:53,538.0,1800,65300
20240102,13:50:07,535.25,500,67050
20240102,13:50:13,536.95,200,67050
20240102,13:51:04,531.0,50,66350
20240102,13:52:41,539.9,500,66350
20240102,13:53:03,540.0,50,66350
20240102,13:53:57,542.3,400,66350
20240102,13:54:03,541.0,50,66850
20240102,13:54:31,535.55,450,66850
20240102,13:55:49,536.0,500,66850
20240102,13:56:44,538.0,50,66850
20240102,13:56:47,538.0,450,66850
20240102,14:04:18,546.0,500,68350
20240102,14:09:06,524.95,200,68350
20240102,14:09:59,520.05,300,68350
20240102,14:10:54,514.45,100,68350
20240102,14:12:50,502.0,50,68400
20240102,14:14:39,499.8,100,68400
20240102,14:17:37,504.0,300,68400
20240102,14:18:02,505.0,250,68400
20240102,14:18:48,512.75,50,68700
20240102,14:19:55,520.55,100,68700
20240102,14:20:05,516.65,50,68700
20240102,14:29:06,513.0,50,68800
20240102,14:30:31,497.65,100,68800
20240102,14:38:02,480.4,50,68850
20240102,14:38:26,477.7,50,68850
20240102,14:39:02,477.8,300,68850
20240102,14:39:03,477.75,300,68850
20240102,14:39:22,480.9,250,68800
20240102,14:40:56,473.15,50,68800
20240102,14:43:21,482.95,50,68800
20240102,14:44:12,488.45,1200,68800
20240102,14:45:37,488.2,50,68850
20240102,14:46:01,484.1,50,68850
20240102,14:46:48,478.3,50,68850
20240102,14:48:04,484.35,50,68850
20240102,14:51:08,490.3,550,68850
20240102,14:52:40,501.65,50,69400
20240102,14:52:55,501.5,50,69400
20240102,14:54:24,510.0,50,69350
20240102,14:55:23,511.95,300,69350
20240102,14:56:32,503.25,50,69350
20240102,14:57:17,513.55,50,69300
20240102,15:00:22,500.0,100,69350
20240102,15:00:32,491.2,50,69350
20240102,15:01:55,504.65,50,69350
20240102,15:02:01,501.1,500,69350
20240102,15:02:20,497.0,1300,69350
20240102,15:02:33,502.0,500,69350
20240102,15:02:55,498.5,500,69350
20240102,15:03:18,499.9,50,67900
20240102,15:04:19,492.9,500,67900
20240102,15:07:01,505.0,100,67350
20240102,15:08:01,537.6,550,67350
20240102,15:08:09,539.05,150,67350
20240102,15:09:40,542.0,250,67350
20240102,15:10:46,553.7,100,67350
20240102,15:11:22,552.75,600,67350
20240102,15:15:19,522.0,50,66700
20240102,15:15:21,522.0,50,66700
20240102,15:16:26,532.5,100,66700
20240102,15:20:11,537.2,50,66700
20240102,15:21:25,528.75,50,66700
20240102,15:25:32,538.7,50,66700
20240102,15:26:34,539.5,50,66700
20240102,15:26:37,539.35,50,66700
20240102,15:27:29,538.45,50,66700
20240102,15:27:38,538.45,450,66700
20240102,15:29:24,534.5,50,66700
20240102,15:29:44,537.6,200,66700
20240102,15:29:56,532.95,250,66700
20240103,09:15:36,574.95,1,66700
20240103,09:15:36,574.95,150,66700
20240103,09:15:39,571.15,50,66700
20240103,09:16:12,571.15,50,66700
20240103,09:17:35,576.0,750,66850
20240103,09:17:48,576.0,100,66850
20240103,09:17:51,574.35,50,66850
20240103,09:18:04,576.0,50,66850
20240103,09:18:13,577.0,50,66850
20240103,09:18:26,577.0,50,66850
20240103,09:19:46,569.2,300,66850
20240103,09:21:13,566.0,50,67550
20240103,09:23:32,566.0,100,67550
20240103,09:23:40,581.5,50,67550
20240103,09:26:42,577.0,50,67650
20240103,09:27:02,572.0,50,67650
20240103,09:28:34,564.0,50,67650
20240103,09:28:56,564.0,50,67650
20240103,09:29:12,573.0,50,67650
20240103,09:31:16,570.85,50,67600
20240103,09:31:41,570.0,50,67600
20240103,09:36:56,589.0,500,67600
20240103,09:37:19,589.4,750,67600
20240103,09:37:48,597.15,100,67600
20240103,09:40:46,600.0,50,67000
20240103,09:42:45,612.75,300,67000
20240103,09:43:28,612.75,100,67000
20240103,09:43:35,610.55,50,67000
20240103,09:45:26,618.8,100,66700
20240103,09:45:42,621.2,50,66700
20240103,09:45:57,621.2,600,66700
20240103,09:46:49,611.7,200,66700
20240103,09:48:52,612.75,50,66700
20240103,09:58:15,589.35,1000,66650
20240103,10:11:33,592.0,300,66650
20240103,10:15:30,597.0,600,66650
20240103,10:20:01,615.45,300,66650
20240103,10:20:21,615.45,150,66650
20240103,10:20:24,615.45,50,66650
20240103,10:20:29,616.5,150,66650
20240103,10:20:52,625.05,50,66650
20240103,10:20:57,626.45,50,66400
20240103,10:24:17,629.85,50,66350
20240103,10:24:40,629.85,150,66350
20240103,10:24:51,631.15,150,66350
20240103,10:24:53,631.15,50,66350
20240103,10:36:42,596.2,500,66350
20240103,10:38:29,593.0,600,66350
20240103,10:39:16,591.0,500,67400
20240103,10:41:24,604.0,50,67400
20240103,10:41:46,601.1,50,67400
20240103,10:42:05,604.0,50,67900
20240103,10:42:12,603.2,50,67900
20240103,10:46:43,623.9,50,67900
20240103,10:50:00,624.0,50,67900
20240103,10:51:42,628.45,50,67900
20240103,10:54:09,621.6,250,67900
20240103,10:54:22,622.8,250,67900
20240103,10:54:52,620.8,50,67900
20240103,10:56:05,614.5,250,67900
20240103,10:57:20,612.15,250,68700
20240103,10:59:42,613.15,50,68700
20240103,11:05:04,614.0,50,69000
20240103,11:19:38,602.0,50,69000
20240103,11:34:04,615.9,50,69050
20240103,11:43:16,600.0,400,69050
20240103,11:47:55,585.0,100,69150
20240103,11:47:56,585.0,450,69150
20240103,11:48:16,585.0,450,69150
20240103,11:49:12,579.0,50,69150
20240103,11:51:57,575.0,500,69150
20240103,11:56:43,585.0,500,69150
20240103,12:11:06,606.0,100,69150
20240103,12:14:39,605.0,50,69150
20240103,12:25:01,644.0,50,69100
20240103,12:26:59,652.0,50,69100
20240103,12:29:37,652.0,50,69100
20240103,12:29:55,652.0,50,69100
20240103,12:31:17,652.0,50,69050
20240103,12:31:31,652.2,150,69050
20240103,12:31:41,655.95,150,69050
20240103,12:33:20,655.95,50,69050
20240103,12:34:02,640.7,50,69050
20240103,12:34:30,641.65,50,69050
20240103,12:35:31,647.0,50,69050
20240103,12:36:41,640.0,400,69050
20240103,12:37:39,641.0,50,69050
20240103,12:38:48,635.0,400,69050
20240103,12:51:27,625.0,150,69100
20240103,12:52:00,625.0,300,69100
20240103,12:53:09,621.8,50,69100
20240103,12:56:47,610.45,200,69050
20240103,12:58:11,620.0,50,69250
20240103,12:59:14,612.4,450,69250
20240103,13:00:55,610.6,100,69250
20240103,13:01:21,600.9,450,69250
20240103,13:20:00,612.8,200,69150
20240103,13:21:41,610.0,250,68950
20240103,13:29:02,612.0,10100,68950
20240103,13:29:18,611.05,100,68950
20240103,13:29:32,611.0,800,68950
20240103,13:29:39,611.0,100,68950
20240103,13:29:40,611.0,9100,68950
20240103,13:30:00,607.25,150,68950
20240103,13:39:00,600.0,750,70250
20240103,13:39:18,600.0,2300,70250
20240103,13:39:19,600.0,7050,70250
20240103,13:56:25,611.0,200,71650
20240103,13:58:07,622.5,500,71650
20240103,13:58:41,622.5,500,71650
20240103,13:59:40,619.0,500,71650
20240103,14:27:21,631.0,500,70150
20240103,14:29:27,632.0,500,70150
20240103,14:31:22,633.65,50,70150
20240103,14:31:31,634.45,100,70150
20240103,14:31:32,634.5,550,70150
20240103,14:35:06,638.4,50,70500
20240103,14:36:49,655.0,250,70450
20240103,14:36:55,655.0,300,70450
20240103,15:02:34,651.35,1800,70350
20240103,15:02:43,655.0,1450,70350
20240103,15:02:56,653.75,1800,70350
20240103,15:03:58,653.9,500,70150
20240103,15:05:30,660.3,150,70150
20240103,15:05:35,663.95,100,70150
20240103,15:08:18,674.55,1800,70150
20240103,15:08:20,674.55,3200,69800
20240103,15:08:35,679.45,150,69800
20240103,15:08:43,682.55,150,69800
20240103,15:09:01,683.8,500,69800
20240103,15:09:33,683.8,5000,69400
20240103,15:11:06,678.3,1800,69400
20240103,15:11:07,678.3,3200,69400
20240103,15:11:43,680.7,2650,69400
20240103,15:11:45,680.7,1150,69400
20240103,15:12:00,678.0,1400,69400
20240103,15:12:39,674.0,5000,68050
20240103,15:13:45,670.0,50,68050
20240103,15:16:14,684.0,100,67950
20240103,15:17:34,692.0,500,67950
20240103,15:17:54,692.0,150,67950
20240103,15:18:06,692.0,150,67950
20240103,15:23:24,678.55,150,67500
20240103,15:24:16,676.45,50,67500
20240103,15:26:10,673.5,1500,67500
20240103,15:26:15,674.25,3000,67550
20240103,15:26:42,674.15,500,67550
20240103,15:27:37,672.1,300,63050
20240103,15:27:49,671.5,300,63050
20240103,15:29:30,674.8,100,63050
20240104,09:20:06,595.0,1,62950
20240104,09:20:06,595.0,50,62950
20240104,09:21:11,590.75,50,62950
20240104,09:21:12,586.0,50,62950
20240104,09:21:46,586.0,50,62950
20240104,09:26:03,586.0,700,63000
20240104,09:27:08,586.0,50,63000
20240104,09:28:15,581.95,1800,63000
20240104,09:28:16,582.8,5400,63000
20240104,09:28:21,582.8,2950,63000
20240104,09:29:31,575.1,50,63450
20240104,09:30:42,575.0,100,63450
20240104,09:30:57,575.0,1800,63450
20240104,09:31:02,579.0,1800,63450
20240104,09:31:05,580.0,1800,63450
20240104,09:31:08,579.7,1800,63450
20240104,09:31:11,579.65,1800,63450
20240104,09:31:21,579.6,1000,63450
20240104,09:32:58,579.6,1450,69550
20240104,09:35:11,586.95,50,69550
20240104,09:36:50,586.65,50,68200
20240104,09:37:46,568.0,300,68200
20240104,09:40:36,568.0,50,68450
20240104,09:45:25,566.0,900,68500
20240104,09:49:22,566.0,50,68600
20240104,09:49:26,576.7,50,68600
20240104,09:52:52,582.8,50,68600
20240104,09:53:10,580.0,350,68600
20240104,09:54:40,572.95,100,68600
20240104,09:54:45,571.9,100,68400
20240104,09:57:06,569.95,500,68600
20240104,09:57:59,568.0,500,68600
20240104,09:58:33,572.15,100,68600
20240104,09:58:43,574.0,500,68600
20240104,10:00:02,572.0,500,68100
20240104,10:00:37,567.45,200,68100
20240104,10:02:13,572.0,500,68100
20240104,10:02:49,573.0,500,68050
20240104,10:04:30,573.45,250,68050
20240104,10:04:57,561.25,50,68050
20240104,10:05:29,561.25,150,68050
20240104,10:06:25,562.0,250,67900
20240104,10:08:06,562.0,50,67900
20240104,10:08:12,562.0,500,67900
20240104,10:08:49,561.0,150,67900
20240104,10:10:04,561.0,500,67900
20240104,10:10:41,563.0,250,67900
20240104,10:10:46,562.6,50,67900
20240104,10:12:22,558.8,150,67300
20240104,10:13:30,558.8,50,67300
20240104,10:13:32,560.0,450,67300
20240104,10:14:15,542.2,600,67300
20240104,10:14:34,550.85,150,67350
20240104,10:14:39,548.35,100,67350
20240104,10:15:36,543.0,150,67350
20240104,10:15:49,539.9,500,67350
20240104,10:15:54,540.95,50,67350
20240104,10:16:50,543.0,500,67350
20240104,10:18:33,535.0,250,67150
20240104,10:19:06,534.3,50,67150
20240104,10:21:03,530.55,300,67450
20240104,10:21:23,530.95,250,67450
20240104,10:21:43,534.45,50,67450
20240104,10:21:50,535.7,250,67450
20240104,10:22:06,536.15,500,67450
20240104,10:26:03,542.0,500,67200
20240104,10:26:47,544.0,500,67200
20240104,10:26:57,543.0,250,67200
20240104,10:27:37,544.0,500,67200
20240104,10:28:28,542.8,500,67200
20240104,10:31:36,537.0,500,67100
20240104,10:31:54,536.0,250,67100
20240104,10:33:09,536.0,500,66850
20240104,10:33:31,537.0,250,66850
20240104,10:34:15,536.75,50,66850
20240104,10:34:47,536.5,500,66850
20240104,10:40:48,531.5,250,66400
20240104,10:43:05,534.0,200,66400
20240104,10:44:46,534.35,250,66350
20240104,10:46:15,539.0,1800,66350
20240104,10:47:02,536.0,250,66350
20240104,10:48:32,536.3,250,68150
20240104,10:52:10,539.1,50,68150
20240104,10:54:29,540.4,50,68150
20240104,10:55:02,538.7,50,68150
20240104,10:57:47,538.8,250,68200
20240104,10:59:26,538.8,250,68200
20240104,11:01:24,534.65,50,68150
20240104,11:06:31,531.75,250,68200
20240104,11:06:55,531.0,50,68200
20240104,11:07:26,530.6,250,68200
20240104,11:07:54,530.75,250,68200
20240104,11:08:29,529.3,250,68200
20240104,11:09:08,529.2,100,68250
20240104,11:09:15,529.2,250,68250
20240104,11:09:35,530.2,250,68250
20240104,11:09:41,530.3,50,68250
20240104,11:09:53,530.5,250,68250
20240104,11:10:15,530.9,250,68250
20240104,11:10:26,530.35,250,68250
20240104,11:10:53,530.0,250,68250
20240104,11:11:11,530.4,250,68250
20240104,11:11:23,530.8,250,68250
20240104,11:11:31,531.0,250,68250
20240104,11:12:21,530.0,250,68100
20240104,11:12:57,530.0,50,68100
20240104,11:12:58,530.0,100,68100
20240104,11:13:00,530.0,100,68100
20240104,11:13:10,530.0,250,68100
20240104,11:13:54,529.5,250,68100
20240104,11:13:56,529.5,250,68100
20240104,11:15:25,527.0,500,69050
20240104,11:16:56,521.05,50,69050
20240104,11:17:00,521.05,350,69050
20240104,11:19:28,531.9,50,69550
20240104,11:20:15,529.0,500,69550
20240104,11:20:29,531.0,250,69550
20240104,11:20:45,532.6,250,70100
20240104,11:20:54,532.3,250,70100
20240104,11:21:03,531.0,250,70100
20240104,11:21:10,530.8,250,70100
20240104,11:21:35,532.6,250,70100
20240104,11:21:43,531.5,250,70100
20240104,11:21:53,534.2,250,70100
20240104,11:22:02,532.85,250,70100
20240104,11:22:16,532.0,250,70100
20240104,11:22:48,530.0,250,70100
20240104,11:23:03,530.3,250,70100
20240104,11:23:14,531.0,250,70100
20240104,11:23:19,530.3,750,70100
20240104,11:23:32,529.65,250,70100
20240104,11:23:39,529.0,250,70100
20240104,11:23:46,528.5,750,70600
20240104,11:24:02,530.0,250,70600
20240104,11:24:12,530.15,250,70600
20240104,11:24:24,530.75,250,70600
20240104,11:24:45,529.8,250,70600
20240104,11:24:53,530.85,250,70600
20240104,11:25:35,532.35,250,70600
20240104,11:25:37,531.0,100,70600
20240104,11:25:45,531.8,250,70600
20240104,11:25:58,531.5,450,70600
20240104,11:26:00,531.0,700,70600
20240104,11:26:31,533.7,250,70600
20240104,11:26:37,533.35,250,70600
20240104,11:26:55,534.0,250,72100
20240104,11:27:23,534.1,250,72100
20240104,11:27:44,535.55,250,72100
20240104,11:28:20,535.0,500,72100
20240104,11:29:32,533.6,200,72100
20240104,11:31:03,533.0,500,72600
20240104,11:34:07,535.0,600,72600
20240104,11:36:20,533.05,100,72700
20240104,11:36:56,533.0,150,72700
20240104,11:36:58,533.0,500,72700
20240104,11:39:47,532.95,100,73300
20240104,11:40:23,531.6,50,73300
20240104,11:40:49,530.0,50,73300
20240104,11:40:51,528.45,1800,73300
20240104,11:40:54,528.8,100,73300
20240104,11:48:16,526.8,200,71500
20240104,11:50:27,520.6,50,71500
20240104,11:51:43,520.6,50,71750
20240104,11:52:13,521.5,250,71750
20240104,11:53:33,522.0,50,71750
20240104,11:54:40,524.8,100,71700
20240104,11:59:41,521.85,250,71800
20240104,11:59:51,521.5,250,71800
20240104,12:00:26,519.0,250,71800
20240104,12:01:16,519.0,250,71800
20240104,12:01:36,522.05,100,71800
20240104,12:02:08,525.35,250,71800
20240104,12:02:36,524.3,250,71800
20240104,12:03:04,524.0,250,71800
20240104,12:03:16,523.4,250,71800
20240104,12:03:59,523.6,250,71800
20240104,12:05:33,519.75,50,71800
20240104,12:10:00,521.8,50,71800
20240104,12:14:12,522.75,50,71800
20240104,12:17:10,523.9,500,71800
20240104,12:17:16,524.0,500,71800
20240104,12:19:11,521.45,50,71800
20240104,12:19:39,520.65,50,71800
20240104,12:23:05,519.75,50,71800
20240104,12:23:07,512.95,750,71800
20240104,12:23:44,514.0,250,71800
20240104,12:24:07,511.0,250,71850
20240104,12:24:27,509.95,250,71850
20240104,12:24:47,505.05,150,71850
20240104,12:24:49,505.05,250,71850
20240104,12:25:27,508.9,250,71850
20240104,12:25:32,509.0,250,71850
20240104,12:25:36,508.0,250,71850
20240104,12:25:41,508.0,250,71850
20240104,12:25:46,507.95,250,71850
20240104,12:25:51,508.0,250,71850
20240104,12:25:56,507.95,300,71850
20240104,12:26:05,508.8,250,71850
20240104,12:26:15,509.95,250,71850
20240104,12:26:45,508.0,250,71850
20240104,12:26:49,506.0,50,71850
20240104,12:27:03,506.9,250,71050
20240104,12:27:14,507.0,250,71050
20240104,12:27:17,506.7,250,71050
20240104,12:27:24,508.0,250,71050
20240104,12:27:37,507.75,250,71050
20240104,12:27:40,507.95,250,71050
20240104,12:27:58,507.7,250,71050
20240104,12:28:17,508.0,250,71050
20240104,12:28:25,508.2,250,71050
20240104,12:28:29,508.0,250,71050
20240104,12:28:32,508.0,250,71050
20240104,12:28:37,508.0,250,71050
20240104,12:28:42,508.5,250,71050
20240104,12:28:47,506.0,250,71050
20240104,12:29:05,506.0,250,71050
20240104,12:29:14,505.0,250,71050
20240104,12:29:18,505.0,250,71050
20240104,12:29:34,505.0,250,71050
20240104,12:29:38,506.3,250,71050
20240104,12:29:44,507.25,250,71050
20240104,12:29:48,505.1,50,71050
20240104,12:30:01,507.75,250,70650
20240104,12:30:09,507.8,250,70650
20240104,12:30:13,507.9,250,70650
20240104,12:30:22,508.0,250,70650
20240104,12:30:48,506.0,500,70650
20240104,12:32:17,507.5,150,70650
20240104,12:32:20,507.5,350,70650
20240104,12:32:50,510.0,50,70650
20240104,12:35:01,513.95,250,70700
20240104,12:36:27,513.6,50,70700
20240104,12:45:47,509.0,100,70700
20240104,12:50:51,510.2,200,70750
20240104,12:52:37,513.25,250,70750
20240104,12:54:00,512.0,50,70550
20240104,12:59:19,510.0,50,70550
20240104,12:59:41,510.95,500,70600
20240104,12:59:52,514.9,250,70600
20240104,13:03:36,509.45,50,70550
20240104,13:05:19,509.5,50,70550
20240104,13:10:46,505.0,500,70550
20240104,13:11:31,506.75,200,70550
20240104,13:11:59,506.75,50,70850
20240104,13:13:16,510.55,150,70850
20240104,13:19:21,514.85,550,71000
20240104,13:25:29,512.0,100,70950
20240104,13:25:51,512.0,100,70950
20240104,13:28:17,513.65,700,71150
20240104,13:30:29,515.95,100,71500
20240104,13:30:37,515.95,150,71500
20240104,13:30:40,515.95,100,71500
20240104,13:30:42,515.95,150,71500
20240104,13:33:49,515.0,500,71500
20240104,13:35:57,516.8,550,71500
20240104,13:36:15,516.8,50,72000
20240104,13:40:16,502.0,50,72000
20240104,13:40:40,500.0,250,72000
20240104,13:42:00,500.0,300,72000
20240104,13:44:41,509.0,300,72600
20240104,13:46:13,509.0,100,72900
20240104,13:46:14,509.0,400,72900
20240104,13:53:07,510.7,500,72900
20240104,13:54:35,510.35,50,72900
20240104,13:54:38,512.0,200,72900
20240104,13:55:43,514.7,50,72900
20240104,13:58:38,516.0,150,73150
20240104,14:00:14,517.05,200,73150
20240104,14:00:50,517.0,1000,73150
20240104,14:01:24,516.75,50,73150
20240104,14:04:43,525.95,200,72900
20240104,14:05:13,526.4,800,72900
20240104,14:05:28,525.0,600,72900
20240104,14:07:52,523.0,350,73500
20240104,14:10:17,520.65,200,73500
20240104,14:10:18,519.6,350,73500
20240104,14:10:20,518.6,200,73500
20240104,14:10:45,514.0,200,73500
20240104,14:12:32,512.1,200,73500
20240104,14:12:37,512.0,200,73500
20240104,14:13:13,515.45,150,73500
20240104,14:13:43,513.2,200,73500
20240104,14:13:48,512.85,100,73500
20240104,14:14:42,519.1,100,73500
20240104,14:15:25,522.85,150,73650
20240104,14:16:46,519.1,7200,73650
20240104,14:16:48,518.65,18000,73650
20240104,14:16:50,519.25,7300,73650
20240104,14:17:31,524.5,650,73650
20240104,14:19:38,525.5,250,81800
20240104,14:19:51,523.3,1650,81800
20240104,14:19:57,522.8,50,81800
20240104,14:22:59,524.75,50,82000
20240104,14:23:12,525.65,50,82000
20240104,14:23:30,524.35,50,82000
20240104,14:24:56,524.2,2400,82000
20240104,14:27:00,529.8,150,82000
20240104,14:31:46,524.0,200,82300
20240104,14:31:59,522.8,50,82300
20240104,14:32:01,522.55,100,82300
20240104,14:32:09,523.25,50,82300
20240104,14:35:44,535.5,50,82150
20240104,14:40:29,530.25,1000,82200
20240104,14:41:46,528.4,550,82200
20240104,14:44:50,534.0,50,82800
20240104,14:45:49,531.9,50,82750
20240104,14:56:05,527.4,50,82750
20240104,14:58:08,525.05,50,82700
20240104,14:58:13,527.15,150,82700
20240104,14:59:03,527.65,50,82700
20240104,15:00:10,520.0,100,82700
20240104,15:00:14,519.7,50,82700
20240104,15:00:17,517.0,100,82700
20240104,15:00:19,516.95,50,82700
20240104,15:00:24,515.5,50,82700
20240104,15:00:29,515.0,50,82700
20240104,15:00:37,515.2,50,82700
20240104,15:00:44,521.0,50,82700
20240104,15:00:47,521.55,50,82700
20240104,15:00:49,520.5,50,82700
20240104,15:00:59,515.8,50,82700
20240104,15:02:07,522.0,100,82700
20240104,15:02:10,521.9,1400,82700
20240104,15:02:16,519.75,650,82700
20240104,15:03:16,517.25,350,84950
20240104,15:03:19,517.45,150,84950
20240104,15:05:00,515.9,750,84950
20240104,15:05:05,517.4,250,84950
20240104,15:05:51,516.6,100,84950
20240104,15:06:02,515.35,150,84950
20240104,15:07:03,505.0,100,86200
20240104,15:08:11,508.7,100,86200
20240104,15:08:27,509.15,50,86200
20240104,15:11:22,517.35,600,86200
20240104,15:14:06,512.1,50,85600
20240104,15:14:13,511.9,100,85600
20240104,15:14:18,511.95,50,85600
20240104,15:15:04,511.6,250,85600
20240104,15:16:08,506.3,450,85850
20240104,15:17:54,506.25,50,85850
20240104,15:18:46,509.7,100,85850
20240104,15:21:32,502.1,300,85400
20240104,15:21:42,501.0,50,85400
20240104,15:21:46,500.0,200,85400
20240104,15:21:52,498.15,500,85400
20240104,15:22:01,498.15,50,85400
20240104,15:22:04,497.95,50,85400
20240104,15:22:34,497.95,250,85400
20240104,15:22:50,497.75,50,85400
20240104,15:22:57,496.75,100,85400
20240104,15:24:08,492.0,500,85400
20240104,15:25:24,490.0,550,85300
20240104,15:25:40,486.0,300,85300
20240104,15:25:44,486.0,50,85300
20240104,15:26:15,484.0,150,85300
20240104,15:26:18,484.0,350,85300
20240104,15:26:28,482.25,100,85300
20240104,15:26:47,481.8,50,85300
20240104,15:27:20,480.6,1450,85050
20240104,15:27:28,480.0,50,85050
20240104,15:27:40,480.0,100,85050
20240104,15:28:03,478.3,50,85050
20240104,15:28:05,477.6,50,85050
20240104,15:28:40,477.6,50,85050
20240104,15:29:02,476.0,50,85050
20240104,15:29:04,476.0,100,85050
20240104,15:29:14,474.35,700,85050
20240104,15:29:37,473.5,50,85050
20240104,15:29:57,471.0,500,85050
20240105,09:15:10,471.15,1,85800
20240105,09:15:10,471.0,200,85800
20240105,09:15:18,469.35,50,85800
20240105,09:15:21,469.35,50,85800
20240105,09:15:26,475.0,500,85800
20240105,09:15:28,475.0,150,85800
20240105,09:15:31,469.0,50,85800
20240105,09:15:37,461.6,100,85800
20240105,09:15:39,461.6,500,85800
20240105,09:15:40,460.0,50,85800
20240105,09:15:42,456.45,100,85800
20240105,09:15:50,456.45,50,85800
20240105,09:15:54,451.75,500,85800
20240105,09:16:06,451.75,500,85800
20240105,09:16:24,455.75,50,85800
20240105,09:16:37,452.5,250,85800
20240105,09:16:38,453.1,300,85800
20240105,09:16:48,453.35,50,85800
20240105,09:16:51,454.6,500,85800
20240105,09:17:15,454.6,100,85850
20240105,09:17:54,452.5,150,85850
20240105,09:17:55,452.3,600,85850
20240105,09:17:58,454.6,150,85850
20240105,09:18:26,456.85,50,85850
20240105,09:18:33,455.75,50,85850
20240105,09:18:39,459.4,1000,85850
20240105,09:18:47,455.75,50,85850
20240105,09:18:57,456.75,100,85850
20240105,09:18:59,458.9,1000,85850
20240105,09:19:03,462.0,200,85850
20240105,09:19:06,459.75,50,85850
20240105,09:19:10,458.65,50,85850
20240105,09:19:14,455.5,250,85850
20240105,09:19:15,455.5,250,85850
20240105,09:19:44,460.0,100,85850
20240105,09:19:46,460.75,50,85850
20240105,09:19:59,460.75,100,85850
20240105,09:20:00,463.7,50,85850
20240105,09:20:06,467.7,50,85850
20240105,09:20:10,464.25,50,85850
20240105,09:20:24,467.7,1000,86100
20240105,09:20:30,467.85,250,86100
20240105,09:20:50,466.65,50,86100
20240105,09:21:08,468.75,50,86100
20240105,09:21:19,466.2,50,86100
20240105,09:21:52,470.0,150,86100
20240105,09:22:26,472.0,1800,86100
20240105,09:23:39,470.45,50,86300
20240105,09:24:21,473.2,50,86300
20240105,09:24:25,474.3,150,86300
20240105,09:24:30,473.05,100,86300
20240105,09:25:00,474.95,50,86300
20240105,09:25:11,479.1,50,86300
20240105,09:25:22,480.5,200,86300
20240105,09:25:25,482.25,50,86300
20240105,09:25:31,482.25,150,86300
20240105,09:25:33,480.0,50,86300
20240105,09:26:03,481.4,50,86300
20240105,09:26:06,482.85,1000,86300
20240105,09:26:08,482.7,50,86300
20240105,09:26:20,480.0,50,86050
20240105,09:26:30,480.2,50,86050
20240105,09:27:00,480.45,500,86050
20240105,09:27:35,474.0,100,86050
20240105,09:27:37,473.15,50,86050
20240105,09:27:41,473.4,250,86050
20240105,09:27:45,473.8,50,86050
20240105,09:28:12,474.15,100,86050
20240105,09:28:14,476.05,50,86050
20240105,09:28:36,477.3,50,86050
20240105,09:29:02,477.0,50,86050
20240105,09:29:12,480.25,100,86050
20240105,09:30:05,477.0,50,85950
20240105,09:30:15,474.75,50,85950
20240105,09:30:17,474.8,200,85950
20240105,09:30:52,467.3,50,85950
20240105,09:30:54,466.5,50,85950
20240105,09:30:55,466.9,50,85950
20240105,09:31:03,465.5,100,85950
20240105,09:31:04,465.5,200,85950
20240105,09:31:05,465.5,50,85950
20240105,09:31:07,465.5,50,85950
20240105,09:31:28,465.0,150,85950
20240105,09:31:44,463.5,200,85950
20240105,09:31:59,463.8,1800,85950
20240105,09:32:16,465.2,50,85950
20240105,09:32:22,464.95,50,87650
20240105,09:32:28,464.05,50,87650
20240105,09:33:12,465.25,550,87650
20240105,09:33:37,466.5,50,87650
20240105,09:33:53,470.45,50,87650
20240105,09:34:40,468.5,100,87650
20240105,09:35:26,465.25,1800,87850
20240105,09:35:52,464.7,50,87850
20240105,09:36:03,462.0,100,87850
20240105,09:36:05,461.8,550,87850
20240105,09:36:54,468.8,100,87850
20240105,09:37:43,465.95,100,87850
20240105,09:38:39,465.0,200,88100
20240105,09:39:04,465.0,50,88100
20240105,09:39:07,464.5,100,88100
20240105,09:40:12,462.0,50,88100
20240105,09:40:16,464.25,150,88100
20240105,09:40:18,465.35,300,88100
20240105,09:40:24,465.0,50,88100
20240105,09:40:26,465.95,500,88100
20240105,09:41:12,460.0,350,88100
20240105,09:41:30,462.9,50,88300
20240105,09:41:44,464.4,1000,88300
20240105,09:42:45,464.15,50,88300
20240105,09:44:10,464.8,50,88300
20240105,09:44:46,463.85,200,89050
20240105,09:44:47,462.4,50,89050
20240105,09:45:08,462.0,1000,89050
20240105,09:45:12,461.25,50,89050
20240105,09:45:32,465.0,100,89050
20240105,09:45:33,465.75,50,89050
20240105,09:45:46,467.1,50,89050
20240105,09:47:07,460.6,50,89050
20240105,09:47:17,460.15,50,89050
20240105,09:48:17,457.5,250,90400
20240105,09:48:36,461.3,100,90400
20240105,09:49:59,467.1,100,90400
20240105,09:50:00,467.1,150,90400
20240105,09:50:13,463.95,150,90400
20240105,09:50:17,463.8,500,90400
20240105,09:50:42,460.8,100,91150
20240105,09:50:48,460.0,50,91150
20240105,09:50:54,461.15,50,91150
20240105,09:51:01,459.95,50,91150
20240105,09:52:23,455.5,250,91150
20240105,09:52:24,456.0,300,91150
20240105,09:53:23,455.7,250,91700
20240105,09:53:31,456.0,50,91700
20240105,09:53:34,453.9,150,91700
20240105,09:54:34,453.75,50,91700
20240105,09:55:02,453.75,50,91700
20240105,09:55:24,453.75,100,91700
20240105,09:55:44,454.5,1500,91700
20240105,09:56:58,451.3,500,93600
20240105,09:57:18,451.05,1800,93600
20240105,09:58:29,451.05,50,93600
20240105,09:59:12,450.5,50,93600
20240105,10:00:17,450.5,1800,91650
20240105,10:00:19,454.5,1800,91650
20240105,10:00:20,455.15,1900,91650
20240105,10:00:41,453.95,800,91650
20240105,10:00:48,454.25,100,91650
20240105,10:01:02,457.75,400,91650
20240105,10:01:06,459.75,150,91650
20240105,10:01:09,460.7,50,91650
20240105,10:01:11,460.05,200,91650
20240105,10:01:26,460.05,50,91650
20240105,10:01:32,460.0,300,91650
20240105,10:02:19,460.8,500,91650
20240105,10:03:20,458.25,50,91850
20240105,10:05:06,456.95,100,91850
20240105,10:06:38,456.4,50,91850
20240105,10:09:09,455.0,50,91900
20240105,10:09:47,455.0,50,91900
20240105,10:10:12,454.7,50,91900
20240105,10:10:59,454.0,200,91900
20240105,10:11:30,458.65,250,92050
20240105,10:12:21,458.0,500,92050
20240105,10:13:54,452.25,50,92050
20240105,10:14:06,452.25,50,92050
20240105,10:14:14,452.55,50,92050
20240105,10:14:38,457.35,1300,92650
20240105,10:14:39,457.15,50,92650
20240105,10:15:18,457.9,400,92650
20240105,10:15:39,461.6,50,92650
20240105,10:15:45,457.15,500,92650
20240105,10:16:15,457.25,50,92650
20240105,10:16:22,456.4,50,92650
20240105,10:16:58,458.9,100,92650
20240105,10:17:06,458.8,150,92650
20240105,10:17:11,460.15,50,92650
20240105,10:17:30,463.5,100,94900
20240105,10:17:34,461.15,50,94900
20240105,10:17:55,462.1,100,94900
20240105,10:18:17,465.0,11100,94900
20240105,10:18:22,469.0,200,94900
20240105,10:18:32,468.9,450,94900
20240105,10:18:41,469.9,600,94900
20240105,10:18:47,470.3,50,94900
20240105,10:18:55,470.65,4850,94900
20240105,10:19:00,467.15,50,94900
20240105,10:19:04,468.8,650,94900
20240105,10:19:19,466.7,450,94900
20240105,10:19:22,467.5,100,94900
20240105,10:19:31,467.0,50,94900
20240105,10:19:36,468.0,50,94900
20240105,10:19:41,464.15,250,94900
20240105,10:19:59,465.25,500,94900
20240105,10:20:27,466.2,50,108750
20240105,10:20:45,465.3,50,108750
20240105,10:21:02,463.85,50,108750
20240105,10:21:38,465.0,100,108750
20240105,10:21:57,464.1,50,108750
20240105,10:23:02,467.5,50,108750
20240105,10:23:31,467.9,50,108850
20240105,10:25:45,466.2,50,108850
20240105,10:28:22,465.5,50,108800
20240105,10:28:23,465.5,200,108800
20240105,10:28:42,465.45,100,108800
20240105,10:28:49,462.5,150,108800
20240105,10:28:51,462.5,50,108800
20240105,10:29:43,460.55,50,107650
20240105,10:29:46,460.35,100,107650
20240105,10:29:47,461.2,50,107650
20240105,10:29:51,461.2,100,107650
20240105,10:30:54,460.05,50,107650
20240105,10:31:16,458.3,50,107650
20240105,10:31:18,458.35,100,107650
20240105,10:31:20,458.3,50,107650
20240105,10:31:47,458.5,150,107650
20240105,10:32:12,458.0,100,107650
20240105,10:32:20,456.6,50,107650
20240105,10:32:38,457.55,50,107900
20240105,10:32:41,457.0,50,107900
20240105,10:33:03,457.15,200,107900
20240105,10:33:18,457.2,50,107900
20240105,10:33:21,457.5,100,107900
20240105,10:33:54,460.2,50,107900
20240105,10:34:22,458.25,700,107900
20240105,10:35:07,456.0,50,107900
20240105,10:35:32,455.6,300,107550
20240105,10:35:34,455.8,50,107550
20240105,10:35:39,455.3,50,107550
20240105,10:35:47,454.7,50,107550
20240105,10:36:45,455.9,50,107550
20240105,10:36:50,456.5,50,107550
20240105,10:36:59,456.25,50,107550
20240105,10:37:07,452.75,50,107550
20240105,10:37:14,452.8,50,107550
20240105,10:37:15,452.75,50,107550
20240105,10:37:35,456.3,50,107550
20240105,10:37:41,454.0,50,107550
20240105,10:39:01,457.0,50,107950
20240105,10:40:25,454.8,50,107950
20240105,10:41:55,456.85,50,107650
20240105,10:42:47,459.05,100,107650
20240105,10:43:38,468.0,300,107650
20240105,10:43:39,469.9,550,107650
20240105,10:43:49,470.95,50,107650
20240105,10:43:51,474.9,50,107650
20240105,10:43:57,478.55,150,107650
20240105,10:44:00,477.95,50,107650
20240105,10:44:04,476.85,50,107650
20240105,10:44:05,477.25,50,107650
20240105,10:44:13,478.7,50,107650
20240105,10:44:14,478.15,200,107650
20240105,10:44:15,480.0,450,107650
20240105,10:44:16,480.0,50,107650
20240105,10:44:21,483.25,50,107650
20240105,10:44:23,486.9,100,107650
20240105,10:44:40,486.9,100,107650
20240105,10:45:27,481.7,50,106600
20240105,10:45:33,488.25,150,106600
20240105,10:45:38,489.05,50,106600
20240105,10:45:44,492.1,200,106600
20240105,10:45:45,494.25,100,106600
20240105,10:45:46,495.0,50,106600
20240105,10:46:06,495.0,100,106600
20240105,10:46:22,495.3,100,106600
20240105,10:46:59,495.3,50,106600
20240105,10:46:59,486.4,100,106600
20240105,10:47:00,485.8,150,106600
20240105,10:47:30,497.1,50,107200
20240105,10:47:34,498.05,50,107200
20240105,10:47:45,500.0,100,107200
20240105,10:47:46,501.65,200,107200
20240105,10:48:01,501.65,50,107200
20240105,10:48:02,499.9,50,107200
20240105,10:48:05,499.35,50,107200
20240105,10:48:22,504.0,250,107200
20240105,10:48:23,505.0,650,107200
20240105,10:48:45,505.0,300,107200
20240105,10:49:10,500.8,100,107200
20240105,10:49:20,499.95,50,107200
20240105,10:49:39,500.5,50,107200
20240105,10:49:41,502.0,600,107200
20240105,10:49:51,503.3,150,107200
20240105,10:50:11,501.2,50,107200
20240105,10:50:40,500.0,50,105500
20240105,10:51:05,498.8,50,105500
20240105,10:51:08,499.95,100,105500
20240105,10:51:16,499.3,100,105500
20240105,10:51:49,508.0,50,105500
20240105,10:52:55,508.0,250,105500
20240105,10:52:59,510.0,50,105500
20240105,10:53:00,510.0,50,105500
20240105,10:53:01,510.0,50,105500
20240105,10:53:11,515.0,200,105500
20240105,10:53:12,515.6,50,105500
20240105,10:53:20,515.6,50,105500
20240105,10:53:21,508.75,100,105500
20240105,10:53:58,510.5,100,104800
20240105,10:54:19,520.0,1050,104800
20240105,10:54:24,520.0,150,104800
20240105,10:54:35,520.0,50,104800
20240105,10:54:36,519.8,50,104800
20240105,10:54:44,522.0,100,104800
20240105,10:54:55,527.2,550,104800
20240105,10:54:59,529.15,300,104800
20240105,10:55:01,529.15,50,104800
20240105,10:55:42,524.9,50,104800
20240105,10:55:52,526.1,50,104800
20240105,10:56:15,521.0,50,104800
20240105,10:56:36,518.6,500,104100
20240105,10:56:46,524.85,50,104100
20240105,10:56:50,528.25,1800,104100
20240105,10:57:08,521.8,1300,104100
20240105,10:57:13,517.55,200,104100
20240105,10:57:20,517.6,100,104100
20240105,10:57:21,518.1,400,104100
20240105,10:57:34,514.0,50,104100
20240105,10:57:37,515.95,50,104100
20240105,10:57:42,515.15,100,104100
20240105,10:58:09,512.65,50,104100
20240105,10:58:22,520.0,14750,104100
20240105,10:58:23,520.0,700,104100
20240105,10:58:43,516.0,100,104100
20240105,10:58:51,517.2,50,104100
20240105,10:59:02,511.8,100,104100
20240105,11:00:08,510.8,50,104100
20240105,11:00:09,509.7,350,114550
20240105,11:01:05,515.4,100,114550
20240105,11:01:11,515.0,150,114550
20240105,11:02:53,510.6,50,114600
20240105,11:03:43,509.15,50,114600
20240105,11:03:59,506.45,50,114600
20240105,11:04:02,507.75,50,114600
20240105,11:06:28,508.05,200,114500
20240105,11:06:49,503.3,50,114500
20240105,11:07:11,502.0,50,114500
20240105,11:08:27,500.0,100,114500
20240105,11:08:39,497.8,50,114800
20240105,11:09:12,493.6,50,114800
20240105,11:09:53,495.0,50,114800
20240105,11:10:19,491.55,50,114800
20240105,11:12:18,490.6,1800,114550
20240105,11:12:30,489.3,50,114550
20240105,11:12:31,490.0,100,114550
20240105,11:12:37,487.8,50,114550
20240105,11:12:46,488.8,50,114550
20240105,11:12:48,488.75,50,114550
20240105,11:12:50,488.3,50,114550
20240105,11:12:56,489.25,50,114550
20240105,11:13:01,489.25,100,114550
20240105,11:13:47,497.2,50,114550
20240105,11:13:47,496.85,100,114550
20240105,11:13:50,498.75,100,114550
20240105,11:13:57,497.55,50,114550
20240105,11:14:01,496.85,50,114550
20240105,11:14:04,495.05,100,114550
20240105,11:14:05,495.0,100,114550
20240105,11:14:07,494.8,50,114550
20240105,11:14:09,494.35,50,114550
20240105,11:14:15,493.65,50,114550
20240105,11:14:16,493.55,50,114550
20240105,11:14:21,495.7,50,114550
20240105,11:14:22,495.35,100,114550
20240105,11:14:25,494.95,50,114550
20240105,11:14:44,497.8,50,115750
20240105,11:14:48,495.0,50,115750
20240105,11:14:54,498.05,100,115750
20240105,11:14:57,496.6,50,115750
20240105,11:14:59,498.3,50,115750
20240105,11:15:25,498.0,100,115750
20240105,11:15:45,499.9,50,115750
20240105,11:15:46,499.95,50,115750
20240105,11:15:48,500.55,500,115750
20240105,11:16:03,501.05,50,115750
20240105,11:16:28,498.9,50,115750
20240105,11:16:36,499.1,100,115750
20240105,11:16:43,500.75,50,115750
20240105,11:16:56,503.0,500,115750
20240105,11:16:58,503.15,50,115750
20240105,11:17:52,513.25,150,116350
20240105,11:17:54,512.7,50,116350
20240105,11:17:57,512.75,50,116350
20240105,11:18:00,514.7,250,116350
20240105,11:18:04,512.85,50,116350
20240105,11:18:22,516.05,100,116350
20240105,11:18:33,519.1,50,116350
20240105,11:18:52,518.0,50,116350
20240105,11:18:54,519.05,50,116350
20240105,11:19:01,519.55,50,116350
20240105,11:19:06,520.05,50,116350
20240105,11:19:07,520.6,50,116350
20240105,11:19:08,519.0,100,116350
20240105,11:19:17,519.05,50,116350
20240105,11:19:24,520.0,100,116350
20240105,11:19:30,522.0,50,116350
20240105,11:19:38,518.75,200,116350
20240105,11:19:40,519.05,50,116350
20240105,11:19:49,514.95,50,116350
20240105,11:20:15,512.55,1100,116350
20240105,11:20:26,516.0,50,116350
20240105,11:20:57,510.7,50,116550
20240105,11:22:01,510.7,300,116550
20240105,11:22:10,512.95,1000,116550
20240105,11:22:26,511.15,50,116550
20240105,11:22:31,510.7,50,116550
20240105,11:22:36,513.35,300,116550
20240105,11:23:39,509.0,1800,117850
20240105,11:24:10,509.0,200,117850
20240105,11:24:14,509.6,100,117850
20240105,11:24:19,507.95,50,117850
20240105,11:24:44,505.15,50,117850
20240105,11:25:24,509.0,100,117850
20240105,11:25:31,507.85,50,117850
20240105,11:27:07,504.85,50,114550
20240105,11:28:55,499.35,50,114550
20240105,11:29:00,498.75,150,114550
20240105,11:29:01,498.95,50,114550
20240105,11:30:17,503.3,250,113700
20240105,11:31:23,503.25,50,113700
20240105,11:32:29,500.0,50,113700
20240105,11:32:43,501.2,50,113750
20240105,11:35:12,505.0,50,113750
20240105,11:35:13,506.0,50,113750
20240105,11:35:17,507.95,250,113750
20240105,11:35:18,507.2,100,113750
20240105,11:35:19,507.3,200,113750
20240105,11:35:45,505.2,50,114050
20240105,11:36:36,509.35,50,114050
20240105,11:38:17,508.5,500,114050
20240105,11:38:33,507.65,50,114050
20240105,11:39:27,507.6,50,113550
20240105,11:40:05,514.65,150,113550
20240105,11:40:11,512.5,50,113550
20240105,11:40:34,514.2,50,113550
20240105,11:40:37,514.95,50,113550
20240105,11:41:00,515.15,150,113550
20240105,11:41:01,515.3,50,113550
20240105,11:41:16,516.0,50,113550
20240105,11:41:32,515.6,50,113550
20240105,11:41:48,520.0,50,113800
20240105,11:42:00,518.25,50,113800
20240105,11:42:48,521.4,50,113800
20240105,11:42:50,522.6,250,113800
20240105,11:43:50,518.8,50,113800
20240105,11:44:30,515.1,50,113800
20240105,11:46:04,516.9,50,113700
20240105,11:47:45,519.8,50,113700
20240105,11:47:54,526.8,200,113700
20240105,11:47:55,528.0,600,113700
20240105,11:48:02,532.2,50,113700
20240105,11:50:03,532.2,50,113700
20240105,11:50:14,521.25,50,113700
20240105,11:50:15,520.4,100,113700
20240105,11:50:24,520.35,50,113700
20240105,11:50:59,512.85,150,113700
20240105,11:51:00,512.8,50,113450
20240105,11:51:03,513.05,50,113450
20240105,11:51:38,511.0,50,113450
20240105,11:52:33,512.0,50,113450
20240105,11:53:25,512.4,200,113450
20240105,11:54:37,507.8,150,113500
20240105,11:56:22,505.0,50,113500
20240105,11:59:49,506.25,50,113450
20240105,12:00:20,507.1,100,113450
20240105,12:01:27,507.15,50,113450
20240105,12:01:32,504.75,1850,113450
20240105,12:01:45,505.15,50,113450
20240105,12:01:47,504.6,50,113450
20240105,12:02:21,506.8,50,113450
20240105,12:03:49,509.2,50,115150
20240105,12:04:42,499.0,50,115150
20240105,12:05:04,494.0,1350,115150
20240105,12:05:06,496.75,150,115150
20240105,12:05:18,494.55,50,115150
20240105,12:05:30,493.85,50,115150
20240105,12:05:50,497.15,100,113950
20240105,12:05:56,497.65,50,113950
20240105,12:06:06,499.15,300,113950
20240105,12:06:56,497.8,50,113950
20240105,12:07:14,499.95,50,113950
20240105,12:07:15,500.35,50,113950
20240105,12:07:31,497.9,50,113950
20240105,12:07:39,496.7,50,113950
20240105,12:07:52,497.05,50,113950
20240105,12:08:02,497.15,750,113950
20240105,12:08:33,492.9,750,113950
20240105,12:08:41,493.4,50,114450
20240105,12:08:49,493.2,50,114450
20240105,12:09:09,494.55,50,114450
20240105,12:09:15,494.1,50,114450
20240105,12:09:26,496.05,150,114450
20240105,12:09:45,492.15,150,114450
20240105,12:09:59,486.6,50,114450
20240105,12:10:03,483.0,100,114450
20240105,12:10:05,484.95,50,114450
20240105,12:10:17,486.15,250,114450
20240105,12:10:37,488.65,350,114450
20240105,12:10:48,486.25,50,114450
20240105,12:11:06,480.2,150,114450
20240105,12:11:07,480.4,100,114450
20240105,12:11:49,491.1,750,114750
20240105,12:11:50,492.05,50,114750
20240105,12:12:01,489.7,1800,114750
20240105,12:12:02,490.1,700,114750
20240105,12:12:11,491.0,50,114750
20240105,12:12:16,488.8,2500,114750
20240105,12:12:44,486.05,100,114750
20240105,12:13:04,488.75,50,114750
20240105,12:13:18,488.7,50,114750
20240105,12:14:45,490.95,150,115200
20240105,12:14:53,490.8,750,115200
20240105,12:15:17,489.1,500,115200
20240105,12:15:56,490.2,50,115200
20240105,12:15:58,490.8,150,115200
20240105,12:16:11,488.2,50,115200
20240105,12:16:30,486.8,50,115200
20240105,12:17:06,482.6,200,115200
20240105,12:17:25,484.15,50,115200
20240105,12:17:32,482.4,50,115200
20240105,12:17:35,480.0,150,115200
20240105,12:17:41,478.8,150,115450
20240105,12:17:51,479.9,50,115450
20240105,12:18:10,478.2,50,115450
20240105,12:18:43,481.4,50,115450
20240105,12:19:02,478.45,150,115450
20240105,12:19:17,477.3,50,115450
20240105,12:19:51,476.0,50,115450
20240105,12:20:18,476.75,50,115450
20240105,12:20:29,474.05,150,115450
20240105,12:20:33,476.45,200,115450
20240105,12:20:49,478.55,50,115450
20240105,12:20:58,479.55,50,115600
20240105,12:22:16,475.95,50,115600
20240105,12:22:21,476.85,50,115600
20240105,12:22:53,472.65,50,115600
20240105,12:22:57,471.0,150,115600
20240105,12:23:08,470.4,400,115600
20240105,12:23:33,473.45,50,115600
20240105,12:24:25,472.0,350,115350
20240105,12:25:04,474.2,100,115350
20240105,12:25:17,476.4,50,115350
20240105,12:26:41,475.85,750,115350
20240105,12:27:34,476.95,750,116100
20240105,12:27:54,479.9,300,116100
20240105,12:27:56,480.35,50,116100
20240105,12:28:10,479.55,50,116100
20240105,12:29:31,482.55,100,116100
20240105,12:29:42,481.25,50,116100
20240105,12:29:51,480.6,100,114900
20240105,12:30:00,481.25,250,114900
20240105,12:31:17,487.0,200,114900
20240105,12:31:29,487.35,150,114900
20240105,12:31:33,486.4,50,114900
20240105,12:31:34,486.1,200,114900
20240105,12:31:39,483.55,150,114900
20240105,12:31:41,481.7,50,114900
20240105,12:31:45,480.05,100,114900
20240105,12:32:27,478.0,800,114900
20240105,12:32:47,479.65,50,114900
20240105,12:34:25,485.45,50,115800
20240105,12:34:30,486.95,50,115800
20240105,12:34:32,488.3,50,115800
20240105,12:34:36,490.0,50,115800
20240105,12:34:43,487.75,50,115800
20240105,12:34:52,488.55,50,115800
20240105,12:35:02,491.1,50,115800
20240105,12:35:13,488.85,50,115800
20240105,12:35:21,491.1,50,115800
20240105,12:35:26,491.15,300,115800
20240105,12:36:03,490.5,50,115250
20240105,12:36:24,488.3,100,115250
20240105,12:38:12,482.5,100,115250
20240105,12:38:19,482.95,100,115250
20240105,12:41:50,491.15,100,114900
20240105,12:42:37,492.2,50,114900
20240105,12:43:01,493.9,50,114900
20240105,12:43:58,497.5,200,114900
20240105,12:44:00,497.5,50,114900
20240105,12:44:12,497.65,50,114900
20240105,12:44:16,497.2,50,114900
20240105,12:44:38,493.9,50,114900
20240105,12:48:01,494.1,50,115000
20240105,12:48:21,492.5,50,115000
20240105,12:49:51,484.9,50,115000
20240105,12:50:14,484.9,50,115000
20240105,12:51:00,489.05,250,115000
20240105,12:51:50,494.7,700,115000
20240105,12:52:26,493.35,50,115000
20240105,12:53:39,495.1,700,115000
20240105,12:53:50,495.6,50,114600
20240105,12:54:48,497.7,50,114600
20240105,12:56:59,497.0,50,114600
20240105,12:57:00,497.1,150,114650
20240105,12:58:37,497.8,50,114650
20240105,13:00:00,504.4,50,114650
20240105,13:00:03,502.15,50,114650
20240105,13:00:08,499.65,50,114650
20240105,13:00:23,503.75,500,114650
20240105,13:00:37,499.1,50,114650
20240105,13:01:41,497.7,50,114650
20240105,13:02:05,493.85,50,114650
20240105,13:02:09,492.8,200,114650
20240105,13:02:10,492.75,50,114650
20240105,13:02:13,494.15,50,114650
20240105,13:02:27,490.8,50,114650
20240105,13:03:48,491.15,50,115350
20240105,13:07:03,491.85,50,115350
20240105,13:07:51,495.05,50,115350
20240105,13:08:34,490.05,100,115350
20240105,13:08:45,490.05,900,115350
20240105,13:08:53,490.7,50,116300
20240105,13:09:44,487.9,50,116300
20240105,13:09:56,487.9,50,116300
20240105,13:10:54,488.6,400,116300
20240105,13:13:20,488.7,100,116450
20240105,13:13:44,485.6,50,116450
20240105,13:14:01,485.5,250,116450
20240105,13:15:33,490.25,500,116250
20240105,13:18:55,490.0,50,116600
20240105,13:18:56,490.0,450,116600
20240105,13:19:02,489.15,50,116600
20240105,13:22:10,485.6,500,116250
20240105,13:22:44,485.75,50,116250
20240105,13:24:11,484.75,50,115850
20240105,13:25:28,490.65,200,115850
20240105,13:26:49,493.0,50,115850
20240105,13:27:57,490.0,50,115850
20240105,13:30:00,496.3,650,115800
20240105,13:30:21,494.7,200,115800
20240105,13:31:10,495.7,50,115800
20240105,13:31:33,497.8,150,115800
20240105,13:31:35,496.3,50,115800
20240105,13:31:56,497.8,150,115800
20240105,13:32:29,499.5,50,115800
20240105,13:33:19,500.85,50,116200
20240105,13:33:32,502.7,50,116200
20240105,13:34:05,506.3,50,116200
20240105,13:34:13,505.9,100,116200
20240105,13:37:20,505.85,150,116350
20240105,13:38:01,507.25,500,116350
20240105,13:38:15,508.35,200,116350
20240105,13:38:38,504.95,500,116350
20240105,13:40:26,511.7,500,116400
20240105,13:40:49,516.75,50,116400
20240105,13:40:52,516.4,50,116400
20240105,13:42:33,520.45,1800,115800
20240105,13:42:36,518.9,100,115800
20240105,13:42:40,520.15,50,115800
20240105,13:43:39,511.7,100,115800
20240105,13:43:57,511.35,50,115800
20240105,13:44:00,511.15,150,115800
20240105,13:44:01,511.45,1800,115800
20240105,13:45:41,510.0,50,115150
20240105,13:45:43,510.35,50,115150
20240105,13:48:39,502.55,50,115250
20240105,13:48:52,501.15,50,115250
20240105,13:49:08,505.0,100,115250
20240105,13:49:49,506.6,150,115250
20240105,13:49:57,506.6,50,115250
20240105,13:51:46,506.6,50,115500
20240105,13:52:04,508.35,200,115500
20240105,13:52:18,505.2,50,115500
20240105,13:52:30,505.45,50,115500
20240105,13:53:13,505.9,50,115500
20240105,13:53:22,507.7,250,115500
20240105,13:53:23,508.7,500,115500
20240105,13:53:32,506.85,50,115500
20240105,13:56:29,520.0,450,116050
20240105,13:56:34,520.0,50,116050
20240105,13:56:38,518.8,50,116050
20240105,13:57:44,504.0,50,115700
20240105,13:57:47,502.7,50,115700
20240105,13:58:33,495.3,50,115700
20240105,13:59:27,497.15,200,115700
20240105,13:59:45,496.45,200,115700
20240105,14:00:30,500.15,50,115950
20240105,14:02:22,509.75,50,115950
20240105,14:03:00,515.1,200,115950
20240105,14:04:02,525.75,50,115950
20240105,14:04:21,526.7,300,115950
20240105,14:04:34,528.0,50,115950
20240105,14:04:43,529.15,50,115950
20240105,14:04:45,528.45,100,115950
20240105,14:05:24,530.1,100,115950
20240105,14:05:29,532.2,100,115950
20240105,14:05:57,522.1,700,116150
20240105,14:06:00,523.55,150,116150
20240105,14:06:11,523.95,500,116150
20240105,14:06:48,519.65,150,116150
20240105,14:08:00,527.05,50,116150
20240105,14:08:06,529.0,100,116150
20240105,14:08:07,530.0,50,116150
20240105,14:09:32,539.55,450,115300
20240105,14:09:34,539.55,50,115300
20240105,14:09:44,534.2,50,115300
20240105,14:09:44,533.45,50,115300
20240105,14:09:47,533.0,500,115300
20240105,14:10:01,538.85,50,115300
20240105,14:10:11,538.75,150,115300
20240105,14:10:12,538.3,50,115300
20240105,14:10:27,537.0,50,115300
20240105,14:10:30,540.0,100,115300
20240105,14:10:37,540.0,50,115300
20240105,14:10:49,531.75,1850,115300
20240105,14:10:51,535.0,50,115300
20240105,14:10:53,533.5,100,115300
20240105,14:11:41,541.2,50,115300
20240105,14:11:42,541.2,50,115300
20240105,14:12:39,540.9,50,113050
20240105,14:12:47,540.45,50,113050
20240105,14:13:09,546.85,750,113050
20240105,14:13:11,544.65,100,113050
20240105,14:13:19,544.85,50,113050
20240105,14:13:48,555.0,700,113050
20240105,14:13:55,555.0,900,113050
20240105,14:14:34,546.85,50,113050
20240105,14:15:01,548.3,1000,111950
20240105,14:15:05,551.3,150,111950
20240105,14:15:08,552.85,200,111950
20240105,14:15:09,551.3,250,111950
20240105,14:15:21,547.05,50,111950
20240105,14:15:37,542.45,100,111950
20240105,14:15:42,543.9,50,111950
20240105,14:15:55,541.15,50,111950
20240105,14:16:01,541.2,500,111950
20240105,14:16:23,547.2,50,111950
20240105,14:16:27,547.1,200,111950
20240105,14:16:32,546.3,50,111950
20240105,14:16:52,547.35,50,111950
20240105,14:16:54,549.5,100,111950
20240105,14:17:11,549.15,50,111950
20240105,14:17:13,549.9,50,111950
20240105,14:17:48,561.0,100,111950
20240105,14:18:26,561.0,50,113350
20240105,14:18:36,560.0,100,113350
20240105,14:18:55,570.0,300,113350
20240105,14:19:01,570.0,50,113350
20240105,14:19:02,570.7,50,113350
20240105,14:19:05,570.7,50,113350
20240105,14:19:12,567.55,50,113350
20240105,14:19:59,563.75,50,113350
20240105,14:20:12,571.5,50,113350
20240105,14:20:28,573.4,50,113350
20240105,14:20:59,573.8,300,113350
20240105,14:21:36,580.0,400,112300
20240105,14:21:37,581.0,50,112300
20240105,14:21:55,581.0,550,112300
20240105,14:22:28,570.0,50,112300
20240105,14:22:53,573.95,100,112300
20240105,14:23:22,568.55,50,112300
20240105,14:23:44,564.65,100,112300
20240105,14:24:20,563.75,100,112300
20240105,14:24:48,561.35,50,111350
20240105,14:24:55,563.75,50,111350
20240105,14:27:18,571.85,50,111300
20240105,14:27:55,568.0,500,111300
20240105,14:28:37,566.25,200,111300
20240105,14:28:43,563.75,50,111300
20240105,14:29:17,566.0,50,111300
20240105,14:29:25,564.1,50,111300
20240105,14:29:53,563.25,150,111300
20240105,14:30:16,568.45,50,110600
20240105,14:30:20,569.65,100,110600
20240105,14:30:49,561.8,50,110600
20240105,14:31:39,557.35,50,110600
20240105,14:32:00,555.2,100,110600
20240105,14:32:01,554.0,150,110600
20240105,14:32:03,557.0,50,110600
20240105,14:32:43,556.6,50,110600
20240105,14:32:47,558.15,50,110600
20240105,14:32:54,562.85,150,110600
20240105,14:33:31,554.35,50,110250
20240105,14:34:02,547.4,1800,110250
20240105,14:34:24,549.2,200,110250
20240105,14:34:35,551.9,500,110250
20240105,14:34:39,551.1,50,110250
20240105,14:35:03,553.35,1600,110250
20240105,14:35:20,550.2,50,110250
20240105,14:35:30,550.8,500,110250
20240105,14:35:43,556.55,100,110250
20240105,14:35:50,555.0,250,110250
20240105,14:37:02,559.0,1000,109050
20240105,14:37:15,564.25,300,109050
20240105,14:37:27,561.7,50,109050
20240105,14:37:43,558.95,50,109050
20240105,14:38:07,558.35,50,109050
20240105,14:38:21,558.3,50,109050
20240105,14:39:08,553.0,50,108750
20240105,14:39:13,551.0,800,108750
20240105,14:39:24,548.4,50,108750
20240105,14:39:26,547.25,500,108750
20240105,14:40:19,543.85,250,108750
20240105,14:40:37,544.0,150,108750
20240105,14:40:39,541.0,800,108750
20240105,14:40:44,543.75,50,108750
20240105,14:40:51,546.9,50,108750
20240105,14:41:10,551.15,50,108750
20240105,14:41:14,551.65,50,108750
