date,time,tick_price,volume,open_interest
20240116,09:15:09,2.65,50,6600
20240116,09:15:11,2.8,50,6600
20240116,09:15:44,2.8,400,6600
20240116,09:15:44,1.95,400,6600
20240116,09:15:50,1.85,2000,6600
20240116,09:15:52,0.7,50,6600
20240116,09:15:55,0.7,50,6600
20240116,09:15:57,0.7,50,6600
20240116,09:15:58,0.7,200,6600
20240116,09:15:59,0.7,50,6600
20240116,09:16:00,0.7,150,6600
20240116,09:16:01,0.7,50,6600
20240116,09:16:04,0.7,50,6600
20240116,09:16:05,0.7,50,6600
20240116,09:16:23,0.7,50,6600
20240116,09:16:29,0.7,600,6600
20240116,09:16:30,0.7,450,6600
20240116,09:16:32,0.7,1700,6600
20240116,09:17:16,0.9,50,6600
20240116,09:17:20,0.65,2000,6600
20240116,09:17:27,0.65,3150,6600
20240116,09:17:37,0.95,50,6600
20240116,09:18:00,0.9,50,6600
20240116,09:18:12,0.9,50,6600
20240116,09:19:14,0.65,2150,6600
20240116,09:19:15,0.65,1800,6600
20240116,09:19:16,0.65,100,6600
20240116,09:19:18,0.65,100,6600
20240116,09:19:21,0.65,100,6600
20240116,09:19:23,0.65,100,6600
20240116,09:19:24,0.65,100,6600
20240116,09:19:29,0.6,100,6600
20240116,09:19:29,0.6,300,6600
20240116,09:19:34,0.6,100,6600
20240116,09:19:38,0.65,100,6600
20240116,09:19:40,0.65,100,6600
20240116,09:19:45,0.7,50,6600
20240116,09:19:46,0.65,100,6600
20240116,09:19:47,0.65,50,6600
20240116,09:19:49,0.7,50,6600
20240116,09:19:56,0.7,750,6600
20240116,09:19:58,0.65,1000,6600
20240116,09:20:04,0.7,250,6600
20240116,09:20:09,0.65,250,6600
20240116,09:20:12,0.7,200,6600
20240116,09:20:18,0.65,200,6600
20240116,09:20:30,0.7,200,10650
20240116,09:20:35,0.7,100,10650
20240116,09:20:36,0.7,100,10650
20240116,09:20:54,0.65,200,10650
20240116,09:21:39,0.7,50,10650
20240116,09:21:49,0.7,100,10650
20240116,09:21:50,0.7,100,10650
20240116,09:21:52,0.7,100,10650
20240116,09:22:09,0.7,50,10650
20240116,09:22:29,0.65,250,10650
20240116,09:22:38,0.7,100,10650
20240116,09:22:39,0.7,50,10650
20240116,09:22:47,0.7,50,10650
20240116,09:22:48,0.7,100,10650
20240116,09:22:51,0.7,100,10650
20240116,09:22:52,0.7,100,10650
20240116,09:22:53,0.7,50,10650
20240116,09:22:54,0.7,100,10650
20240116,09:22:55,0.7,100,10650
20240116,09:22:56,0.7,50,10650
20240116,09:22:57,0.7,50,10650
20240116,09:23:01,0.65,250,10650
20240116,09:23:02,0.7,100,10650
20240116,09:23:05,0.7,100,10650
20240116,09:23:07,0.7,100,10650
20240116,09:23:10,0.7,100,10650
20240116,09:23:11,0.7,50,10650
20240116,09:23:11,0.7,850,10650
20240116,09:23:12,0.7,100,10650
20240116,09:23:13,0.7,1600,10650
20240116,09:23:14,0.75,750,10650
20240116,09:23:25,0.7,400,10650
20240116,09:23:27,0.7,50,10650
20240116,09:23:28,0.7,50,10650
20240116,09:24:03,0.65,250,12100
20240116,09:24:14,0.7,200,12100
20240116,09:24:45,0.7,250,12100
20240116,09:24:54,0.65,300,12100
20240116,09:25:03,0.65,250,12100
20240116,09:25:20,0.65,250,12100
20240116,09:27:03,0.7,1750,12700
20240116,09:27:13,0.7,50,12700
20240116,09:27:21,0.7,250,12700
20240116,09:29:07,0.7,150,12700
20240116,09:30:07,0.7,50,12700
20240116,09:31:23,0.9,5750,14600
20240116,09:31:39,0.7,50,14600
20240116,09:31:41,0.7,900,14600
20240116,09:31:45,0.7,50,14600
20240116,09:32:00,0.65,300,14600
20240116,09:32:02,0.7,50,14600
20240116,09:32:18,0.65,1900,14600
20240116,09:32:19,0.7,750,14600
20240116,09:32:20,0.65,1200,14600
20240116,09:32:36,0.65,700,21350
20240116,09:32:39,0.65,250,21350
20240116,09:32:43,0.65,350,21350
20240116,09:32:44,0.65,250,21350
20240116,09:32:45,0.65,250,21350
20240116,09:32:46,0.65,1050,21350
20240116,09:33:08,0.7,50,21350
20240116,09:33:45,0.7,50,21350
20240116,09:34:17,0.7,50,21350
20240116,09:34:22,0.7,50,21350
20240116,09:34:31,0.7,50,21350
20240116,09:35:25,0.7,50,21350
20240116,09:35:30,0.7,50,21350
20240116,09:37:09,0.7,150,23750
20240116,09:39:20,0.65,600,23750
20240116,09:41:08,0.7,1000,23900
20240116,09:41:45,0.6,100,23900
20240116,09:43:21,0.7,100,23950
20240116,09:48:28,0.7,100,23950
20240116,09:48:50,0.6,200,23950
20240116,09:49:50,0.65,50,23950
20240116,09:51:42,0.65,300,23950
20240116,09:54:25,0.65,800,23650
20240116,09:56:50,0.6,500,23650
20240116,09:59:20,0.6,3500,23650
20240116,10:02:15,0.6,50,23650
20240116,10:02:16,0.6,50,27550
20240116,10:06:49,0.55,50,27550
20240116,10:07:19,0.55,50,27550
20240116,10:12:09,0.55,50,27550
20240116,10:12:56,0.55,50,27550
20240116,10:15:40,0.6,100,27550
20240116,10:15:42,0.6,100,27550
20240116,10:15:57,0.6,100,27550
20240116,10:17:32,0.65,50,27550
20240116,10:17:40,0.6,50,27550
20240116,10:28:32,0.65,2350,27550
20240116,10:31:47,0.65,900,27550
20240116,10:31:52,0.65,1550,27550
20240116,10:32:24,0.65,2200,27550
20240116,10:35:19,0.6,50,25600
20240116,10:36:56,0.7,150,25600
20240116,10:36:56,0.7,2200,25550
20240116,10:38:25,0.6,50,25550
20240116,10:42:00,0.6,1200,25550
20240116,10:48:52,0.65,50,27300
20240116,10:50:28,0.6,50,27350
20240116,10:53:28,0.6,50,27350
20240116,10:57:36,0.65,1350,27400
20240116,10:57:36,0.65,950,27350
20240116,10:57:53,0.7,50,27350
20240116,10:59:52,0.75,1800,29150
20240116,11:00:05,0.65,1100,29150
20240116,11:06:51,0.7,50,30550
20240116,11:06:59,0.6,50,30550
20240116,11:07:13,0.7,50,30550
20240116,11:07:21,0.6,50,30550
20240116,11:07:34,0.7,50,30550
20240116,11:07:41,0.6,50,30550
20240116,11:07:54,0.7,50,30550
20240116,11:08:01,0.6,50,30550
20240116,11:08:15,0.7,50,30550
20240116,11:08:22,0.6,50,30550
20240116,11:08:36,0.6,1800,30550
20240116,11:12:43,0.65,50,28800
20240116,11:13:43,0.65,50,28800
20240116,11:13:51,0.6,50,28800
20240116,11:14:01,0.65,50,28800
20240116,11:14:08,0.6,50,28800
20240116,11:14:16,0.65,50,28800
20240116,11:14:21,0.6,50,28800
20240116,11:14:27,0.65,50,28800
20240116,11:14:34,0.6,50,28800
20240116,11:14:40,0.65,50,28800
20240116,11:14:47,0.6,50,28800
20240116,11:16:39,0.65,50,29000
20240116,11:16:46,0.6,50,29000
20240116,11:16:52,0.65,50,29000
20240116,11:16:57,0.6,50,29000
20240116,11:17:02,0.65,50,29000
20240116,11:17:07,0.6,50,29000
20240116,11:17:12,0.65,50,29000
20240116,11:17:17,0.6,50,29000
20240116,11:17:22,0.65,50,29000
20240116,11:17:28,0.6,50,29000
20240116,11:20:14,0.65,50,29000
20240116,11:20:59,0.65,50,29150
20240116,11:21:45,0.65,50,29150
20240116,11:26:04,0.6,350,29150
20240116,11:26:24,0.65,2050,29150
20240116,11:26:25,0.65,1000,29150
20240116,11:27:51,0.75,1800,28600
20240116,11:30:47,0.65,50,30250
20240116,11:31:38,0.7,1800,30250
20240116,11:31:44,0.7,50,30250
20240116,11:31:51,0.6,50,30250
20240116,11:32:05,0.7,50,30250
20240116,11:32:17,0.6,50,30250
20240116,11:32:37,0.7,50,30250
20240116,11:32:45,0.6,50,30250
20240116,11:33:02,0.7,50,30100
20240116,11:33:09,0.65,50,30100
20240116,11:33:25,0.7,50,30100
20240116,11:33:32,0.65,50,30100
20240116,11:41:10,0.7,50,30100
20240116,11:41:25,0.65,50,30100
20240116,11:41:38,0.7,50,30100
20240116,11:41:47,0.65,50,30100
20240116,11:41:54,0.7,50,30100
20240116,11:42:01,0.65,50,30100
20240116,11:42:07,0.7,50,30100
20240116,11:42:15,0.65,50,30100
20240116,11:42:22,0.7,50,30100
20240116,11:42:28,0.65,50,30100
20240116,11:56:56,0.7,50,30100
20240116,11:57:05,0.65,50,30100
20240116,11:57:21,0.7,50,30100
20240116,11:57:30,0.65,50,30100
20240116,11:57:42,0.7,50,30100
20240116,11:57:49,0.65,50,30100
20240116,11:57:56,0.7,50,30100
20240116,11:58:04,0.7,50,30100
20240116,11:58:11,0.65,50,30100
20240116,11:58:44,0.7,50,30100
20240116,11:58:52,0.65,50,30100
20240116,11:59:59,0.65,4050,30050
20240116,12:00:00,0.65,3600,30050
20240116,12:00:01,0.65,3750,30050
20240116,12:00:15,0.7,200,30050
20240116,12:02:01,0.65,50,30050
20240116,12:08:04,0.7,250,30050
20240116,12:08:24,0.7,50,39300
20240116,12:08:54,0.7,50,39250
20240116,12:09:12,0.7,50,39250
20240116,12:09:23,0.7,50,39250
20240116,12:10:27,0.7,50,39250
20240116,12:10:41,0.7,50,39250
20240116,12:10:42,0.7,50,39250
20240116,12:12:57,0.65,50,39250
20240116,12:13:10,0.7,150,39250
20240116,12:13:44,0.7,150,39250
20240116,12:18:37,0.7,50,39500
20240116,12:19:03,0.7,4500,39500
20240116,12:19:10,0.7,500,39500
20240116,12:22:13,0.65,400,39500
20240116,12:28:10,0.65,200,34700
20240116,12:31:20,0.7,50,34700
20240116,12:31:57,0.7,100,34700
20240116,12:33:18,0.65,100,34700
20240116,12:43:19,0.7,100,34600
20240116,12:49:05,0.7,1800,34600
20240116,12:49:07,0.7,50,34600
20240116,12:49:14,0.7,50,34600
20240116,12:49:22,0.7,50,34600
20240116,12:49:25,0.7,50,34600
20240116,12:51:56,0.7,50,33200
20240116,12:58:15,0.7,2400,33150
20240116,12:58:21,0.7,250,33150
20240116,13:04:37,0.7,200,33150
20240116,13:06:42,0.75,550,32950
20240116,13:13:04,0.75,150,33500
20240116,13:13:05,0.75,450,33500
20240116,13:13:08,0.75,150,33500
20240116,13:13:17,0.75,150,33500
20240116,13:16:57,0.75,6300,33450
20240116,13:18:30,0.75,50,33450
20240116,13:18:33,0.75,50,30300
20240116,13:19:43,0.75,50,30300
20240116,13:19:54,0.8,900,30300
20240116,13:19:57,0.8,350,30300
20240116,13:19:58,0.8,900,30300
20240116,13:20:07,0.8,250,30300
20240116,13:21:11,0.75,50,30300
20240116,13:24:34,0.8,250,30350
20240116,13:24:53,0.8,250,30350
20240116,13:25:05,0.8,400,30350
20240116,13:25:06,0.8,150,30350
20240116,13:25:20,0.8,250,30350
20240116,13:25:46,0.8,50,30350
20240116,13:33:01,0.8,750,30050
20240116,13:33:06,0.8,100,30300
20240116,13:33:41,0.85,350,30300
20240116,13:33:51,0.85,100,30300
20240116,13:34:43,0.9,50,30300
20240116,13:35:00,0.9,300,30300
20240116,13:35:03,0.9,250,30300
20240116,13:35:09,0.9,250,30300
20240116,13:35:14,0.9,400,30300
20240116,13:35:19,0.9,350,30300
20240116,13:35:20,0.9,350,30300
20240116,13:35:28,0.9,100,30300
20240116,13:36:21,0.9,250,30150
20240116,13:36:23,0.9,250,30150
20240116,13:36:28,0.9,300,30150
20240116,13:36:37,0.9,300,30150
20240116,13:39:24,0.9,1800,30150
20240116,13:40:22,0.9,1800,30150
20240116,13:42:05,0.85,900,33750
20240116,13:42:36,0.65,15450,33750
20240116,13:42:54,0.75,150,33750
20240116,13:44:49,0.95,11200,33750
20240116,13:44:52,0.8,1200,33750
20240116,13:45:03,0.8,550,33750
20240116,13:45:32,0.95,650,30000
20240116,13:45:43,0.8,450,30000
20240116,13:45:46,0.75,250,30000
20240116,13:51:35,0.75,600,30400
20240116,13:52:11,0.75,500,30400
20240116,13:54:52,0.75,250,30950
20240116,13:55:05,0.75,50,30950
20240116,13:55:27,0.7,50,30950
20240116,13:55:28,0.7,50,30950
20240116,13:55:29,0.7,50,30950
20240116,13:55:30,0.7,50,30950
20240116,13:55:31,0.7,50,30950
20240116,13:55:36,0.7,50,30950
20240116,13:55:37,0.7,50,30950
20240116,13:55:40,0.7,50,30950
20240116,13:55:43,0.7,50,30950
20240116,13:55:54,0.7,50,30950
20240116,13:55:57,0.7,50,30950
20240116,13:56:19,0.7,100,30950
20240116,13:56:23,0.7,50,30950
20240116,13:56:30,0.7,50,30950
20240116,13:56:38,0.7,100,30950
20240116,13:56:40,0.7,100,30950
20240116,13:56:42,0.7,50,30950
20240116,13:56:48,0.7,50,30950
20240116,13:56:49,0.7,50,30950
20240116,13:56:51,0.7,100,30950
20240116,13:56:52,0.7,150,30950
20240116,13:56:53,0.7,100,30950
20240116,13:56:54,0.7,350,30950
20240116,13:56:55,0.7,50,30950
20240116,13:56:57,0.7,50,30950
20240116,13:57:00,0.7,200,30950
20240116,13:57:00,0.7,50,30950
20240116,13:57:04,0.7,100,30950
20240116,13:57:05,0.7,100,30950
20240116,13:57:19,0.7,50,30950
20240116,13:57:21,0.7,50,31350
20240116,13:57:23,0.7,50,31350
20240116,13:57:33,0.7,50,31350
20240116,13:57:37,0.7,100,31350
20240116,13:57:38,0.7,2150,31350
20240116,13:57:39,0.7,1850,31350
20240116,13:58:06,0.65,400,31350
20240116,14:00:04,0.65,50,31350
20240116,14:00:05,0.65,50,31350
20240116,14:00:07,0.65,100,31350
20240116,14:00:09,0.65,50,33200
20240116,14:00:10,0.65,50,33200
20240116,14:00:14,0.65,50,33200
20240116,14:00:18,0.65,100,33200
20240116,14:00:24,0.65,100,33200
20240116,14:00:27,0.65,50,33200
20240116,14:00:28,0.65,50,33200
20240116,14:00:30,0.65,100,33200
20240116,14:00:32,0.65,50,33200
20240116,14:00:36,0.65,50,33200
20240116,14:00:38,0.65,50,33200
20240116,14:00:42,0.65,100,33200
20240116,14:00:42,0.65,50,33200
20240116,14:00:47,0.65,100,33200
20240116,14:00:48,0.65,150,33200
20240116,14:00:49,0.65,200,33200
20240116,14:00:50,0.65,50,33200
20240116,14:01:22,0.7,400,33200
20240116,14:01:35,0.65,250,33200
20240116,14:01:36,0.65,100,33200
20240116,14:01:53,0.7,150,33200
20240116,14:02:07,0.7,250,33200
20240116,14:02:24,0.7,250,33200
20240116,14:02:28,0.7,250,33200
20240116,14:02:54,0.7,250,33200
20240116,14:02:56,0.7,250,33200
20240116,14:04:25,0.65,50,33450
20240116,14:05:20,0.7,1800,33450
20240116,14:07:36,0.6,50,33450
20240116,14:08:48,0.75,800,34900
20240116,14:09:30,0.7,250,35650
20240116,14:10:38,0.65,50,35650
20240116,14:10:43,0.65,100,35650
20240116,14:10:43,0.65,600,35650
20240116,14:10:45,0.65,100,35650
20240116,14:10:56,0.65,50,35650
20240116,14:10:57,0.65,50,35650
20240116,14:10:58,0.65,100,35650
20240116,14:11:00,0.65,50,35650
20240116,14:11:01,0.65,50,35650
20240116,14:11:02,0.65,50,35650
20240116,14:11:04,0.65,50,35650
20240116,14:11:07,0.65,50,35650
20240116,14:11:14,0.65,50,35650
20240116,14:11:17,0.65,100,35650
20240116,14:11:21,0.65,50,35650
20240116,14:11:22,0.65,50,35650
20240116,14:11:23,0.65,300,35650
20240116,14:11:24,0.65,100,35650
20240116,14:11:32,0.65,50,35650
20240116,14:11:33,0.65,200,35650
20240116,14:11:34,0.65,50,35650
20240116,14:11:35,0.65,800,35650
20240116,14:11:36,0.65,200,35650
20240116,14:11:37,0.65,50,35650
20240116,14:11:39,0.65,50,35650
20240116,14:11:41,0.65,50,35650
20240116,14:11:42,0.6,100,35650
20240116,14:11:48,0.6,150,35650
20240116,14:11:50,0.6,50,35650
20240116,14:11:52,0.6,50,35650
20240116,14:11:53,0.6,50,35650
20240116,14:11:54,0.6,50,35650
20240116,14:11:55,0.6,50,35650
20240116,14:11:56,0.6,100,35650
20240116,14:11:57,0.6,50,35650
20240116,14:11:58,0.6,50,35650
20240116,14:11:59,0.6,50,35650
20240116,14:12:13,0.6,50,35650
20240116,14:12:14,0.6,50,38900
20240116,14:12:15,0.6,50,38900
20240116,14:12:16,0.55,450,38900
20240116,14:12:17,0.55,200,38900
20240116,14:12:18,0.6,150,38900
20240116,14:12:19,0.6,100,38900
20240116,14:12:20,0.6,100,38900
20240116,14:12:21,0.6,300,38900
20240116,14:12:22,0.6,50,38900
20240116,14:12:23,0.6,50,38900
20240116,14:12:25,0.6,200,38900
20240116,14:12:25,0.6,100,38900
20240116,14:12:26,0.6,50,38900
20240116,14:12:28,0.6,50,38900
20240116,14:12:29,0.6,50,38900
20240116,14:12:30,0.6,100,38900
20240116,14:12:31,0.6,250,38900
20240116,14:12:32,0.6,550,38900
20240116,14:12:34,0.6,50,38900
20240116,14:12:34,0.6,150,38900
20240116,14:12:35,0.6,150,38900
20240116,14:12:37,0.6,100,38900
20240116,14:12:38,0.6,600,38900
20240116,14:12:39,0.6,100,38900
20240116,14:12:40,0.6,50,38900
20240116,14:12:42,0.6,50,38900
20240116,14:12:44,0.6,200,38900
20240116,14:12:45,0.6,50,38900
20240116,14:12:46,0.6,50,38900
20240116,14:12:47,0.6,100,38900
20240116,14:12:48,0.6,100,38900
20240116,14:12:49,0.6,50,38900
20240116,14:12:51,0.6,100,38900
20240116,14:12:51,0.6,50,38900
20240116,14:12:52,0.6,100,38900
20240116,14:12:54,0.6,50,38900
20240116,14:12:57,0.6,50,38900
20240116,14:12:59,0.6,50,38900
20240116,14:13:07,0.6,50,38900
20240116,14:13:09,0.6,250,38900
20240116,14:13:10,0.6,100,38900
20240116,14:13:11,0.6,50,38900
20240116,14:13:15,0.6,450,38900
20240116,14:13:15,0.6,100,38900
20240116,14:13:21,0.6,150,38900
20240116,14:13:22,0.6,50,38900
20240116,14:13:23,0.6,1950,38900
20240116,14:13:24,0.6,250,38900
20240116,14:13:26,0.6,100,38900
20240116,14:13:27,0.6,50,38900
20240116,14:13:28,0.6,100,38900
20240116,14:13:29,0.6,150,38900
20240116,14:13:30,0.6,100,38900
20240116,14:13:33,0.6,50,38900
20240116,14:13:34,0.6,150,38900
20240116,14:13:35,0.6,50,38900
20240116,14:13:36,0.6,450,38900
20240116,14:13:37,0.6,200,38900
20240116,14:13:38,0.6,50,38900
20240116,14:13:39,0.6,300,38900
20240116,14:13:40,0.6,50,38900
20240116,14:13:41,0.6,50,38900
20240116,14:13:42,0.6,50,38900
20240116,14:13:43,0.6,50,38900
20240116,14:13:44,0.6,50,38900
20240116,14:13:46,0.6,100,38900
20240116,14:13:48,0.6,50,38900
20240116,14:13:49,0.6,50,38900
20240116,14:13:50,0.6,50,38900
20240116,14:13:52,0.6,50,38900
20240116,14:13:52,0.6,150,38900
20240116,14:13:53,0.6,200,38900
20240116,14:13:55,0.6,50,38900
20240116,14:13:56,0.6,100,38900
20240116,14:13:57,0.6,50,38900
20240116,14:13:58,0.6,150,38900
20240116,14:13:59,0.6,50,38900
20240116,14:14:00,0.6,100,38900
20240116,14:14:01,0.6,50,38900
20240116,14:14:02,0.6,50,38900
20240116,14:14:03,0.6,50,38900
20240116,14:14:04,0.6,450,38900
20240116,14:14:05,0.6,100,38900
20240116,14:14:06,0.55,350,38900
20240116,14:14:07,0.55,200,38900
20240116,14:14:09,0.55,150,38900
20240116,14:14:09,0.55,100,38900
20240116,14:14:10,0.55,300,38900
20240116,14:14:11,0.55,50,38900
20240116,14:14:12,0.6,100,38900
20240116,14:14:13,0.55,250,38900
20240116,14:14:14,0.55,100,38900
20240116,14:14:16,0.55,100,38900
20240116,14:14:16,0.55,50,38900
20240116,14:14:17,0.55,50,38900
20240116,14:14:18,0.55,150,38900
20240116,14:14:19,0.55,100,38900
20240116,14:14:20,0.55,150,38900
20240116,14:14:21,0.55,50,38900
20240116,14:14:22,0.55,50,38900
20240116,14:14:23,0.55,250,38900
20240116,14:14:24,0.55,100,38900
20240116,14:14:25,0.55,1550,38900
20240116,14:14:26,0.55,50,38900
20240116,14:14:27,0.55,150,38900
20240116,14:14:28,0.55,350,38900
20240116,14:14:29,0.55,150,38900
20240116,14:14:30,0.55,200,38900
20240116,14:14:31,0.55,900,38900
20240116,14:14:32,0.55,200,38900
20240116,14:14:33,0.55,200,38900
20240116,14:14:34,0.55,200,38900
20240116,14:14:35,0.55,600,38900
20240116,14:14:36,0.55,850,38900
20240116,14:14:37,0.55,200,38900
20240116,14:14:38,0.55,500,38900
20240116,14:14:39,0.55,950,38900
20240116,14:14:40,0.55,50,38900
20240116,14:14:41,0.55,200,38900
20240116,14:14:42,0.55,400,38900
20240116,14:14:43,0.55,150,38900
20240116,14:14:44,0.55,400,38900
20240116,14:14:45,0.55,300,38900
20240116,14:14:46,0.55,50,38900
20240116,14:14:47,0.55,200,38900
20240116,14:14:48,0.55,100,38900
20240116,14:14:52,0.6,50,38900
20240116,14:15:20,0.6,50,38900
20240116,14:15:24,0.55,50,46000
20240116,14:15:30,0.6,50,46000
20240116,14:15:49,0.55,150,46000
20240116,14:15:49,0.55,250,46000
20240116,14:15:50,0.55,200,46000
20240116,14:15:51,0.55,250,46000
20240116,14:15:52,0.55,400,46000
20240116,14:15:53,0.55,1200,46000
20240116,14:15:54,0.55,100,46000
20240116,14:15:55,0.55,2350,46000
20240116,14:15:56,0.55,200,46000
20240116,14:15:57,0.55,250,46000
20240116,14:15:58,0.55,100,46000
20240116,14:16:00,0.55,150,46000
20240116,14:16:03,0.55,100,46000
20240116,14:16:05,0.55,50,46000
20240116,14:16:06,0.5,50,46000
20240116,14:16:25,0.5,50,46000
20240116,14:16:26,0.55,100,46000
20240116,14:16:27,0.55,300,46000
20240116,14:16:28,0.55,100,46000
20240116,14:16:29,0.55,50,46000
20240116,14:16:30,0.55,200,46000
20240116,14:16:31,0.55,50,46000
20240116,14:16:33,0.55,50,46000
20240116,14:16:34,0.55,150,46000
20240116,14:16:35,0.55,900,46000
20240116,14:16:39,0.55,100,46000
20240116,14:16:40,0.55,100,46000
20240116,14:16:41,0.55,50,46000
20240116,14:16:46,0.55,50,46000
20240116,14:16:48,0.55,50,46000
20240116,14:16:49,0.55,100,46000
20240116,14:16:54,0.55,50,46000
20240116,14:16:55,0.55,50,46000
20240116,14:16:59,0.55,50,46000
20240116,14:16:59,0.55,100,46000
20240116,14:17:06,0.55,100,46000
20240116,14:17:11,0.55,50,46000
20240116,14:17:15,0.55,200,46000
20240116,14:17:16,0.55,300,46000
20240116,14:17:17,0.55,50,46000
20240116,14:17:17,0.55,100,46000
20240116,14:17:23,0.55,50,46000
20240116,14:17:24,0.55,350,46000
20240116,14:17:25,0.55,100,46000
20240116,14:17:26,0.55,100,46000
20240116,14:17:27,0.55,50,46000
20240116,14:17:28,0.55,100,46000
20240116,14:17:30,0.55,100,46000
20240116,14:17:31,0.55,50,46000
20240116,14:17:32,0.55,50,46000
20240116,14:17:33,0.55,200,46000
20240116,14:17:35,0.55,50,46000
20240116,14:17:35,0.55,400,46000
20240116,14:17:36,0.55,50,46000
20240116,14:17:38,0.55,50,46000
20240116,14:17:39,0.55,50,46000
20240116,14:17:48,0.55,50,46000
20240116,14:17:54,0.55,50,46000
20240116,14:17:57,0.55,100,46000
20240116,14:18:02,0.55,100,46000
20240116,14:18:03,0.55,50,46000
20240116,14:18:03,0.55,250,46000
20240116,14:18:05,0.55,50,46000
20240116,14:18:06,0.55,50,46000
20240116,14:18:06,0.55,200,46000
20240116,14:18:07,0.55,400,46000
20240116,14:18:08,0.55,200,46000
20240116,14:18:10,0.55,200,56350
20240116,14:18:10,0.55,250,56350
20240116,14:18:12,0.55,100,56350
20240116,14:18:14,0.55,50,56350
20240116,14:18:15,0.55,300,56350
20240116,14:18:18,0.55,50,56350
20240116,14:18:20,0.55,50,56350
20240116,14:18:21,0.55,50,56350
20240116,14:18:22,0.55,50,56350
20240116,14:18:29,0.55,50,56350
20240116,14:18:30,0.55,50,56350
20240116,14:18:31,0.55,50,56350
20240116,14:18:33,0.55,50,56350
20240116,14:18:35,0.55,200,56350
20240116,14:18:37,0.55,50,56350
20240116,14:18:40,0.55,100,56350
20240116,14:18:42,0.55,50,56350
20240116,14:18:43,0.55,50,56350
20240116,14:18:45,0.55,50,56350
20240116,14:18:46,0.55,50,56350
20240116,14:18:48,0.55,50,56350
20240116,14:18:49,0.55,100,56350
20240116,14:18:52,0.55,50,56350
20240116,14:18:55,0.55,50,56350
20240116,14:18:56,0.55,100,56350
20240116,14:18:57,0.55,100,56350
20240116,14:18:58,0.55,50,56350
20240116,14:18:59,0.55,100,56350
20240116,14:19:02,0.55,50,56350
20240116,14:19:03,0.55,50,56350
20240116,14:19:04,0.55,50,56350
20240116,14:19:05,0.55,100,56350
20240116,14:19:06,0.55,50,56350
20240116,14:19:07,0.55,50,56350
20240116,14:19:08,0.55,50,56350
20240116,14:19:09,0.55,50,56350
20240116,14:19:10,0.55,50,56350
20240116,14:19:11,0.55,50,56350
20240116,14:19:12,0.55,100,56350
20240116,14:19:13,0.55,100,56350
20240116,14:19:15,0.55,200,56350
20240116,14:19:16,0.55,150,56350
20240116,14:19:17,0.55,150,56350
20240116,14:19:18,0.55,50,56350
20240116,14:19:19,0.55,50,56350
20240116,14:19:21,0.55,100,56350
20240116,14:19:23,0.55,50,56350
20240116,14:19:24,0.55,50,56350
20240116,14:19:26,0.55,50,56350
20240116,14:19:27,0.55,50,56350
20240116,14:19:28,0.55,100,56350
20240116,14:19:29,0.55,50,56350
20240116,14:19:30,0.55,50,56350
20240116,14:19:31,0.55,50,56350
20240116,14:19:32,0.55,50,56350
20240116,14:19:34,0.55,50,56350
20240116,14:19:36,0.55,100,56350
20240116,14:19:37,0.55,50,56350
20240116,14:19:38,0.55,50,56350
20240116,14:19:42,0.55,850,56350
20240116,14:19:44,0.55,50,56350
20240116,14:19:45,0.55,50,56350
20240116,14:19:46,0.55,50,56350
20240116,14:19:47,0.55,50,56350
20240116,14:19:48,0.55,50,56350
20240116,14:19:49,0.55,50,56350
20240116,14:19:50,0.55,50,56350
20240116,14:19:51,0.55,250,56350
20240116,14:19:52,0.55,100,56350
20240116,14:19:53,0.55,50,56350
20240116,14:19:54,0.55,250,56350
20240116,14:19:55,0.55,50,56350
20240116,14:19:57,0.55,50,56350
20240116,14:19:58,0.55,50,56350
20240116,14:19:59,0.55,3900,56350
20240116,14:20:00,0.55,250,56350
20240116,14:20:03,0.55,250,56350
20240116,14:20:29,0.55,50,56350
20240116,14:20:32,0.55,50,56350
20240116,14:20:34,0.55,3200,56350
20240116,14:21:06,0.55,50,56350
20240116,14:21:06,0.55,100,56350
20240116,14:21:08,0.55,50,56350
20240116,14:21:12,0.55,50,56350
20240116,14:21:15,0.55,100,61800
20240116,14:21:18,0.55,50,61800
20240116,14:21:18,0.55,100,61800
20240116,14:21:22,0.55,50,61800
20240116,14:21:24,0.55,50,61800
20240116,14:21:25,0.55,50,61800
20240116,14:21:28,0.55,50,61800
20240116,14:21:29,0.55,50,61800
20240116,14:21:31,0.55,50,61800
20240116,14:21:41,0.55,50,61800
20240116,14:21:42,0.55,50,61800
20240116,14:21:45,0.55,50,61800
20240116,14:21:47,0.55,50,61800
20240116,14:21:53,0.55,50,61800
20240116,14:21:54,0.55,50,61800
20240116,14:21:55,0.55,50,61800
20240116,14:21:58,0.55,200,61800
20240116,14:22:02,0.55,50,61800
20240116,14:22:03,0.55,50,61800
20240116,14:22:04,0.55,50,61800
20240116,14:22:05,0.55,50,61800
20240116,14:22:05,0.55,300,61800
20240116,14:22:06,0.55,50,61800
20240116,14:22:07,0.55,50,61800
20240116,14:22:08,0.55,150,61800
20240116,14:22:09,0.55,50,61800
20240116,14:22:10,0.55,50,61800
20240116,14:22:12,0.55,250,61800
20240116,14:22:13,0.55,50,61800
20240116,14:22:16,0.55,50,61800
20240116,14:22:17,0.55,50,61800
20240116,14:22:19,0.55,50,61800
20240116,14:22:20,0.55,50,61800
20240116,14:22:21,0.55,100,61800
20240116,14:22:22,0.55,150,61800
20240116,14:22:26,0.55,50,61800
20240116,14:22:31,0.55,350,61800
20240116,14:22:32,0.55,100,61800
20240116,14:22:34,0.55,50,61800
20240116,14:22:36,0.55,50,61800
20240116,14:22:37,0.55,100,61800
20240116,14:22:40,0.55,50,61800
20240116,14:22:42,0.55,100,61800
20240116,14:22:43,0.55,100,61800
20240116,14:22:44,0.55,50,61800
20240116,14:22:45,0.55,200,61800
20240116,14:22:46,0.55,50,61800
20240116,14:22:47,0.55,50,61800
20240116,14:22:48,0.55,50,61800
20240116,14:22:49,0.55,100,61800
20240116,14:22:50,0.55,50,61800
20240116,14:22:51,0.55,100,61800
20240116,14:22:52,0.55,50,61800
20240116,14:22:53,0.55,100,61800
20240116,14:22:54,0.55,50,61800
20240116,14:22:55,0.55,50,61800
20240116,14:22:56,0.55,250,61800
20240116,14:22:57,0.55,50,61800
20240116,14:23:01,0.55,50,61800
20240116,14:23:02,0.55,50,61800
20240116,14:23:03,0.55,50,61800
20240116,14:23:09,0.55,100,61800
20240116,14:23:10,0.55,450,61800
20240116,14:23:11,0.55,50,61800
20240116,14:23:14,0.55,50,61800
20240116,14:23:17,0.55,350,61800
20240116,14:23:25,0.55,50,61800
20240116,14:23:28,0.55,50,61800
20240116,14:23:31,0.55,250,61800
20240116,14:23:32,0.55,250,61800
20240116,14:23:33,0.5,3250,61800
20240116,14:23:37,0.5,50,61800
20240116,14:23:41,0.55,50,61800
20240116,14:23:49,0.55,50,61800
20240116,14:23:56,0.55,50,61800
20240116,14:24:01,0.55,50,61800
20240116,14:24:11,0.55,300,67400
20240116,14:24:32,0.55,50,67400
20240116,14:24:39,0.55,50,67400
20240116,14:25:30,0.55,250,67400
20240116,14:26:09,0.55,950,67400
20240116,14:27:00,0.55,250,67400
20240116,14:28:50,0.55,850,67400
20240116,14:28:55,0.5,350,67400
20240116,14:29:59,0.55,500,67400
20240116,14:31:02,0.55,3350,67400
20240116,14:31:08,0.6,500,67400
20240116,14:39:03,0.6,450,67400
20240116,14:39:08,0.6,150,67750
20240116,14:39:09,0.6,1800,67750
20240116,14:39:11,0.6,1800,67750
20240116,14:40:16,0.6,50,67750
20240116,14:40:17,0.6,50,68950
20240116,14:40:18,0.6,50,68950
20240116,14:40:18,0.6,400,68950
20240116,14:40:20,0.6,50,68950
20240116,14:40:21,0.6,50,68950
20240116,14:40:22,0.6,50,68950
20240116,14:42:07,0.6,450,68950
20240116,14:42:42,0.55,250,68950
20240116,14:42:49,0.55,3650,69250
20240116,14:43:42,0.55,250,69250
20240116,14:43:52,0.55,50,69250
20240116,14:46:36,0.55,450,69250
20240116,14:47:54,0.55,250,67750
20240116,14:48:09,0.55,100,67750
20240116,14:49:27,0.5,1200,67750
20240116,14:49:35,0.5,1200,67750
20240116,14:49:39,0.5,500,67750
20240116,14:50:02,0.5,3600,67750
20240116,14:50:02,0.55,1800,67750
20240116,14:50:07,0.5,1700,67750
20240116,14:50:18,0.55,50,67750
20240116,14:50:44,0.55,500,67750
20240116,14:51:45,0.55,350,67750
20240116,14:51:49,0.5,350,67750
20240116,14:53:53,0.55,50,67750
20240116,14:55:03,0.5,200,67750
20240116,14:55:04,0.5,1150,67750
20240116,14:55:05,0.5,1600,67750
20240116,14:55:06,0.5,1350,67750
20240116,14:55:09,0.5,50,67750
20240116,14:55:11,0.5,50,67750
20240116,14:55:15,0.5,50,67750
20240116,14:55:16,0.5,50,67750
20240116,14:55:17,0.5,50,67750
20240116,14:55:19,0.5,50,67750
20240116,14:55:26,0.5,50,67750
20240116,14:55:27,0.5,50,67750
20240116,14:55:28,0.5,450,67750
20240116,14:55:29,0.5,100,67750
20240116,14:55:30,0.5,100,67750
20240116,14:55:31,0.5,350,67750
20240116,14:55:32,0.5,50,67750
20240116,14:55:33,0.5,100,67750
20240116,14:55:34,0.5,50,67750
20240116,14:55:35,0.5,100,67750
20240116,14:55:36,0.5,450,67750
20240116,14:55:37,0.5,100,67750
20240116,14:55:38,0.5,150,67750
20240116,14:55:39,0.5,50,67750
20240116,14:55:41,0.5,50,67750
20240116,14:55:42,0.5,50,67750
20240116,14:55:43,0.5,50,67750
20240116,14:55:44,0.5,50,67750
20240116,14:55:45,0.5,50,67750
20240116,14:55:47,0.5,50,67750
20240116,14:55:48,0.5,50,67750
20240116,14:55:49,0.5,50,67750
20240116,14:55:50,0.5,50,67750
20240116,14:55:52,0.5,50,67750
20240116,14:55:53,0.5,50,67750
20240116,14:55:54,0.5,50,67750
20240116,14:55:55,0.5,50,67750
20240116,14:55:56,0.5,50,67750
20240116,14:55:57,0.5,200,67750
20240116,14:55:58,0.5,50,67750
20240116,14:55:59,0.5,50,67750
20240116,14:56:00,0.5,100,67750
20240116,14:56:01,0.5,150,67750
20240116,14:56:02,0.5,50,67750
20240116,14:56:03,0.5,100,67750
20240116,14:56:04,0.5,250,67750
20240116,14:56:05,0.5,50,67750
20240116,14:56:06,0.5,150,67750
20240116,14:56:07,0.5,50,67750
20240116,14:56:08,0.5,50,67750
20240116,14:56:09,0.5,50,67750
20240116,14:56:10,0.5,50,67750
20240116,14:56:11,0.5,50,67750
20240116,14:56:12,0.5,50,67750
20240116,14:56:13,0.5,50,67750
20240116,14:56:14,0.5,50,67750
20240116,14:56:15,0.5,100,67750
20240116,14:56:16,0.5,100,67750
20240116,14:56:17,0.5,650,67750
20240116,14:56:18,0.5,300,67750
20240116,14:56:19,0.5,100,67750
20240116,14:56:20,0.5,550,67750
20240116,14:56:21,0.5,150,67750
20240116,14:56:22,0.5,50,67750
20240116,14:56:23,0.5,50,67750
20240116,14:56:24,0.5,50,67750
20240116,14:56:25,0.5,50,67750
20240116,14:56:26,0.5,50,67750
20240116,14:56:27,0.5,100,67750
20240116,14:56:28,0.5,50,67750
20240116,14:56:29,0.5,50,67750
20240116,14:56:30,0.5,50,67750
20240116,14:56:31,0.5,50,67750
20240116,14:56:32,0.5,50,67750
20240116,14:56:33,0.5,50,67750
20240116,14:56:34,0.5,50,67750
20240116,14:56:35,0.5,50,67750
20240116,14:56:37,0.5,50,67750
20240116,14:56:38,0.5,50,67750
20240116,14:56:39,0.5,50,67750
20240116,14:56:40,0.5,50,67750
20240116,14:56:42,0.5,50,67750
20240116,14:56:43,0.5,50,67750
20240116,14:56:44,0.5,50,67750
20240116,14:56:45,0.5,50,67750
20240116,14:56:46,0.5,50,67750
20240116,14:56:47,0.5,50,67750
20240116,14:56:48,0.5,50,67750
20240116,14:56:49,0.5,50,67750
20240116,14:56:50,0.5,50,67750
20240116,14:56:51,0.5,50,67750
20240116,14:56:52,0.5,150,67750
20240116,14:56:53,0.5,100,67750
20240116,14:56:55,0.5,50,67750
20240116,14:56:57,0.5,200,67750
20240116,14:56:58,0.5,100,67750
20240116,14:57:00,0.5,50,67750
20240116,14:57:07,0.5,50,67750
20240116,14:57:09,0.5,50,67750
20240116,14:57:10,0.5,50,67750
20240116,14:57:11,0.5,100,67750
20240116,14:57:12,0.5,50,67750
20240116,14:57:13,0.5,150,67750
20240116,14:57:14,0.5,50,67750
20240116,14:57:15,0.5,50,67750
20240116,14:57:16,0.5,50,81450
20240116,14:57:17,0.5,250,81450
20240116,14:57:18,0.5,50,81450
20240116,14:57:19,0.5,50,81450
20240116,14:57:21,0.5,50,81450
20240116,14:57:22,0.5,50,81450
20240116,14:57:23,0.5,100,81450
20240116,14:57:24,0.5,50,81450
20240116,14:57:25,0.5,150,81450
20240116,14:57:26,0.5,250,81450
20240116,14:57:27,0.5,100,81450
20240116,14:57:28,0.5,150,81450
20240116,14:57:29,0.5,50,81450
20240116,14:57:30,0.5,50,81450
20240116,14:57:31,0.5,100,81450
20240116,14:57:32,0.5,50,81450
20240116,14:57:33,0.5,100,81450
20240116,14:57:34,0.5,50,81450
20240116,14:57:35,0.5,300,81450
20240116,14:57:36,0.5,150,81450
20240116,14:57:37,0.5,700,81450
20240116,14:57:38,0.5,400,81450
20240116,14:57:40,0.5,50,81450
20240116,14:57:41,0.5,50,81450
20240116,14:57:42,0.5,50,81450
20240116,14:57:43,0.5,50,81450
20240116,14:57:44,0.5,100,81450
20240116,14:57:45,0.5,150,81450
20240116,14:57:46,0.5,150,81450
20240116,14:58:10,0.45,200,81450
20240116,14:58:11,0.45,1650,81450
20240116,14:58:13,0.45,2000,81450
20240116,14:58:13,0.45,100,81450
20240116,14:58:14,0.45,350,81450
20240116,14:58:15,0.45,150,81450
20240116,14:58:16,0.45,100,81450
20240116,14:58:17,0.45,200,81450
20240116,14:58:19,0.45,450,81450
20240116,14:58:20,0.45,100,81450
20240116,14:58:21,0.45,1600,81450
20240116,14:58:25,0.45,50,81450
20240116,14:58:25,0.45,100,81450
20240116,14:58:26,0.45,100,81450
20240116,14:58:27,0.45,100,81450
20240116,14:58:30,0.45,50,81450
20240116,14:58:31,0.45,50,81450
20240116,14:58:32,0.45,50,81450
20240116,14:58:33,0.45,450,81450
20240116,14:58:34,0.45,50,81450
20240116,14:58:34,0.45,100,81450
20240116,14:58:36,0.45,100,81450
20240116,14:58:37,0.45,50,81450
20240116,14:58:37,0.45,250,81450
20240116,14:58:40,0.45,50,81450
20240116,14:58:41,0.45,250,81450
20240116,14:58:41,0.45,150,81450
20240116,14:58:45,0.45,50,81450
20240116,14:58:52,0.45,50,81450
20240116,14:58:57,0.5,50,81450
20240116,14:59:02,0.45,50,81450
20240116,14:59:09,0.5,50,81450
20240116,14:59:11,0.45,150,81450
20240116,14:59:12,0.45,50,81450
20240116,14:59:15,0.45,200,81450
20240116,14:59:16,0.45,150,81450
20240116,14:59:17,0.45,250,81450
20240116,14:59:17,0.45,100,81450
20240116,14:59:19,0.45,100,81450
20240116,14:59:21,0.45,50,81450
20240116,14:59:26,0.45,100,81450
20240116,14:59:27,0.45,50,81450
20240116,14:59:28,0.45,50,81450
20240116,14:59:30,0.45,350,81450
20240116,14:59:32,0.45,100,81450
20240116,14:59:35,0.45,50,81450
20240116,14:59:36,0.5,750,81450
20240116,14:59:37,0.45,50,81450
20240116,14:59:40,0.45,1650,81450
20240116,14:59:43,0.45,50,81450
20240116,14:59:45,0.5,300,81450
20240116,14:59:45,0.45,100,81450
20240116,14:59:47,0.45,200,81450
20240116,14:59:48,0.45,100,81450
20240116,14:59:51,0.45,50,81450
20240116,14:59:53,0.45,150,81450
20240116,14:59:53,0.45,50,81450
20240116,14:59:54,0.45,50,81450
20240116,14:59:56,0.45,50,81450
20240116,14:59:57,0.45,50,81450
20240116,14:59:58,0.45,100,81450
20240116,14:59:58,0.45,50,81450
20240116,14:59:59,0.45,550,81450
20240116,15:00:00,0.45,100,81450
20240116,15:00:01,0.45,50,81450
20240116,15:00:02,0.45,50,81450
20240116,15:00:03,0.45,100,81450
20240116,15:00:15,0.45,1150,81450
20240116,15:00:37,0.5,100,95300
20240116,15:00:39,0.5,100,95300
20240116,15:00:45,0.5,100,95300
20240116,15:01:06,0.45,50,95300
20240116,15:01:28,0.5,500,95300
20240116,15:02:04,0.5,500,95300
20240116,15:02:10,0.45,250,95300
20240116,15:02:11,0.45,200,95300
20240116,15:02:11,0.45,150,95300
20240116,15:02:12,0.45,100,95300
20240116,15:02:13,0.45,150,95300
20240116,15:02:15,0.45,50,95300
20240116,15:02:15,0.45,300,95300
20240116,15:02:17,0.45,50,95300
20240116,15:02:19,0.45,50,95300
20240116,15:02:20,0.45,150,95300
20240116,15:02:21,0.45,250,95300
20240116,15:02:22,0.45,350,95300
20240116,15:02:23,0.45,100,95300
20240116,15:02:24,0.45,150,95300
20240116,15:02:25,0.45,250,95300
20240116,15:02:27,0.45,50,95300
20240116,15:02:28,0.45,50,95300
20240116,15:02:29,0.45,100,95300
20240116,15:02:30,0.45,50,95300
20240116,15:02:31,0.45,50,95300
20240116,15:02:33,0.45,50,95300
20240116,15:02:35,0.45,50,95300
20240116,15:02:36,0.45,50,95300
20240116,15:02:39,0.5,300,95300
20240116,15:02:40,0.45,50,95300
20240116,15:02:41,0.45,50,95300
20240116,15:02:42,0.45,300,95300
20240116,15:02:43,0.45,150,95300
20240116,15:02:44,0.45,50,95300
20240116,15:02:45,0.45,100,95300
20240116,15:02:46,0.45,50,95300
20240116,15:02:54,0.5,150,95300
20240116,15:03:12,0.5,50,95300
20240116,15:03:15,0.45,50,99150
20240116,15:03:25,0.5,50,99150
20240116,15:03:27,0.5,500,99150
20240116,15:03:38,0.45,50,99150
20240116,15:03:39,0.45,500,99150
20240116,15:03:40,0.45,50,99150
20240116,15:03:41,0.45,150,99150
20240116,15:03:42,0.45,100,99150
20240116,15:03:43,0.45,100,99150
20240116,15:03:44,0.45,100,99150
20240116,15:03:45,0.45,100,99150
20240116,15:03:46,0.45,100,99150
20240116,15:03:47,0.45,100,99150
20240116,15:03:48,0.45,50,99150
20240116,15:03:49,0.45,50,99150
20240116,15:03:50,0.45,100,99150
20240116,15:03:51,0.45,50,99150
20240116,15:03:52,0.45,150,99150
20240116,15:03:53,0.45,50,99150
20240116,15:03:54,0.45,100,99150
20240116,15:03:55,0.45,50,99150
20240116,15:03:56,0.45,100,99150
20240116,15:03:58,0.45,50,99150
20240116,15:03:59,0.45,50,99150
20240116,15:04:06,0.45,50,99150
20240116,15:04:07,0.45,100,99150
20240116,15:04:08,0.45,50,99150
20240116,15:04:10,0.45,550,99150
20240116,15:04:11,0.45,50,99150
20240116,15:04:12,0.45,600,99150
20240116,15:04:13,0.45,200,99150
20240116,15:04:14,0.45,50,99150
20240116,15:04:15,0.45,50,99150
20240116,15:04:16,0.45,350,99150
20240116,15:04:17,0.45,150,99150
20240116,15:04:18,0.45,50,99150
20240116,15:04:19,0.45,100,99150
20240116,15:04:20,0.45,50,99150
20240116,15:04:21,0.45,50,99150
20240116,15:04:22,0.45,50,99150
20240116,15:04:23,0.45,50,99150
20240116,15:04:24,0.45,50,99150
20240116,15:04:25,0.45,50,99150
20240116,15:04:26,0.45,50,99150
20240116,15:04:28,0.45,50,99150
20240116,15:04:29,0.45,100,99150
20240116,15:04:30,0.45,50,99150
20240116,15:04:31,0.45,250,99150
20240116,15:04:32,0.45,100,99150
20240116,15:04:33,0.4,8500,99150
20240116,15:04:34,0.4,200,99150
20240116,15:04:35,0.4,300,99150
20240116,15:04:36,0.45,50,99150
20240116,15:04:37,0.45,50,99150
20240116,15:04:41,0.45,3950,99150
20240116,15:04:54,0.45,11250,99150
20240116,15:04:58,0.45,8150,99150
20240116,15:05:00,0.45,250,99150
20240116,15:05:02,0.45,1800,99150
20240116,15:05:06,0.45,1800,99150
20240116,15:05:07,0.45,200,99150
20240116,15:05:10,0.45,50,99150
20240116,15:05:14,0.45,50,99150
20240116,15:05:17,0.45,1800,99150
20240116,15:05:38,0.5,200,99150
20240116,15:05:48,0.45,450,99150
20240116,15:06:37,0.5,200,101050
20240116,15:06:49,0.5,200,101050
20240116,15:07:07,0.5,250,101050
20240116,15:07:28,0.5,200,101050
20240116,15:11:30,0.5,1800,101050
20240116,15:12:14,0.45,250,101050
20240116,15:13:03,0.5,100,101050
20240116,15:13:11,0.45,50,99500
20240116,15:13:12,0.45,50,99500
20240116,15:13:13,0.45,50,99500
20240116,15:13:13,0.45,150,99500
20240116,15:13:14,0.45,100,99500
20240116,15:14:55,0.45,7450,99500
20240116,15:15:00,0.4,1800,99500
20240116,15:15:23,0.45,400,99500
20240116,15:15:24,0.45,50,98200
20240116,15:15:33,0.45,1800,98200
20240116,15:15:34,0.45,1800,98200
20240116,15:16:19,0.5,15000,98200
20240116,15:16:46,0.55,50,98200
20240116,15:16:47,0.55,50,98200
20240116,15:16:58,0.55,300,98200
20240116,15:17:06,0.45,350,98200
20240116,15:17:21,0.45,50,98200
20240116,15:17:40,0.45,500,98200
20240116,15:18:03,0.45,300,98200
20240116,15:18:23,0.45,200,97000
20240116,15:18:55,0.5,50,97000
20240116,15:18:56,0.45,1000,97000
20240116,15:19:01,0.5,50,97000
20240116,15:21:21,0.45,300,97000
20240116,15:21:57,0.5,50,96400
20240116,15:22:03,0.45,1800,96400
20240116,15:22:14,0.5,100,96400
20240116,15:23:04,0.5,50,96400
20240116,15:24:03,0.45,50,96400
20240116,15:24:12,0.45,350,96400
20240116,15:24:16,0.45,500,96400
20240116,15:24:35,0.45,150,96400
20240116,15:24:37,0.45,250,95050
20240116,15:24:44,0.45,100,95050
20240116,15:24:45,0.45,500,95050
20240116,15:24:49,0.45,50,95050
20240116,15:25:04,0.45,150,95050
20240116,15:25:53,0.45,450,95050
20240116,15:25:54,0.45,50,95050
20240116,15:25:56,0.45,50,95050
20240116,15:26:30,0.45,250,95050
20240116,15:26:55,0.5,500,95050
20240116,15:26:56,0.45,100,95050
20240116,15:26:57,0.45,500,95050
20240116,15:27:12,0.45,100,95050
20240116,15:27:21,0.45,500,94600
20240116,15:27:25,0.45,1800,94600
20240116,15:27:51,0.45,50,94600
20240116,15:27:58,0.5,350,94600
20240116,15:27:59,0.5,1250,94600
20240116,15:28:14,0.45,1800,94600
20240116,15:28:18,0.5,50,94600
20240116,15:28:31,0.45,1800,94600
20240116,15:28:37,0.45,100,94600
20240116,15:28:47,0.45,900,94600
20240116,15:28:50,0.45,250,94600
20240116,15:29:00,0.5,450,94600
20240116,15:29:01,0.5,50,94600
20240116,15:29:16,0.5,900,94600
20240116,15:29:17,0.5,1800,94600
20240116,15:29:21,0.45,600,94600
20240116,15:29:31,0.5,200,94600
20240116,15:29:33,0.5,1800,94600
20240116,15:29:53,0.45,2600,94600
20240117,09:15:01,0.5,1,94600
20240117,09:15:01,0.5,50,94600
20240117,09:15:03,0.5,700,94600
20240117,09:15:05,0.5,150,94600
20240117,09:15:09,0.5,100,94600
20240117,09:15:11,0.55,700,94600
20240117,09:15:13,0.55,850,94600
20240117,09:15:13,0.5,100,94600
20240117,09:15:17,0.55,700,94600
20240117,09:15:17,0.55,750,94600
20240117,09:15:18,0.55,7900,94600
20240117,09:15:23,0.75,600,94600
20240117,09:15:34,1.0,1800,94600
20240117,09:15:36,1.0,50,94600
20240117,09:15:47,1.0,150,94600
20240117,09:15:47,1.0,500,94600
20240117,09:15:50,0.9,50,94600
20240117,09:15:58,1.0,50,94600
20240117,09:16:03,0.9,750,94600
20240117,09:16:05,1.3,500,94600
20240117,09:16:06,1.3,100,94600
20240117,09:16:09,1.0,500,94600
20240117,09:16:14,1.0,250,94600
20240117,09:16:17,0.95,300,94600
20240117,09:16:19,0.9,800,94600
20240117,09:16:21,0.9,1000,94600
20240117,09:16:22,0.9,400,94600
20240117,09:16:24,0.9,1050,94600
20240117,09:16:25,0.9,200,94600
20240117,09:16:37,0.9,650,94600
20240117,09:16:39,0.9,600,94600
20240117,09:16:40,0.9,1050,94600
20240117,09:16:41,0.9,50,94600
20240117,09:16:42,0.9,100,94600
20240117,09:16:44,0.8,250,94600
20240117,09:16:51,0.8,50,94600
20240117,09:16:53,0.6,5450,94600
20240117,09:16:56,0.8,350,94600
20240117,09:16:57,0.8,500,94600
20240117,09:17:14,0.75,500,94600
20240117,09:17:16,0.75,1950,94600
20240117,09:17:19,0.8,50,94600
20240117,09:17:23,0.65,1800,94600
20240117,09:17:25,0.75,250,94600
20240117,09:17:27,0.7,50,94600
20240117,09:17:29,0.65,50,94600
20240117,09:17:44,0.75,1250,95550
20240117,09:17:46,0.75,50,95550
20240117,09:17:47,0.75,350,95550
20240117,09:17:54,0.75,50,95550
20240117,09:17:56,0.75,100,95550
20240117,09:18:00,0.75,50,95550
20240117,09:18:03,0.75,50,95550
20240117,09:18:06,0.7,50,95550
20240117,09:18:08,0.75,950,95550
20240117,09:18:14,0.75,100,95550
20240117,09:18:26,0.75,500,95550
20240117,09:18:27,0.75,850,95550
20240117,09:18:30,0.75,200,95550
20240117,09:18:33,0.75,2100,95550
20240117,09:18:38,0.8,150,95550
20240117,09:18:47,0.75,50,95550
20240117,09:18:48,0.75,50,95550
20240117,09:18:50,0.75,50,95550
20240117,09:18:51,0.75,200,95550
20240117,09:18:52,0.75,50,95550
20240117,09:18:56,0.85,500,95550
20240117,09:18:57,0.75,400,95550
20240117,09:18:59,0.75,100,95550
20240117,09:19:04,0.85,100,95550
20240117,09:19:23,0.8,50,95550
20240117,09:19:26,0.75,50,95550
20240117,09:19:30,0.8,800,95550
20240117,09:19:32,0.8,200,95550
20240117,09:20:09,0.75,1300,95550
20240117,09:20:10,0.7,50,95550
20240117,09:20:35,0.75,400,95550
20240117,09:20:47,0.7,250,96450
20240117,09:21:02,0.75,50,96450
20240117,09:21:04,0.75,50,96450
20240117,09:21:19,0.75,50,96450
20240117,09:21:27,0.75,100,96450
20240117,09:21:33,0.75,250,96450
20240117,09:21:33,0.75,750,96450
20240117,09:21:39,0.75,50,96450
20240117,09:21:44,0.75,50,96450
20240117,09:21:57,0.75,100,96450
20240117,09:22:30,0.75,50,96450
20240117,09:22:31,0.75,250,96450
20240117,09:22:34,0.7,450,96450
20240117,09:22:37,0.75,50,96450
20240117,09:22:39,0.8,1250,96450
20240117,09:22:40,0.8,50,96450
20240117,09:22:41,0.8,200,96450
20240117,09:22:50,0.8,250,96450
20240117,09:22:53,0.85,50,96450
20240117,09:22:54,0.8,100,96450
20240117,09:22:57,0.85,1200,96450
20240117,09:22:58,0.85,750,96450
20240117,09:22:59,0.85,250,96450
20240117,09:23:01,0.85,500,96450
20240117,09:23:06,0.85,500,96450
20240117,09:23:17,0.9,50,96450
20240117,09:23:22,0.9,50,96450
20240117,09:23:23,0.85,200,96450
20240117,09:23:33,0.9,150,96000
20240117,09:23:38,0.85,50,96000
20240117,09:23:41,0.9,50,96000
20240117,09:23:49,0.9,50,96000
20240117,09:24:01,0.85,500,96000
20240117,09:24:08,0.9,250,96000
20240117,09:24:19,0.85,200,96000
20240117,09:24:20,0.85,200,96000
20240117,09:24:26,0.85,1800,96000
20240117,09:24:28,0.85,1250,96000
20240117,09:24:46,0.85,100,96000
20240117,09:24:55,0.85,50,96000
20240117,09:25:18,0.85,200,96000
20240117,09:25:19,0.85,5300,96000
20240117,09:25:31,0.9,100,96000
20240117,09:25:33,0.9,100,96000
20240117,09:25:37,0.9,50,96000
20240117,09:25:41,0.9,50,96000
20240117,09:25:44,0.9,1800,96000
20240117,09:25:54,0.9,50,96000
20240117,09:26:00,0.9,50,96000
20240117,09:26:12,0.95,50,96000
20240117,09:26:13,0.9,200,96000
20240117,09:26:35,0.95,350,96100
20240117,09:26:43,0.95,400,96100
20240117,09:27:02,0.9,50,96100
20240117,09:27:20,0.95,1800,96100
20240117,09:27:22,0.95,1800,96100
20240117,09:27:23,0.95,1800,96100
20240117,09:27:25,0.95,2050,96100
20240117,09:27:27,1.0,1800,96100
20240117,09:27:30,1.0,1800,96100
20240117,09:27:34,0.95,700,96100
20240117,09:27:43,0.95,650,96100
20240117,09:27:48,0.95,500,96100
20240117,09:27:53,1.0,50,96100
20240117,09:28:04,0.95,50,96100
20240117,09:28:12,0.95,1050,96100
20240117,09:28:23,1.0,150,96100
20240117,09:28:36,0.95,200,96100
20240117,09:28:47,0.95,1200,96100
20240117,09:29:05,0.95,700,96100
20240117,09:29:15,0.9,500,96100
20240117,09:29:16,0.95,50,96100
20240117,09:29:18,0.95,50,96100
20240117,09:29:25,0.9,1800,96100
20240117,09:29:28,0.95,200,96100
20240117,09:29:29,0.95,3150,96100
20240117,09:29:31,0.9,1800,96100
20240117,09:29:34,0.9,350,96100
20240117,09:29:39,0.9,1000,99900
20240117,09:29:40,0.95,50,99900
20240117,09:29:46,0.95,50,99900
20240117,09:29:47,0.9,1000,99900
20240117,09:29:48,0.95,300,99900
20240117,09:30:15,0.95,50,99900
20240117,09:30:18,0.95,50,99900
20240117,09:30:19,0.95,1800,99900
20240117,09:30:23,0.95,150,99900
20240117,09:30:24,0.95,50,99900
20240117,09:30:48,0.95,50,99900
20240117,09:30:52,0.95,50,99900
20240117,09:31:00,0.9,700,99900
20240117,09:31:13,0.95,450,99900
20240117,09:31:21,0.9,150,99900
20240117,09:31:41,0.9,900,99900
20240117,09:31:42,0.9,250,99900
20240117,09:32:03,0.95,150,99900
20240117,09:32:09,0.95,1800,99900
20240117,09:32:23,0.95,50,99900
20240117,09:32:29,0.9,750,99900
20240117,09:32:31,0.95,250,99900
20240117,09:32:44,0.95,250,99900
20240117,09:32:52,0.9,50,102750
20240117,09:32:57,0.95,250,102750
20240117,09:33:05,0.95,250,102750
20240117,09:33:20,0.95,200,102750
20240117,09:33:39,0.9,1800,102750
20240117,09:33:41,0.9,1800,102750
20240117,09:33:42,0.95,250,102750
20240117,09:33:43,0.9,1800,102750
20240117,09:33:45,0.9,300,102750
20240117,09:33:47,0.9,1500,102750
20240117,09:34:02,0.9,50,102750
20240117,09:34:07,0.95,50,102750
20240117,09:34:28,0.95,50,102750
20240117,09:34:30,0.95,50,102750
20240117,09:34:50,0.9,50,102750
20240117,09:34:56,0.95,50,102750
20240117,09:35:09,0.9,550,102750
20240117,09:35:21,0.9,400,102750
20240117,09:35:30,0.95,250,102750
20240117,09:35:37,0.9,950,102750
20240117,09:35:51,0.9,150,104250
20240117,09:35:59,0.9,1800,104250
20240117,09:36:10,0.9,1800,104250
20240117,09:36:12,0.9,1900,104250
20240117,09:36:17,0.9,1800,104250
20240117,09:36:20,0.9,2600,104250
20240117,09:36:23,0.85,1800,104250
20240117,09:36:35,0.85,50,104250
20240117,09:37:09,0.8,150,104250
20240117,09:37:13,0.8,800,104250
20240117,09:37:36,0.8,450,104250
20240117,09:37:38,0.85,2800,104250
20240117,09:37:43,0.85,1600,104250
20240117,09:37:50,0.85,800,104250
20240117,09:38:24,0.9,50,104250
20240117,09:38:55,0.9,150,112550
20240117,09:38:57,0.9,50,112550
20240117,09:39:35,0.9,400,112550
20240117,09:39:41,0.9,50,112550
20240117,09:40:03,0.9,1000,112550
20240117,09:40:18,0.9,200,112550
20240117,09:40:19,0.9,300,112550
20240117,09:40:22,0.95,50,112550
20240117,09:40:26,0.9,1450,112550
20240117,09:40:30,0.9,500,112550
20240117,09:41:02,0.9,1150,112550
20240117,09:41:32,0.9,50,112550
20240117,09:41:56,0.9,100,111000
20240117,09:42:01,0.85,50,111000
20240117,09:42:08,0.85,1800,111000
20240117,09:42:12,0.9,1850,111000
20240117,09:42:13,0.9,1850,111000
20240117,09:42:21,0.9,50,111000
20240117,09:42:26,0.95,50,111000
20240117,09:42:30,0.85,50,111000
20240117,09:42:46,0.85,100,111000
20240117,09:43:14,0.85,100,111000
20240117,09:43:37,0.95,250,111000
20240117,09:44:34,0.9,50,111000
20240117,09:44:37,0.9,50,111000
20240117,09:45:18,0.9,50,110450
20240117,09:45:19,0.9,50,110450
20240117,09:45:20,0.9,50,110450
20240117,09:45:22,0.9,100,110450
20240117,09:45:28,0.9,50,110450
20240117,09:45:43,0.95,50,110450
20240117,09:45:46,0.9,50,110450
20240117,09:45:56,0.9,50,110450
20240117,09:46:19,0.9,50,110450
20240117,09:46:22,0.9,50,110450
20240117,09:46:39,0.9,250,110450
20240117,09:46:49,0.95,50,110450
20240117,09:46:59,0.95,300,110450
20240117,09:47:00,0.9,50,110450
20240117,09:47:04,0.9,50,110450
20240117,09:47:26,0.95,100,110450
20240117,09:47:35,0.9,250,110450
20240117,09:47:50,0.9,100,109950
20240117,09:47:55,0.95,50,109950
20240117,09:48:32,0.9,200,109950
20240117,09:48:46,0.95,50,109950
20240117,09:49:00,0.9,250,109950
20240117,09:50:00,0.9,1800,109950
20240117,09:50:19,0.95,1800,109950
20240117,09:50:43,0.9,500,109700
20240117,09:50:49,0.9,1800,109700
20240117,09:50:52,0.9,1800,109700
20240117,09:51:18,0.9,1800,109700
20240117,09:51:39,0.9,2500,109700
20240117,09:51:51,0.9,300,109700
20240117,09:51:56,0.95,350,109700
20240117,09:52:03,0.9,1100,109700
20240117,09:52:11,0.9,50,109700
20240117,09:52:24,0.9,50,109700
20240117,09:52:45,0.9,400,109700
20240117,09:53:21,0.9,50,109700
20240117,09:53:25,0.9,1100,109700
20240117,09:53:29,0.85,50,109700
20240117,09:53:50,0.9,50,116850
20240117,09:53:51,0.9,150,116850
20240117,09:54:02,0.85,450,116850
20240117,09:54:50,0.8,50,116850
20240117,09:54:53,0.85,250,116850
20240117,09:55:01,0.8,800,116850
20240117,09:55:02,0.85,250,116850
20240117,09:55:32,0.85,250,116850
20240117,09:55:53,0.8,150,116850
20240117,09:56:37,0.85,50,117500
20240117,09:56:59,0.8,50,117500
20240117,09:57:06,0.8,150,117500
20240117,09:57:29,0.85,50,117500
20240117,09:57:43,0.8,50,117500
20240117,09:58:06,0.85,50,117500
20240117,09:58:16,0.8,650,117500
20240117,09:58:16,0.8,50,117500
20240117,09:58:21,0.8,1200,117500
20240117,09:58:44,0.8,50,117500
20240117,09:59:00,0.85,1800,117500
20240117,09:59:02,0.85,1800,117500
20240117,09:59:04,0.85,1850,117500
20240117,09:59:20,0.85,100,117500
20240117,09:59:21,0.8,3100,117500
20240117,10:00:05,0.85,1200,121200
20240117,10:00:34,0.85,1000,121200
20240117,10:00:44,0.8,150,121200
20240117,10:00:56,0.8,1800,121200
20240117,10:01:07,0.8,1800,121200
20240117,10:01:23,0.8,50,121200
20240117,10:02:36,0.85,450,121200
20240117,10:02:58,0.85,50,121200
20240117,10:03:00,0.8,150,122600
20240117,10:03:01,0.8,150,122600
20240117,10:03:02,0.85,1200,122600
20240117,10:03:04,0.8,50,122600
20240117,10:03:05,0.8,50,122600
20240117,10:03:25,0.9,50,122600
20240117,10:03:50,0.8,50,122600
20240117,10:04:28,0.9,150,122600
20240117,10:04:31,0.9,250,122600
20240117,10:04:32,0.75,3150,122600
20240117,10:04:47,0.9,200,122600
20240117,10:05:09,0.8,50,122600
20240117,10:05:39,0.8,50,122600
20240117,10:05:50,0.8,50,121350
20240117,10:06:22,0.8,100,121350
20240117,10:06:55,0.8,100,121350
20240117,10:07:18,0.8,50,121350
20240117,10:07:20,0.85,250,121350
20240117,10:07:20,0.85,50,121350
20240117,10:07:21,0.85,50,121350
20240117,10:07:23,0.85,50,121350
20240117,10:07:45,0.85,50,121350
20240117,10:07:49,0.85,50,121350
20240117,10:07:53,0.85,50,121350
20240117,10:07:54,0.85,100,121350
20240117,10:07:58,0.85,50,121350
20240117,10:07:59,0.85,50,121350
20240117,10:08:14,0.9,50,121350
20240117,10:08:25,0.85,50,121350
20240117,10:08:39,0.9,1100,121350
20240117,10:08:43,0.9,50,120250
20240117,10:09:11,0.9,50,120250
20240117,10:09:24,0.85,50,120250
20240117,10:09:25,0.9,50,120250
20240117,10:10:03,0.85,50,120250
20240117,10:10:13,0.85,900,120250
20240117,10:10:14,0.85,600,120250
20240117,10:11:25,0.9,250,120250
20240117,10:11:27,0.9,250,120250
20240117,10:12:54,0.9,1800,121850
20240117,10:12:54,0.9,100,121850
20240117,10:14:05,0.9,100,121850
20240117,10:14:31,0.85,50,121850
20240117,10:15:39,0.95,1800,121850
20240117,10:15:42,0.95,500,122800
20240117,10:16:16,0.9,50,122800
20240117,10:16:22,0.9,50,122800
20240117,10:16:25,0.9,50,122800
20240117,10:16:36,0.9,50,122800
20240117,10:16:40,0.9,50,122800
20240117,10:16:42,0.9,50,122800
20240117,10:16:47,0.9,50,122800
20240117,10:17:05,0.85,50,122800
20240117,10:17:36,0.9,200,122800
20240117,10:17:49,0.9,250,124550
20240117,10:18:11,0.85,50,124550
20240117,10:19:06,0.9,50,124550
20240117,10:19:13,0.85,50,124550
20240117,10:19:18,0.9,5400,124550
20240117,10:19:19,0.9,50,124550
20240117,10:19:24,0.85,50,124550
20240117,10:19:30,0.9,50,124550
20240117,10:19:35,0.85,50,124550
20240117,10:19:40,0.9,50,124550
20240117,10:19:44,0.85,50,124550
20240117,10:19:46,0.9,200,124550
20240117,10:19:49,0.95,50,124550
20240117,10:19:55,0.85,50,124550
20240117,10:20:27,0.85,300,124550
20240117,10:21:26,0.9,450,124550
20240117,10:21:37,0.95,50,130000
20240117,10:21:46,0.95,350,130000
20240117,10:21:53,0.95,500,130000
20240117,10:22:00,0.9,100,130000
20240117,10:22:01,0.9,200,130000
20240117,10:22:03,0.9,100,130000
20240117,10:22:05,0.9,100,130000
20240117,10:22:08,0.9,500,130000
20240117,10:22:09,0.9,200,130000
20240117,10:22:19,0.85,200,130000
20240117,10:22:24,0.95,100,130000
20240117,10:22:28,0.85,100,130000
20240117,10:22:39,0.95,1800,130000
20240117,10:23:09,0.85,1350,130000
20240117,10:23:30,0.95,50,130000
20240117,10:23:51,0.85,500,130000
20240117,10:23:59,0.95,50,129500
20240117,10:25:31,0.9,300,129500
20240117,10:26:19,0.85,250,129500
20240117,10:27:00,0.85,750,129050
20240117,10:28:42,0.85,1600,129050
20240117,10:28:45,0.9,1200,129050
20240117,10:29:11,0.9,50,129050
20240117,10:29:21,0.9,1100,129050
20240117,10:29:56,0.9,200,129050
20240117,10:30:57,0.9,50,130700
20240117,10:31:14,0.85,50,130700
20240117,10:31:19,0.85,1500,130700
20240117,10:31:29,0.85,50,130700
20240117,10:31:42,0.85,500,130700
20240117,10:31:43,0.85,1250,130700
20240117,10:32:11,0.85,50,130700
20240117,10:32:29,0.85,50,130700
20240117,10:32:33,0.85,50,130700
20240117,10:33:26,0.9,50,131550
20240117,10:33:38,0.9,500,131550
20240117,10:34:28,0.9,250,131550
20240117,10:35:17,0.85,50,131550
20240117,10:35:45,0.9,50,132350
20240117,10:36:14,0.85,100,132350
20240117,10:36:22,0.85,50,132350
20240117,10:36:27,0.85,50,132350
20240117,10:36:59,0.9,50,132350
20240117,10:37:13,0.85,700,132350
20240117,10:37:14,0.85,700,132350
20240117,10:37:21,0.85,100,132350
20240117,10:37:27,0.85,50,132350
20240117,10:37:31,0.85,700,132350
20240117,10:37:53,0.85,50,132350
20240117,10:38:09,0.9,50,132350
20240117,10:38:16,0.9,550,132350
20240117,10:38:16,0.9,50,132350
20240117,10:38:18,0.9,50,132350
20240117,10:38:19,0.9,50,132350
20240117,10:38:23,0.9,50,132350
20240117,10:38:30,0.9,50,132350
20240117,10:38:40,0.9,50,132350
20240117,10:38:43,0.9,750,132350
20240117,10:38:58,0.9,350,129600
20240117,10:39:02,0.9,350,129600
20240117,10:39:13,0.9,200,129600
20240117,10:39:16,0.9,100,129600
20240117,10:40:14,0.95,50,129600
20240117,10:40:42,0.9,50,129600
20240117,10:41:51,0.85,50,129600
20240117,10:43:21,0.9,250,127800
20240117,10:43:32,0.95,500,127800
20240117,10:43:40,0.95,250,127800
20240117,10:43:42,0.95,350,127800
20240117,10:43:42,0.95,250,127800
20240117,10:43:48,0.95,50,127800
20240117,10:44:15,0.95,50,127800
20240117,10:44:16,0.95,250,127800
20240117,10:44:36,0.95,250,127800
20240117,10:44:43,0.95,250,127800
20240117,10:44:47,0.95,1200,126000
20240117,10:45:22,0.95,50,126000
20240117,10:45:45,0.95,1500,126000
20240117,10:46:19,0.95,50,126000
20240117,10:46:35,0.9,50,126000
20240117,10:47:03,0.9,100,126000
20240117,10:47:55,0.9,7200,123300
20240117,10:47:56,0.75,15100,123300
20240117,10:48:11,0.9,100,123300
20240117,10:48:54,0.9,50,123300
20240117,10:49:39,0.85,800,123300
20240117,10:50:47,0.95,50,123300
20240117,10:51:15,0.85,400,119900
20240117,10:51:51,0.9,600,119900
20240117,10:52:10,0.95,50,119900
20240117,10:52:44,0.9,100,119900
20240117,10:52:52,0.9,500,119900
20240117,10:52:56,0.9,200,119900
20240117,10:53:12,0.95,1250,119900
20240117,10:53:44,0.95,50,119900
20240117,10:54:20,0.85,300,119900
20240117,10:54:37,0.95,50,120250
20240117,10:54:58,0.9,1800,120250
20240117,10:56:17,0.9,950,120250
20240117,10:56:53,0.9,100,119450
20240117,10:57:09,0.95,50,119450
20240117,10:57:23,0.9,50,119450
20240117,10:57:39,0.9,200,119450
20240117,10:59:31,0.95,50,119450
20240117,10:59:34,0.95,200,119450
20240117,10:59:42,0.95,50,119450
20240117,10:59:51,0.95,50,119500
20240117,11:00:26,0.95,50,119500
20240117,11:00:31,0.9,100,119500
20240117,11:00:33,1.0,1800,119500
20240117,11:00:49,1.0,300,119500
20240117,11:00:51,1.0,300,119500
20240117,11:01:07,1.0,1800,119500
20240117,11:01:33,0.9,50,119500
20240117,11:03:07,1.0,1250,119500
20240117,11:03:17,1.0,100,116250
20240117,11:03:19,1.0,200,116250
20240117,11:03:25,1.0,400,116250
20240117,11:03:27,1.0,250,116250
20240117,11:03:28,1.0,2050,116250
20240117,11:03:29,0.95,5700,116250
20240117,11:03:47,1.05,500,116250
20240117,11:03:50,0.95,50,116250
20240117,11:04:02,1.05,4500,116250
20240117,11:04:03,1.05,9000,116250
20240117,11:04:04,1.05,9000,116250
20240117,11:04:05,1.05,6100,116250
20240117,11:04:07,1.05,100,116250
20240117,11:04:12,1.05,50,116250
20240117,11:04:13,1.1,50,116250
20240117,11:04:14,1.05,100,116250
20240117,11:04:17,1.1,300,116250
20240117,11:04:24,1.05,1800,116250
20240117,11:04:24,1.05,50,116250
20240117,11:04:27,1.05,250,116250
20240117,11:04:28,1.05,250,116250
20240117,11:04:40,1.05,1800,116250
20240117,11:04:44,1.1,800,116250
20240117,11:04:45,1.1,1650,116250
20240117,11:04:48,1.1,1650,116250
20240117,11:04:55,1.05,50,116250
20240117,11:04:59,1.1,100,116250
20240117,11:05:02,1.1,100,116250
20240117,11:05:07,1.05,250,116250
20240117,11:05:15,1.1,50,116250
20240117,11:05:17,1.05,250,116250
20240117,11:05:25,1.1,1650,116250
20240117,11:05:27,1.1,100,116250
20240117,11:05:30,1.1,1650,116250
20240117,11:05:32,1.1,1650,116250
20240117,11:05:35,1.1,100,116250
20240117,11:05:36,1.05,300,116250
20240117,11:05:46,1.1,150,116250
20240117,11:05:47,1.1,450,133800
20240117,11:05:52,1.1,450,133800
20240117,11:05:57,1.1,450,133800
20240117,11:06:00,1.1,50,133800
20240117,11:06:03,1.1,400,133800
20240117,11:06:10,1.1,450,133800
20240117,11:06:16,1.1,1300,133800
20240117,11:06:27,1.1,50,133800
20240117,11:06:32,1.05,50,133800
20240117,11:06:40,1.1,1650,133800
20240117,11:06:48,1.05,700,133800
20240117,11:06:54,1.1,150,133800
20240117,11:07:04,1.05,50,133800
20240117,11:07:15,1.1,50,133800
20240117,11:07:21,1.1,600,133800
20240117,11:07:27,1.05,350,133800
20240117,11:08:02,1.05,300,133800
20240117,11:09:21,1.1,450,133800
20240117,11:09:37,1.1,1850,137350
20240117,11:10:25,1.1,450,137350
20240117,11:10:45,1.1,650,137350
20240117,11:11:05,1.1,400,137350
20240117,11:11:26,1.1,50,137350
20240117,11:11:41,1.05,450,137350
20240117,11:11:42,1.1,500,137350
20240117,11:11:51,1.1,900,138600
20240117,11:11:55,1.05,50,138600
20240117,11:13:10,1.05,50,138600
20240117,11:13:19,1.1,750,138600
20240117,11:13:34,1.1,50,138600
20240117,11:13:52,1.05,50,138600
20240117,11:14:09,1.1,500,138600
20240117,11:14:16,1.1,300,138600
20240117,11:14:23,1.1,300,138600
20240117,11:14:39,1.1,600,138600
20240117,11:14:40,1.1,800,138600
20240117,11:14:41,1.1,2250,138600
20240117,11:15:02,1.1,250,139750
20240117,11:15:17,1.1,700,139750
20240117,11:16:12,1.1,50,139750
20240117,11:16:16,1.05,1800,139750
20240117,11:16:20,1.1,1800,139750
20240117,11:16:55,1.1,550,139750
20240117,11:16:55,1.05,750,139750
20240117,11:16:58,1.05,2100,139750
20240117,11:16:59,1.1,1800,139750
20240117,11:17:00,1.1,350,139750
20240117,11:17:06,1.15,1800,139750
20240117,11:17:07,1.15,1150,139750
20240117,11:17:08,1.1,400,139750
20240117,11:17:15,1.1,250,139750
20240117,11:17:29,1.1,50,139750
20240117,11:17:54,1.1,50,141150
20240117,11:17:56,1.1,50,141150
20240117,11:18:48,1.15,1800,141150
20240117,11:19:06,1.15,1800,141150
20240117,11:19:47,1.1,1800,141150
20240117,11:20:15,1.1,1500,141150
20240117,11:21:16,1.15,50,144650
20240117,11:21:22,1.1,1200,144650
20240117,11:21:24,1.1,100,144650
20240117,11:21:26,1.1,100,144650
20240117,11:21:34,1.1,300,144650
20240117,11:21:37,1.1,50,144650
20240117,11:23:45,1.1,500,144650
20240117,11:26:37,1.1,200,144650
20240117,11:26:51,1.1,1800,144250
20240117,11:27:08,1.1,50,144250
20240117,11:27:09,1.1,150,144250
20240117,11:27:10,1.1,100,144250
20240117,11:27:34,1.1,50,144250
20240117,11:28:17,1.1,250,144250
20240117,11:28:39,1.1,50,144250
20240117,11:30:11,1.1,250,142900
20240117,11:31:11,1.1,2000,142900
20240117,11:32:27,1.1,1800,142900
20240117,11:32:28,1.1,1800,142900
20240117,11:32:29,1.1,10750,142900
20240117,11:32:52,1.05,100,144300
20240117,11:32:59,1.1,50,144300
20240117,11:33:42,1.1,50,144300
20240117,11:33:43,1.1,50,144300
20240117,11:33:45,1.1,250,144300
20240117,11:33:45,1.1,500,144300
20240117,11:34:05,1.05,50,144300
20240117,11:34:06,1.1,2300,144300
20240117,11:34:07,1.1,650,144300
20240117,11:34:17,1.1,100,144300
20240117,11:34:21,1.15,2050,144300
20240117,11:34:34,1.1,500,144300
20240117,11:34:44,1.1,550,144300
20240117,11:34:44,1.1,250,144300
20240117,11:34:45,1.1,750,144300
20240117,11:35:03,1.1,1050,144300
20240117,11:35:48,1.15,900,144300
20240117,11:36:04,1.1,350,146700
20240117,11:36:07,1.15,250,146700
20240117,11:36:12,1.1,1800,146700
20240117,11:36:23,1.15,300,146700
20240117,11:36:27,1.15,250,146700
20240117,11:36:28,1.15,1100,146700
20240117,11:36:30,1.1,1150,146700
20240117,11:36:32,1.1,1200,146700
20240117,11:36:40,1.2,50,146700
20240117,11:36:41,1.15,50,146700
20240117,11:37:24,1.2,1600,146700
20240117,11:37:38,1.2,1550,146700
20240117,11:37:49,1.2,400,146700
20240117,11:38:15,1.2,50,146700
20240117,11:38:32,1.2,50,146700
20240117,11:38:50,1.2,50,146700
20240117,11:38:54,1.2,300,146700
20240117,11:39:00,1.2,900,144350
20240117,11:39:01,1.2,400,144350
20240117,11:39:04,1.2,50,144350
20240117,11:39:23,1.2,100,144350
20240117,11:39:52,1.2,50,144350
20240117,11:39:53,1.25,3800,144350
20240117,11:39:57,1.25,2500,144350
20240117,11:39:59,1.25,1800,144350
20240117,11:39:59,1.25,700,144350
20240117,11:40:07,1.3,300,144350
20240117,11:40:13,1.3,350,144350
20240117,11:40:15,1.3,1000,144350
20240117,11:40:40,1.35,300,144350
20240117,11:40:40,1.35,600,144350
20240117,11:40:43,1.35,50,144350
20240117,11:40:49,1.3,50,144350
20240117,11:41:07,1.35,1800,144350
20240117,11:41:07,1.35,1250,144350
20240117,11:41:11,1.35,1800,144350
20240117,11:41:12,1.35,1450,144350
20240117,11:41:19,1.4,1200,144350
20240117,11:41:33,1.4,1800,144350
20240117,11:41:37,1.4,150,144350
20240117,11:41:39,1.4,1250,144350
20240117,11:41:42,1.4,50,144350
20240117,11:41:44,1.4,150,144350
20240117,11:42:06,1.45,2950,144350
20240117,11:42:07,1.45,500,145800
20240117,11:42:08,1.45,300,145800
20240117,11:42:10,1.4,50,145800
20240117,11:42:43,1.45,1250,145800
20240117,11:42:50,1.45,50,145800
20240117,11:42:57,1.5,1000,145800
20240117,11:43:02,1.5,1000,145800
20240117,11:43:13,1.5,50,145800
20240117,11:43:21,1.5,5650,145800
20240117,11:43:22,1.5,9000,145800
20240117,11:43:23,1.5,600,145800
20240117,11:43:24,1.5,3600,145800
20240117,11:43:25,1.5,1400,145800
20240117,11:43:26,1.5,4050,145800
20240117,11:43:27,1.5,3000,145800
20240117,11:43:32,1.45,10850,145800
20240117,11:43:39,1.45,1200,145800
20240117,11:43:43,1.45,1000,145800
20240117,11:43:48,1.5,50,145800
20240117,11:43:49,1.5,2100,145800
20240117,11:43:52,1.5,1800,145800
20240117,11:44:01,1.5,700,145800
20240117,11:44:05,1.5,1700,145800
20240117,11:44:08,1.5,1800,145800
20240117,11:44:11,1.5,1300,145800
20240117,11:44:12,1.5,1200,145800
20240117,11:44:17,1.5,250,145800
20240117,11:44:18,1.6,50,145800
20240117,11:44:26,1.6,2250,145800
20240117,11:44:27,1.55,800,145800
20240117,11:44:30,1.55,800,145800
20240117,11:44:33,1.55,1100,145800
20240117,11:44:34,1.6,1500,145800
20240117,11:44:35,1.6,3500,145800
20240117,11:44:36,1.5,800,145800
20240117,11:44:37,1.6,3600,145800
20240117,11:44:39,1.55,800,145800
20240117,11:44:40,1.55,200,145800
20240117,11:44:42,1.6,600,145800
20240117,11:44:43,1.6,2100,145800
20240117,11:45:00,1.6,1800,172700
20240117,11:45:01,1.6,1800,172700
20240117,11:45:08,1.65,1400,172700
20240117,11:45:13,1.65,3250,172700
20240117,11:45:18,1.7,1550,172700
20240117,11:45:25,1.75,750,172700
20240117,11:45:27,1.75,1550,172700
20240117,11:45:31,1.75,300,172700
20240117,11:45:34,1.75,900,172700
20240117,11:45:38,1.75,600,172700
20240117,11:45:42,1.75,1500,172700
20240117,11:45:47,1.75,1800,172700
20240117,11:45:48,1.8,4750,172700
20240117,11:45:51,1.7,1500,172700
20240117,11:45:57,1.7,1500,172700
20240117,11:45:59,1.7,1800,172700
20240117,11:46:00,1.7,10800,172700
20240117,11:46:11,1.75,100,172700
20240117,11:46:15,1.7,100,172700
20240117,11:46:29,1.75,200,172700
20240117,11:46:31,1.75,900,172700
20240117,11:46:43,1.7,1800,172700
20240117,11:46:48,1.75,500,172700
20240117,11:46:49,1.75,50,172700
20240117,11:46:53,1.75,450,172700
20240117,11:47:20,1.75,1850,172700
20240117,11:47:37,1.75,50,172700
20240117,11:47:43,1.7,1800,172700
20240117,11:47:45,1.7,1800,172700
20240117,11:47:50,1.7,1600,172700
20240117,11:47:54,1.7,1800,188700
20240117,11:48:02,1.7,900,188700
20240117,11:48:10,1.7,500,188700
20240117,11:48:11,1.75,1200,188700
20240117,11:48:12,1.7,300,188700
20240117,11:48:20,1.75,50,188700
20240117,11:48:30,1.7,500,188700
20240117,11:48:38,1.75,100,188700
20240117,11:48:44,1.7,50,188700
20240117,11:48:45,1.7,1800,188700
20240117,11:48:54,1.7,50,188700
20240117,11:49:01,1.7,1800,188700
20240117,11:49:03,1.7,400,188700
20240117,11:49:14,1.7,100,188700
20240117,11:49:26,1.75,1800,188700
20240117,11:49:28,1.7,50,188700
20240117,11:49:48,1.7,250,188700
20240117,11:50:07,1.7,50,188700
20240117,11:50:14,1.7,200,188700
20240117,11:50:18,1.75,150,188700
20240117,11:50:48,1.7,150,188700
20240117,11:51:13,1.7,600,195250
20240117,11:51:13,1.7,100,195250
20240117,11:51:14,1.7,50,195250
20240117,11:51:21,1.7,50,195250
20240117,11:51:26,1.7,50,195250
20240117,11:51:46,1.7,50,195250
20240117,11:51:53,1.7,50,195250
20240117,11:52:16,1.7,50,195250
20240117,11:52:55,1.65,800,195250
20240117,11:52:59,1.7,50,195250
20240117,11:53:03,1.7,50,195250
20240117,11:53:11,1.65,1100,195250
20240117,11:53:23,1.7,350,195250
20240117,11:53:59,1.6,5400,195250
20240117,11:54:00,1.6,600,194450
20240117,11:54:08,1.65,50,194450
20240117,11:54:12,1.7,500,194450
20240117,11:54:30,1.7,200,194450
20240117,11:54:36,1.65,50,194450
20240117,11:54:37,1.65,50,194450
20240117,11:54:38,1.65,50,194450
20240117,11:54:40,1.65,100,194450
20240117,11:54:42,1.65,50,194450
20240117,11:54:43,1.65,50,194450
20240117,11:54:51,1.6,350,194450
20240117,11:54:59,1.6,200,194450
20240117,11:55:10,1.6,250,194450
20240117,11:55:12,1.65,50,194450
20240117,11:55:20,1.6,700,194450
20240117,11:55:40,1.6,150,194450
20240117,11:56:18,1.6,300,194450
20240117,11:56:44,1.6,550,194450
20240117,11:56:57,1.65,100,194000
20240117,11:57:02,1.6,250,194000
20240117,11:57:07,1.6,850,194000
20240117,11:57:13,1.6,50,194000
20240117,11:57:52,1.6,250,194000
20240117,11:58:18,1.6,550,194000
20240117,11:58:41,1.65,50,194000
20240117,11:59:31,1.6,250,194000
20240117,11:59:34,1.6,1600,194000
20240117,11:59:35,1.6,3650,194000
20240117,11:59:36,1.6,50,194000
20240117,11:59:38,1.6,100,194000
20240117,11:59:51,1.6,50,194000
20240117,12:00:33,1.6,100,199150
20240117,12:00:34,1.6,350,199150
20240117,12:01:01,1.6,500,199150
20240117,12:01:17,1.6,500,199150
20240117,12:01:19,1.55,250,199150
20240117,12:01:30,1.6,500,199150
20240117,12:01:32,1.55,500,199150
20240117,12:01:40,1.6,300,199150
20240117,12:01:42,1.6,300,199150
20240117,12:01:43,1.6,300,199150
20240117,12:01:45,1.6,300,199150
20240117,12:01:49,1.6,300,199150
20240117,12:01:51,1.6,300,199150
20240117,12:01:52,1.6,300,199150
20240117,12:01:57,1.6,50,199150
20240117,12:02:08,1.6,100,199150
20240117,12:02:31,1.6,3600,199150
20240117,12:02:33,1.6,600,199150
20240117,12:02:55,1.55,500,207200
20240117,12:03:24,1.6,1800,207200
20240117,12:03:28,1.55,700,207200
20240117,12:04:09,1.6,1800,207200
20240117,12:04:10,1.6,1800,207200
20240117,12:04:42,1.6,50,207200
20240117,12:05:12,1.6,50,207200
20240117,12:05:14,1.55,1550,207200
20240117,12:05:35,1.6,100,207200
20240117,12:05:48,1.55,250,207200
20240117,12:05:56,1.6,100,211850
20240117,12:05:57,1.55,300,211850
20240117,12:06:01,1.6,100,211850
20240117,12:06:09,1.55,750,211850
20240117,12:06:24,1.6,50,211850
20240117,12:06:28,1.55,1000,211850
20240117,12:06:45,1.6,200,211850
20240117,12:06:47,1.55,550,211850
20240117,12:06:51,1.55,1350,211850
20240117,12:07:03,1.6,1800,211850
20240117,12:07:04,1.55,550,211850
20240117,12:07:05,1.6,1800,211850
20240117,12:07:06,1.6,2300,211850
20240117,12:07:07,1.55,300,211850
20240117,12:07:12,1.55,150,211850
20240117,12:07:14,1.6,600,211850
20240117,12:07:14,1.55,250,211850
20240117,12:07:16,1.6,600,211850
20240117,12:07:18,1.6,600,211850
20240117,12:07:20,1.6,600,211850
20240117,12:07:21,1.6,600,211850
20240117,12:07:26,1.6,600,211850
20240117,12:07:28,1.55,250,211850
20240117,12:07:30,1.55,300,211850
20240117,12:07:32,1.5,600,211850
20240117,12:07:37,1.5,300,211850
20240117,12:07:40,1.5,300,211850
20240117,12:07:42,1.55,300,211850
20240117,12:07:55,1.55,50,211850
20240117,12:07:58,1.5,250,211850
20240117,12:08:03,1.55,250,211850
20240117,12:08:23,1.5,700,211850
20240117,12:08:24,1.5,300,211850
20240117,12:08:29,1.5,200,211850
20240117,12:08:31,1.55,1850,211850
20240117,12:08:35,1.5,100,211850
20240117,12:08:43,1.5,150,211850
20240117,12:08:44,1.55,50,211850
20240117,12:08:47,1.5,50,211850
20240117,12:08:59,1.5,250,223450
20240117,12:09:01,1.5,550,223450
20240117,12:09:04,1.5,1700,223450
20240117,12:09:06,1.5,1000,223450
20240117,12:09:55,1.45,1000,223450
20240117,12:09:56,1.5,2700,223450
20240117,12:10:05,1.45,1900,223450
20240117,12:10:06,1.5,1800,223450
20240117,12:10:11,1.45,50,223450
20240117,12:11:10,1.45,50,223450
20240117,12:11:40,1.45,200,223450
20240117,12:12:13,1.45,200,226550
20240117,12:12:54,1.5,50,226550
20240117,12:13:52,1.45,100,226550
20240117,12:14:03,1.5,1800,226550
20240117,12:14:04,1.5,100,226550
20240117,12:14:25,1.45,1800,226550
20240117,12:15:22,1.45,250,226550
20240117,12:15:38,1.45,50,228100
20240117,12:15:58,1.45,50,228100
20240117,12:16:25,1.45,50,228100
20240117,12:17:28,1.45,1800,228100
20240117,12:17:40,1.4,100,228100
20240117,12:17:59,1.4,50,229500
20240117,12:18:20,1.4,1800,229500
20240117,12:18:49,1.35,1800,229500
20240117,12:18:52,1.35,1800,229500
20240117,12:18:56,1.35,1800,229500
20240117,12:18:59,1.35,1200,229500
20240117,12:19:15,1.3,1800,229500
20240117,12:19:18,1.3,1800,229500
20240117,12:19:21,1.3,1800,229500
20240117,12:19:24,1.3,650,229500
20240117,12:19:49,1.25,1800,229500
20240117,12:19:53,1.25,1800,229500
20240117,12:19:54,1.3,150,229500
20240117,12:19:55,1.25,1800,229500
20240117,12:20:08,1.3,250,229500
20240117,12:20:20,1.25,1800,229500
20240117,12:20:45,1.3,1800,229500
20240117,12:21:23,1.25,150,229500
20240117,12:21:40,1.3,600,248600
20240117,12:21:49,1.3,200,248600
20240117,12:22:16,1.25,50,248600
20240117,12:22:20,1.3,150,248600
20240117,12:22:21,1.3,1800,248600
20240117,12:22:32,1.25,150,248600
20240117,12:22:51,1.25,350,248600
20240117,12:22:53,1.25,400,248600
20240117,12:23:03,1.25,50,248600
20240117,12:24:03,1.25,250,248800
20240117,12:24:05,1.25,250,248800
20240117,12:24:13,1.25,50,248800
20240117,12:25:03,1.25,150,248800
20240117,12:25:35,1.3,500,248800
20240117,12:25:43,1.3,500,248800
20240117,12:27:02,1.3,50,249150
20240117,12:27:10,1.25,100,249150
20240117,12:27:11,1.2,900,249150
20240117,12:27:12,1.2,50,249150
20240117,12:27:13,1.25,50,249150
20240117,12:27:14,1.25,50,249150
20240117,12:27:16,1.25,450,249150
20240117,12:27:17,1.25,950,249150
20240117,12:27:18,1.25,50,249150
20240117,12:27:22,1.25,250,249150
20240117,12:27:25,1.25,50,249150
20240117,12:27:26,1.25,50,249150
20240117,12:27:31,1.25,50,249150
20240117,12:27:41,1.25,50,249150
20240117,12:28:03,1.25,50,249150
20240117,12:28:30,1.25,50,249150
20240117,12:29:26,1.2,550,249150
20240117,12:31:24,1.2,1500,247050
20240117,12:31:27,1.25,50,247050
20240117,12:32:21,1.25,50,247050
20240117,12:32:27,1.25,300,247050
20240117,12:32:37,1.2,50,247050
20240117,12:32:50,1.25,50,247050
20240117,12:33:04,1.2,50,247050
20240117,12:33:24,1.25,50,247050
20240117,12:33:36,1.2,50,247050
20240117,12:33:53,1.25,150,247050
20240117,12:34:01,1.25,50,247050
20240117,12:34:09,1.25,50,247050
20240117,12:34:25,1.2,50,247050
20240117,12:34:40,1.25,1800,247050
20240117,12:36:52,1.2,250,247050
20240117,12:37:21,1.2,50,247150
20240117,12:38:17,1.2,1800,247150
20240117,12:38:42,1.25,300,247150
20240117,12:39:02,1.2,50,247450
20240117,12:39:12,1.2,50,247450
20240117,12:39:13,1.2,50,247450
20240117,12:39:15,1.2,850,247450
20240117,12:39:49,1.2,100,247450
20240117,12:41:26,1.15,100,247450
20240117,12:41:27,1.2,100,247450
20240117,12:41:28,1.2,550,247450
20240117,12:42:02,1.2,550,248600
20240117,12:42:04,1.2,250,248600
20240117,12:42:05,1.2,250,248600
20240117,12:42:08,1.2,250,248600
20240117,12:42:12,1.2,250,248600
20240117,12:42:14,1.2,300,248600
20240117,12:42:24,1.2,2200,248600
20240117,12:42:27,1.2,250,248600
20240117,12:42:32,1.2,750,248600
20240117,12:42:34,1.2,1800,248600
20240117,12:42:46,1.2,50,248600
20240117,12:43:06,1.2,550,248600
20240117,12:43:07,1.2,250,248600
20240117,12:43:08,1.2,300,248600
20240117,12:43:11,1.15,300,248600
20240117,12:43:20,1.2,1800,248600
20240117,12:43:24,1.2,250,248600
20240117,12:43:32,1.2,300,248600
20240117,12:43:38,1.2,1800,248600
20240117,12:43:42,1.2,250,248600
20240117,12:43:46,1.2,100,248600
20240117,12:43:56,1.2,300,248600
20240117,12:44:01,1.2,550,248600
20240117,12:44:47,1.2,1800,248600
20240117,12:44:49,1.2,1800,248600
20240117,12:44:59,1.15,50,245050
20240117,12:45:00,1.2,1800,245050
20240117,12:45:34,1.2,50,245050
20240117,12:45:39,1.2,7150,245050
20240117,12:45:51,1.25,50,245050
20240117,12:46:28,1.25,1800,245050
20240117,12:46:31,1.25,50,245050
20240117,12:46:51,1.2,4550,245050
20240117,12:47:07,1.2,250,245050
20240117,12:47:09,1.15,600,245050
20240117,12:47:11,1.2,50,245050
20240117,12:47:14,1.2,300,245050
20240117,12:47:15,1.2,300,245050
20240117,12:47:19,1.2,1050,245050
20240117,12:49:37,1.2,1000,244550
20240117,12:49:56,1.2,250,244550
20240117,12:49:57,1.15,150,244550
20240117,12:49:59,1.15,50,244550
20240117,12:50:13,1.15,100,244550
20240117,12:50:29,1.2,50,244550
20240117,12:50:54,1.2,300,244550
20240117,12:50:55,1.2,500,244550
20240117,12:51:17,1.2,200,244850
20240117,12:51:34,1.2,100,244850
20240117,12:51:41,1.2,150,244850
20240117,12:52:00,1.15,50,244850
20240117,12:52:17,1.15,50,244850
20240117,12:52:18,1.2,7000,244850
20240117,12:52:20,1.2,50,244850
20240117,12:52:20,1.2,5400,244850
20240117,12:52:21,1.2,3600,244850
20240117,12:52:38,1.15,300,244850
20240117,12:53:01,1.2,1250,244850
20240117,12:53:08,1.2,50,244850
20240117,12:53:11,1.2,150,244850
20240117,12:53:21,1.2,1200,244850
20240117,12:53:26,1.2,300,244850
20240117,12:53:39,1.15,200,244850
20240117,12:53:46,1.15,600,244850
20240117,12:54:02,1.2,300,244850
20240117,12:54:04,1.2,300,237450
20240117,12:54:05,1.2,300,237450
20240117,12:54:06,1.2,300,237450
20240117,12:54:07,1.2,300,237450
20240117,12:54:08,1.2,300,237450
20240117,12:54:09,1.2,300,237450
20240117,12:54:10,1.15,1800,237450
20240117,12:54:53,1.2,100,237450
20240117,12:55:00,1.15,600,237450
20240117,12:55:08,1.2,600,237450
20240117,12:55:11,1.15,600,237450
20240117,12:57:27,1.2,50,239150
20240117,12:58:05,1.2,1500,239150
20240117,12:58:14,1.2,600,239150
20240117,12:58:53,1.15,50,239150
20240117,12:59:28,1.15,1500,239150
20240117,12:59:41,1.2,50,239150
20240117,13:00:42,1.2,50,239400
20240117,13:00:51,1.15,100,239400
20240117,13:01:11,1.2,50,239400
20240117,13:01:45,1.15,600,239400
20240117,13:01:55,1.2,50,239400
20240117,13:03:16,1.2,100,239400
20240117,13:05:32,1.15,50,239400
20240117,13:05:53,1.2,50,239400
20240117,13:06:03,1.2,50,239400
20240117,13:06:09,1.15,100,239400
20240117,13:06:25,1.2,100,239400
20240117,13:06:31,1.2,100,239400
20240117,13:06:57,1.2,750,239400
20240117,13:07:31,1.15,50,239400
20240117,13:07:54,1.2,250,239400
20240117,13:08:18,1.2,500,239400
20240117,13:08:25,1.15,100,239400
20240117,13:08:39,1.2,100,239400
20240117,13:08:41,1.2,250,239400
20240117,13:10:39,1.15,50,239400
20240117,13:11:19,1.2,50,239400
20240117,13:12:18,1.15,50,239400
20240117,13:12:53,1.15,50,239400
20240117,13:14:19,1.15,50,239400
20240117,13:14:21,1.2,50,239400
20240117,13:14:34,1.2,50,239400
20240117,13:14:47,1.2,100,239400
20240117,13:14:59,1.2,50,239400
20240117,13:15:11,1.2,50,239400
20240117,13:15:21,1.15,50,239400
20240117,13:17:26,1.2,50,239400
20240117,13:17:38,1.2,50,239400
20240117,13:19:18,1.15,50,239400
20240117,13:19:26,1.2,50,239400
20240117,13:21:42,1.2,50,239400
20240117,13:27:09,1.15,50,239400
20240117,13:27:14,1.2,450,239400
20240117,13:27:53,1.2,50,239400
20240117,13:28:05,1.2,50,239400
20240117,13:29:40,1.2,200,239400
20240117,13:29:49,1.2,2500,239400
20240117,13:30:10,1.2,50,238950
20240117,13:31:17,1.2,50,238950
20240117,13:31:30,1.2,1800,238950
20240117,13:31:31,1.2,50,238950
20240117,13:31:46,1.15,50,238950
20240117,13:32:00,1.2,1000,238950
20240117,13:32:01,1.2,200,238950
20240117,13:32:02,1.2,50,238950
20240117,13:32:10,1.15,50,238950
20240117,13:33:05,1.2,50,238900
20240117,13:35:02,1.15,250,238900
20240117,13:35:35,1.2,50,238900
20240117,13:36:27,1.15,50,238900
20240117,13:36:28,1.2,50,239000
20240117,13:36:33,1.2,50,239000
20240117,13:36:57,1.2,2000,239000
20240117,13:37:12,1.2,50,239000
20240117,13:37:44,1.2,50,239000
20240117,13:37:54,1.15,50,239000
20240117,13:38:28,1.15,50,239000
20240117,13:38:30,1.2,1800,239000
20240117,13:38:30,1.2,9000,239000
20240117,13:38:31,1.2,1850,239000
20240117,13:38:38,1.25,50,239000
20240117,13:38:39,1.25,50,239000
20240117,13:38:43,1.2,50,239000
20240117,13:38:53,1.2,50,239000
20240117,13:39:02,1.2,150,239000
20240117,13:39:07,1.25,1800,244050
20240117,13:39:08,1.25,1800,244050
20240117,13:39:09,1.25,4800,244050
20240117,13:39:10,1.25,1800,244050
20240117,13:39:17,1.25,150,244050
20240117,13:39:24,1.25,150,244050
20240117,13:39:33,1.3,1800,244050
20240117,13:39:35,1.3,1800,244050
20240117,13:39:37,1.3,1800,244050
20240117,13:39:38,1.3,1800,244050
20240117,13:39:40,1.3,1800,244050
20240117,13:39:44,1.3,50,244050
20240117,13:39:45,1.35,50,244050
20240117,13:39:49,1.25,150,244050
20240117,13:39:52,1.25,150,244050
20240117,13:39:57,1.25,300,244050
20240117,13:40:04,1.25,350,244050
20240117,13:40:06,1.25,350,244050
20240117,13:40:07,1.25,1800,244050
20240117,13:40:07,1.25,7200,244050
20240117,13:40:08,1.25,7200,244050
20240117,13:40:11,1.25,350,244050
20240117,13:40:13,1.25,300,244050
20240117,13:40:17,1.25,350,244050
20240117,13:40:22,1.25,450,244050
20240117,13:40:33,1.3,50,244050
20240117,13:40:37,1.2,50,244050
20240117,13:41:29,1.3,200,244050
20240117,13:41:32,1.25,50,244050
20240117,13:41:34,1.25,200,244050
20240117,13:41:35,1.25,50,244050
20240117,13:41:36,1.25,50,244050
20240117,13:41:37,1.25,50,244050
20240117,13:41:42,1.25,50,244050
20240117,13:41:47,1.25,50,244050
20240117,13:41:49,1.25,50,244050
20240117,13:41:52,1.25,50,244050
20240117,13:41:59,1.25,50,244050
20240117,13:42:00,1.25,1800,244050
20240117,13:42:19,1.2,50,244050
20240117,13:42:24,1.25,250,244350
20240117,13:42:25,1.25,300,244350
20240117,13:42:27,1.25,550,244350
20240117,13:42:31,1.25,300,244350
20240117,13:42:32,1.25,250,244350
20240117,13:42:33,1.25,550,244350
20240117,13:42:39,1.25,1800,244350
20240117,13:42:41,1.25,1800,244350
20240117,13:42:43,1.3,50,244350
20240117,13:42:44,1.3,50,244350
20240117,13:42:47,1.25,50,244350
20240117,13:42:51,1.3,50,244350
20240117,13:43:02,1.3,100,244350
20240117,13:43:03,1.25,50,244350
20240117,13:44:03,1.25,250,244350
20240117,13:44:07,1.25,350,244350
20240117,13:44:11,1.3,100,244350
20240117,13:44:13,1.25,1950,244350
20240117,13:44:14,1.25,1800,244350
20240117,13:44:15,1.25,300,244350
20240117,13:44:16,1.25,1800,244350
20240117,13:44:17,1.25,1800,244350
20240117,13:44:26,1.25,300,244350
20240117,13:44:29,1.25,250,244350
20240117,13:44:59,1.3,50,244350
20240117,13:45:40,1.25,550,244350
20240117,13:45:45,1.25,250,241600
20240117,13:45:52,1.3,50,241600
20240117,13:46:05,1.25,700,241600
20240117,13:46:06,1.25,1800,241600
20240117,13:46:08,1.25,1800,241600
20240117,13:46:10,1.25,1400,241600
20240117,13:46:33,1.25,50,241600
20240117,13:47:05,1.25,50,241600
20240117,13:47:41,1.25,50,241600
20240117,13:50:06,1.2,50,239350
20240117,13:50:20,1.25,50,239350
20240117,13:50:41,1.25,50,239350
20240117,13:51:29,1.2,2500,239300
20240117,13:51:40,1.25,50,239300
20240117,13:51:48,1.2,50,239300
20240117,13:52:25,1.2,250,239300
20240117,13:52:31,1.25,100,239300
20240117,13:52:58,1.25,50,239300
20240117,13:53:48,1.25,50,239300
20240117,13:54:20,1.25,50,239300
20240117,13:54:21,1.25,1800,239300
20240117,13:54:51,1.2,500,239300
20240117,13:55:31,1.2,1800,239300
20240117,13:55:32,1.2,1800,239300
20240117,13:56:27,1.15,100,239300
20240117,13:57:43,1.2,50,238850
20240117,13:57:50,1.2,1000,238850
20240117,13:58:21,1.2,50,238850
20240117,13:59:02,1.2,50,238850
20240117,13:59:11,1.15,1800,238850
20240117,13:59:41,1.2,50,238850
20240117,13:59:48,1.2,150,238850
20240117,14:00:01,1.2,5000,238850
20240117,14:00:07,1.15,50,238850
20240117,14:00:42,1.2,50,238850
20240117,14:01:27,1.15,50,238400
20240117,14:01:36,1.15,50,238400
20240117,14:01:42,1.15,50,238400
20240117,14:01:46,1.2,450,238400
20240117,14:01:51,1.15,50,238400
20240117,14:01:54,1.2,400,238400
20240117,14:02:08,1.2,50,238400
20240117,14:02:41,1.2,100,238400
20240117,14:04:26,1.15,50,238450
20240117,14:04:31,1.2,1000,238450
20240117,14:04:37,1.15,150,238450
20240117,14:05:31,1.2,250,238450
20240117,14:05:55,1.2,1800,238450
20240117,14:06:28,1.2,1800,238550
20240117,14:07:09,1.15,1600,238550
20240117,14:07:30,1.15,600,238550
20240117,14:07:35,1.2,600,238550
20240117,14:07:39,1.2,300,238550
20240117,14:07:40,1.2,50,238550
20240117,14:07:43,1.2,600,238550
20240117,14:07:45,1.2,600,238550
20240117,14:07:47,1.2,600,238550
20240117,14:07:49,1.2,600,238550
20240117,14:07:53,1.15,600,238550
20240117,14:08:12,1.15,50,238550
20240117,14:08:41,1.15,100,238550
20240117,14:09:25,1.2,250,238550
20240117,14:09:29,1.15,50,238550
20240117,14:09:54,1.2,50,238550
20240117,14:10:11,1.2,50,238550
20240117,14:10:25,1.15,50,238550
20240117,14:10:39,1.2,50,238550
20240117,14:12:10,1.2,1750,238550
20240117,14:12:11,1.2,12150,239050
20240117,14:12:18,1.2,300,239050
20240117,14:12:19,1.2,50,239050
20240117,14:12:21,1.2,100,239050
20240117,14:12:32,1.2,100,239050
20240117,14:12:44,1.25,1700,239050
20240117,14:12:51,1.2,100,239050
20240117,14:12:53,1.2,300,239050
20240117,14:12:54,1.2,50,239050
20240117,14:13:02,1.2,850,239050
20240117,14:13:33,1.2,2000,239050
20240117,14:13:33,1.25,3500,239050
20240117,14:13:34,1.25,10500,239050
20240117,14:13:35,1.25,5500,239050
20240117,14:14:10,1.25,50,239050
20240117,14:14:20,1.2,50,239050
20240117,14:14:42,1.2,200,239050
20240117,14:14:49,1.25,8750,239050
20240117,14:14:50,1.25,8350,239050
20240117,14:14:51,1.25,500,239050
20240117,14:14:52,1.25,300,239050
20240117,14:14:54,1.25,50,239050
20240117,14:14:57,1.25,50,239050
20240117,14:14:59,1.25,50,239050
20240117,14:15:03,1.25,650,239050
20240117,14:15:13,1.25,600,239050
20240117,14:15:24,1.25,600,285250
20240117,14:15:41,1.25,2350,285250
20240117,14:15:41,1.3,1750,285250
20240117,14:15:42,1.3,8850,285250
20240117,14:15:43,1.3,50,285250
20240117,14:15:44,1.3,50,285250
20240117,14:15:46,1.3,100,285250
20240117,14:15:49,1.3,50,285250
20240117,14:15:54,1.3,650,285250
20240117,14:15:54,1.3,50,285250
20240117,14:15:56,1.3,250,285250
20240117,14:15:58,1.3,50,285250
20240117,14:16:00,1.3,2500,285250
20240117,14:16:01,1.3,50,285250
20240117,14:16:07,1.3,1800,285250
20240117,14:16:12,1.3,1200,285250
20240117,14:16:15,1.3,50,285250
20240117,14:16:17,1.3,100,285250
20240117,14:16:28,1.3,250,285250
20240117,14:16:38,1.3,1800,285250
20240117,14:16:39,1.3,700,285250
20240117,14:16:56,1.3,1800,285250
20240117,14:17:12,1.3,850,285250
20240117,14:17:26,1.25,50,285250
20240117,14:18:00,1.25,50,285250
20240117,14:18:03,1.3,100,285250
20240117,14:18:18,1.3,50,302300
20240117,14:18:25,1.25,600,302300
20240117,14:18:29,1.25,500,302300
20240117,14:19:03,1.25,1800,302300
20240117,14:19:11,1.25,500,302300
20240117,14:19:30,1.25,500,302300
20240117,14:19:39,1.25,200,302300
20240117,14:20:38,1.3,2050,302300
20240117,14:20:45,1.25,1800,302300
20240117,14:20:49,1.3,1800,302300
20240117,14:21:30,1.25,50,303650
20240117,14:22:21,1.25,450,303650
20240117,14:23:31,1.25,50,303650
20240117,14:23:33,1.25,50,303650
20240117,14:23:44,1.25,50,303650
20240117,14:23:45,1.25,50,303650
20240117,14:23:47,1.25,100,303650
20240117,14:23:49,1.25,200,303650
20240117,14:24:10,1.25,500,303650
20240117,14:24:13,1.25,150,303650
20240117,14:24:22,1.3,400,303400
20240117,14:24:48,1.25,50,303400
20240117,14:24:56,1.25,2450,303400
20240117,14:24:59,1.25,4400,303400
20240117,14:25:05,1.25,250,303400
20240117,14:25:32,1.2,2100,303400
20240117,14:25:32,1.2,200,303400
20240117,14:25:38,1.2,900,303400
20240117,14:25:39,1.2,900,303400
20240117,14:25:40,1.2,9000,303400
20240117,14:25:42,1.2,8100,303400
20240117,14:25:42,1.2,300,303400
20240117,14:25:57,1.15,1650,303400
20240117,14:25:58,1.15,650,303400
20240117,14:25:59,1.15,9000,303400
20240117,14:26:04,1.15,450,303400
20240117,14:26:07,1.15,450,303400
20240117,14:26:13,1.1,1150,303400
20240117,14:26:14,1.1,500,303400
20240117,14:26:15,1.15,50,303400
20240117,14:26:18,1.1,450,303400
20240117,14:26:20,1.1,450,303400
20240117,14:26:20,1.15,250,303400
20240117,14:26:22,1.1,450,303400
20240117,14:26:24,1.1,1800,303400
20240117,14:26:26,1.1,350,303400
20240117,14:26:27,1.15,2250,303400
20240117,14:26:29,1.15,4400,303400
20240117,14:26:31,1.1,1900,303400
20240117,14:26:32,1.1,450,303400
20240117,14:26:37,1.1,450,303400
20240117,14:26:38,1.15,1800,303400
20240117,14:26:42,1.1,100,303400
20240117,14:26:46,1.1,750,303400
20240117,14:26:48,1.1,450,303400
20240117,14:26:49,1.1,1700,303400
20240117,14:26:50,1.1,450,303400
20240117,14:26:52,1.1,650,303400
20240117,14:26:53,1.1,450,303400
20240117,14:26:55,1.1,450,303400
20240117,14:26:58,1.1,450,303400
20240117,14:27:00,1.05,1350,303400
20240117,14:27:03,1.05,450,303400
20240117,14:27:04,1.1,1750,303400
20240117,14:27:05,1.1,900,303400
20240117,14:27:08,1.1,100,303400
20240117,14:27:10,1.1,150,303400
20240117,14:27:10,1.1,450,303400
20240117,14:27:11,1.1,100,303400
20240117,14:27:15,1.1,450,303400
20240117,14:27:20,1.1,450,267200
20240117,14:27:25,1.1,150,267200
20240117,14:27:27,1.1,1800,267200
20240117,14:27:44,1.1,50,267200
20240117,14:27:57,1.15,1800,267200
20240117,14:27:58,1.1,200,267200
20240117,14:27:59,1.15,1800,267200
20240117,14:28:00,1.15,1800,267200
20240117,14:28:02,1.15,1250,267200
20240117,14:28:03,1.1,650,267200
20240117,14:28:04,1.15,1800,267200
20240117,14:28:12,1.15,800,267200
20240117,14:28:23,1.15,550,267200
20240117,14:28:27,1.15,1800,267200
20240117,14:28:30,1.2,1800,267200
20240117,14:28:34,1.2,1800,267200
20240117,14:28:35,1.2,12750,267200
20240117,14:28:46,1.25,150,267200
20240117,14:28:47,1.25,50,267200
20240117,14:28:55,1.25,450,267200
20240117,14:28:56,1.25,1650,267200
20240117,14:28:57,1.25,1800,267200
20240117,14:28:59,1.25,150,267200
20240117,14:29:00,1.25,450,267200
20240117,14:29:04,1.25,750,267200
20240117,14:29:06,1.25,1800,267200
20240117,14:29:09,1.25,1800,267200
20240117,14:29:10,1.25,300,267200
20240117,14:29:11,1.25,2050,267200
20240117,14:29:12,1.3,450,267200
20240117,14:29:13,1.25,650,267200
20240117,14:29:17,1.3,3450,267200
20240117,14:29:21,1.3,1300,267200
20240117,14:29:25,1.3,450,267200
20240117,14:29:26,1.3,450,267200
20240117,14:29:28,1.3,450,267200
20240117,14:29:31,1.3,750,267200
20240117,14:29:34,1.3,150,267200
20240117,14:29:37,1.3,450,267200
20240117,14:29:40,1.3,450,267200
20240117,14:29:42,1.3,450,267200
20240117,14:29:47,1.3,300,267200
20240117,14:29:48,1.3,300,267200
20240117,14:29:56,1.3,150,267200
20240117,14:30:02,1.3,2650,267200
20240117,14:30:03,1.3,5250,267200
20240117,14:30:04,1.35,11250,267200
20240117,14:30:06,1.4,1850,267200
20240117,14:30:07,1.35,50,267200
20240117,14:30:09,1.4,450,267200
20240117,14:30:10,1.4,1800,267200
20240117,14:30:11,1.4,1800,267200
20240117,14:30:13,1.4,150,267200
20240117,14:30:18,1.4,450,310700
20240117,14:30:22,1.4,250,310700
20240117,14:30:24,1.4,450,310700
20240117,14:30:32,1.4,300,310700
20240117,14:30:39,1.35,250,310700
20240117,14:30:40,1.4,100,310700
20240117,14:30:42,1.35,500,310700
20240117,14:30:43,1.35,2850,310700
20240117,14:31:00,1.4,1750,310700
20240117,14:31:01,1.4,550,310700
20240117,14:31:07,1.4,250,310700
20240117,14:31:17,1.4,300,310700
20240117,14:31:17,1.4,900,310700
20240117,14:31:48,1.45,50,310700
20240117,14:32:35,1.45,600,310700
20240117,14:32:37,1.45,600,310700
20240117,14:32:39,1.45,600,310700
20240117,14:32:41,1.45,550,310700
20240117,14:32:43,1.45,50,310700
20240117,14:32:54,1.5,300,310700
20240117,14:32:59,1.5,300,310700
20240117,14:33:04,1.5,600,310700
20240117,14:33:08,1.4,600,310700
20240117,14:33:12,1.4,300,310700
20240117,14:33:16,1.45,300,321600
20240117,14:33:17,1.4,1500,321600
20240117,14:33:22,1.45,200,321600
20240117,14:33:35,1.4,200,321600
20240117,14:33:37,1.4,50,321600
20240117,14:33:44,1.45,1600,321600
20240117,14:33:45,1.5,3300,321600
20240117,14:33:48,1.5,50,321600
20240117,14:34:04,1.45,1000,321600
20240117,14:34:40,1.45,1800,321600
20240117,14:34:57,1.45,50,321600
20240117,14:35:05,1.45,550,321600
20240117,14:35:29,1.45,350,321600
20240117,14:35:59,1.45,1800,321600
20240117,14:36:07,1.5,50,321600
20240117,14:36:11,1.45,1200,321600
20240117,14:36:27,1.45,1800,326400
20240117,14:36:32,1.55,50,326400
20240117,14:36:34,1.45,250,326400
20240117,14:36:35,1.45,1200,326400
20240117,14:36:37,1.45,900,326400
20240117,14:36:39,1.5,50,326400
20240117,14:36:40,1.45,50,326400
20240117,14:36:54,1.45,50,326400
20240117,14:36:56,1.45,600,326400
20240117,14:38:01,1.5,500,326400
20240117,14:38:20,1.45,100,326400
20240117,14:38:33,1.45,100,326400
20240117,14:38:38,1.45,300,326400
20240117,14:39:04,1.45,50,326400
20240117,14:39:11,1.5,50,326400
20240117,14:39:14,1.5,250,326400
20240117,14:39:17,1.5,500,322350
20240117,14:39:31,1.45,200,322350
20240117,14:39:41,1.45,250,322350
20240117,14:39:54,1.5,250,322350
20240117,14:40:03,1.5,2800,322350
20240117,14:40:33,1.55,1000,322350
20240117,14:40:43,1.5,1000,322350
20240117,14:40:50,1.5,100,322350
20240117,14:40:53,1.55,3000,322350
20240117,14:40:57,1.6,1500,322350
20240117,14:40:58,1.5,3000,322350
20240117,14:41:02,1.5,550,322350
20240117,14:41:04,1.55,50,322350
20240117,14:41:08,1.55,1550,322350
20240117,14:41:12,1.55,250,322350
20240117,14:41:12,1.55,400,322350
20240117,14:41:15,1.55,1500,322350
20240117,14:41:24,1.55,100,322350
20240117,14:41:25,1.55,650,322350
20240117,14:41:30,1.55,250,322350
20240117,14:41:34,1.55,50,322350
20240117,14:41:39,1.55,500,322350
20240117,14:41:55,1.55,1250,322350
20240117,14:41:59,1.55,300,322350
20240117,14:42:03,1.6,200,322350
20240117,14:42:09,1.55,50,322350
20240117,14:42:51,1.55,50,322350
20240117,14:42:53,1.55,50,326850
20240117,14:42:58,1.6,1800,326850
20240117,14:43:02,1.6,550,326850
20240117,14:43:16,1.55,50,326850
20240117,14:43:18,1.55,100,326850
20240117,14:43:30,1.55,50,326850
20240117,14:43:37,1.6,500,326850
20240117,14:43:47,1.55,50,326850
20240117,14:43:48,1.55,50,326850
20240117,14:43:50,1.55,50,326850
20240117,14:43:57,1.6,900,326850
20240117,14:43:59,1.6,50,326850
20240117,14:44:21,1.6,300,326850
20240117,14:44:32,1.55,7150,326850
20240117,14:44:39,1.55,100,326850
20240117,14:44:45,1.55,50,326850
20240117,14:44:50,1.55,50,326850
20240117,14:44:51,1.5,100,326850
20240117,14:44:53,1.5,100,326850
20240117,14:44:55,1.55,100,326850
20240117,14:44:58,1.5,50,326850
20240117,14:44:59,1.55,50,326850
20240117,14:45:00,1.55,50,326850
20240117,14:45:13,1.55,350,326850
20240117,14:45:14,1.55,50,326850
20240117,14:45:27,1.55,50,317700
20240117,14:45:41,1.55,50,317700
20240117,14:45:51,1.5,50,317700
20240117,14:46:22,1.55,1800,317700
20240117,14:46:26,1.55,1000,317700
20240117,14:46:46,1.5,50,317700
20240117,14:46:54,1.5,450,317700
20240117,14:47:29,1.55,50,317700
20240117,14:47:30,1.5,650,317700
20240117,14:47:46,1.5,1800,317700
20240117,14:48:09,1.5,1300,317700
20240117,14:48:34,1.5,650,317300
20240117,14:48:35,1.5,100,317300
20240117,14:48:38,1.55,1750,317300
20240117,14:48:38,1.5,250,317300
20240117,14:49:03,1.5,900,317300
20240117,14:49:05,1.5,900,317300
20240117,14:49:07,1.5,900,317300
20240117,14:49:09,1.5,50,317300
20240117,14:49:10,1.5,50,317300
20240117,14:49:11,1.5,50,317300
20240117,14:49:13,1.5,50,317300
20240117,14:49:14,1.5,50,317300
20240117,14:49:15,1.5,2400,317300
20240117,14:49:20,1.5,1800,317300
20240117,14:49:27,1.5,1800,317300
20240117,14:49:31,1.5,2300,317300
20240117,14:49:32,1.5,2250,317300
20240117,14:49:37,1.45,50,317300
20240117,14:49:38,1.45,50,317300
20240117,14:49:39,1.45,50,317300
20240117,14:49:40,1.45,1750,317300
20240117,14:49:41,1.45,50,317300
20240117,14:49:43,1.45,50,317300
20240117,14:49:45,1.45,50,317300
20240117,14:49:46,1.45,50,317300
20240117,14:49:53,1.45,100,317300
20240117,14:49:57,1.45,300,317300
20240117,14:49:59,1.45,300,317300
20240117,14:50:03,1.45,900,317300
20240117,14:50:05,1.45,900,317300
20240117,14:50:07,1.45,500,317300
20240117,14:50:11,1.45,1000,317300
20240117,14:50:12,1.45,500,317300
20240117,14:50:18,1.45,200,317300
20240117,14:50:20,1.45,1500,317300
20240117,14:50:24,1.45,1200,317300
20240117,14:50:27,1.45,200,317300
20240117,14:50:28,1.45,1800,317300
20240117,14:50:29,1.45,500,317300
20240117,14:50:36,1.4,50,317300
20240117,14:50:40,1.4,50,317300
20240117,14:50:43,1.4,50,317300
20240117,14:50:45,1.4,50,317300
20240117,14:50:46,1.4,50,317300
20240117,14:50:47,1.4,50,317300
20240117,14:50:48,1.45,1600,317300
20240117,14:50:49,1.4,100,317300
20240117,14:50:55,1.45,50,317300
20240117,14:51:11,1.4,1800,317300
20240117,14:51:13,1.4,1700,317300
20240117,14:51:18,1.4,50,317300
20240117,14:51:21,1.4,50,319800
20240117,14:51:28,1.35,300,319800
20240117,14:51:31,1.35,50,319800
20240117,14:51:35,1.35,500,319800
20240117,14:51:39,1.35,550,319800
20240117,14:51:58,1.35,50,319800
20240117,14:51:59,1.3,1800,319800
20240117,14:52:02,1.3,600,319800
20240117,14:52:04,1.25,1800,319800
20240117,14:52:12,1.3,800,319800
20240117,14:52:14,1.25,50,319800
20240117,14:52:18,1.25,100,319800
20240117,14:52:22,1.3,50,319800
20240117,14:52:25,1.25,250,319800
20240117,14:52:29,1.25,1850,319800
20240117,14:52:30,1.25,500,319800
20240117,14:52:33,1.25,1800,319800
20240117,14:52:51,1.25,750,319800
20240117,14:52:55,1.25,900,319800
20240117,14:53:06,1.2,600,319800
20240117,14:53:07,1.25,50,319800
20240117,14:53:15,1.25,100,319800
20240117,14:53:33,1.2,150,319800
20240117,14:53:36,1.25,900,319800
20240117,14:53:46,1.25,50,319800
20240117,14:53:48,1.2,100,319800
20240117,14:53:50,1.2,50,319800
20240117,14:53:53,1.25,900,319800
20240117,14:54:10,1.25,50,319800
20240117,14:54:20,1.2,1000,319800
20240117,14:54:32,1.25,500,328100
20240117,14:54:41,1.25,50,328100
20240117,14:54:43,1.2,100,328100
20240117,14:54:50,1.25,50,328100
20240117,14:54:52,1.25,1000,328100
20240117,14:54:56,1.25,50,328100
20240117,14:54:57,1.25,250,328100
20240117,14:55:02,1.25,250,328100
20240117,14:55:26,1.2,100,328100
20240117,14:55:27,1.25,50,328100
20240117,14:55:31,1.25,100,328100
20240117,14:55:33,1.25,50,328100
20240117,14:55:35,1.2,5550,328100
20240117,14:55:49,1.2,250,328100
20240117,14:55:55,1.15,50,328100
20240117,14:55:57,1.15,50,328100
20240117,14:55:59,1.2,50,328100
20240117,14:56:01,1.2,200,328100
20240117,14:56:04,1.2,650,328100
20240117,14:56:05,1.25,200,328100
20240117,14:56:20,1.25,100,328100
20240117,14:56:21,1.25,200,328100
20240117,14:56:31,1.25,200,328100
20240117,14:56:33,1.25,200,328100
20240117,14:56:33,1.25,50,328100
20240117,14:56:41,1.25,200,328100
20240117,14:56:44,1.2,250,328100
20240117,14:56:45,1.25,50,328100
20240117,14:56:50,1.25,50,328100
20240117,14:57:24,1.25,150,333950
20240117,14:57:35,1.25,400,333950
20240117,14:57:43,1.2,500,333950
20240117,14:58:00,1.25,1800,333950
20240117,14:58:05,1.3,250,333950
20240117,14:58:15,1.25,150,333950
20240117,14:58:16,1.25,500,333950
20240117,14:58:48,1.3,200,333950
20240117,14:58:51,1.3,100,333950
20240117,14:58:52,1.3,1500,333950
20240117,14:58:53,1.3,100,333950
20240117,14:58:54,1.3,50,333950
20240117,14:58:59,1.3,50,333950
20240117,14:59:04,1.3,500,333950
20240117,14:59:11,1.35,150,333950
20240117,14:59:33,1.3,250,333950
