date,time,tick_price,volume,open_interest
20240201,12:13:52,2.35,150,150
20240201,12:24:14,2.55,650,150
20240201,12:24:23,2.35,100,150
20240201,12:24:31,2.35,250,150
20240201,12:31:15,2.4,50,1150
20240201,12:32:31,2.4,50,1150
20240201,12:32:41,2.45,50,1150
20240201,12:33:34,2.45,50,1300
20240201,12:40:58,2.3,50,1350
20240201,12:46:38,2.2,50,1400
20240201,12:48:22,2.1,300,1350
20240201,12:48:41,2.1,100,1350
20240201,12:48:59,2.1,100,1350
20240201,12:49:59,2.1,50,1350
20240201,12:50:29,2.05,100,1350
20240201,12:56:37,2.05,50,800
20240201,12:56:46,2.15,150,800
20240201,12:57:03,2.15,100,1100
20240201,12:58:26,2.2,100,1100
20240201,12:58:35,2.2,100,1100
20240201,12:58:53,2.25,150,1100
20240201,13:01:22,2.2,50,1450
20240201,13:03:37,2.15,100,1400
20240201,13:06:46,2.05,100,1300
20240201,13:22:37,2.0,100,1200
20240201,13:23:45,2.2,50,1200
20240201,13:29:11,2.0,100,1150
20240201,13:29:19,1.95,50,1150
20240201,13:41:29,1.95,50,1000
20240201,13:46:32,2.1,150,950
20240201,13:47:37,2.0,50,950
20240201,13:49:23,2.15,200,1050
20240201,13:49:44,2.15,50,1050
20240201,13:49:58,1.95,50,1050
20240201,13:53:54,1.95,250,1250
20240201,13:55:00,1.9,50,1000
20240201,13:59:04,1.9,100,950
20240201,14:00:05,1.9,50,950
20240201,14:07:53,1.9,50,900
20240201,14:09:34,1.9,200,850
20240201,14:10:01,1.9,50,850
20240201,14:11:00,1.85,100,850
20240201,14:14:03,1.85,300,950
20240201,14:14:11,2.0,200,950
20240201,14:29:37,1.9,150,1000
20240201,14:39:52,2.25,300,1000
20240201,14:40:00,1.85,150,1000
20240201,14:55:49,1.95,50,1300
20240201,14:57:40,2.0,150,1350
20240201,14:57:46,1.8,200,1350
20240201,14:58:48,1.8,50,1350
20240201,15:05:09,2.1,300,1450
20240201,15:05:17,1.9,300,1450
20240201,15:08:18,1.9,50,1750
20240201,15:09:11,1.9,150,1750
20240201,15:11:25,1.85,150,1850
20240201,15:13:17,1.85,200,2000
20240201,15:14:15,1.85,300,2000
20240201,15:18:18,1.8,50,2500
20240201,15:20:22,1.75,50,2500
20240201,15:20:43,1.7,150,2500
20240201,15:23:19,1.7,350,2550
20240201,15:23:58,1.55,250,2550
20240201,15:25:38,1.55,950,2550
20240201,15:25:44,1.9,1000,2550
20240201,15:26:48,1.9,250,2550
20240201,15:28:05,1.9,500,4750
20240201,15:29:07,1.85,500,4750
20240201,15:29:37,1.9,300,4750
20240201,15:29:44,1.9,2000,4750
20240201,15:29:52,1.9,950,4750
20240202,09:15:05,1.9,1,6550
20240202,09:15:05,1.9,100,6550
20240202,09:15:06,1.9,50,6550
20240202,09:15:07,1.95,50,6550
20240202,09:15:12,1.95,50,6550
20240202,09:15:14,1.75,100,6550
20240202,09:15:15,1.75,350,6550
20240202,09:15:18,1.7,50,6550
20240202,09:15:25,1.7,200,6550
20240202,09:15:26,1.7,300,6550
20240202,09:15:43,1.65,400,6550
20240202,09:15:45,1.65,500,6550
20240202,09:15:46,1.65,50,6550
20240202,09:16:12,1.6,550,6550
20240202,09:16:13,1.6,100,6550
20240202,09:16:47,1.6,50,6550
20240202,09:16:48,1.6,700,6550
20240202,09:16:50,1.6,300,6550
20240202,09:16:55,1.55,50,6550
20240202,09:17:22,1.55,50,6900
20240202,09:17:25,1.55,1350,6900
20240202,09:17:44,1.65,600,6900
20240202,09:17:50,1.65,150,6900
20240202,09:18:01,1.6,50,6900
20240202,09:18:43,1.6,400,6900
20240202,09:19:26,1.65,500,6900
20240202,09:19:45,1.65,50,6900
20240202,09:19:50,1.6,50,6900
20240202,09:20:12,1.6,350,6900
20240202,09:20:29,1.6,200,6900
20240202,09:20:46,1.6,100,7750
20240202,09:21:19,1.6,400,7750
20240202,09:21:31,1.55,200,7750
20240202,09:22:01,1.55,100,7750
20240202,09:22:04,1.5,50,7750
20240202,09:22:11,1.5,200,7750
20240202,09:23:30,1.6,100,8100
20240202,09:25:51,1.6,500,8100
20240202,09:25:53,1.6,500,8100
20240202,09:27:22,1.6,50,8100
20240202,09:29:17,1.6,300,7750
20240202,09:29:37,1.6,100,7750
20240202,09:31:03,1.6,100,7750
20240202,09:31:43,1.6,50,7750
20240202,09:32:01,1.6,300,7750
20240202,09:32:37,1.55,500,7750
20240202,09:33:44,1.55,100,7250
20240202,09:34:43,1.55,750,7250
20240202,09:35:12,1.55,300,7250
20240202,09:35:13,1.6,1500,7250
20240202,09:35:14,1.65,50,7250
20240202,09:35:27,1.65,100,7250
20240202,09:37:33,1.6,500,8950
20240202,09:39:36,1.65,100,8950
20240202,09:40:40,1.65,1800,8800
20240202,09:40:48,1.65,150,8800
20240202,09:40:49,1.65,50,8800
20240202,09:40:50,1.7,2650,8800
20240202,09:40:51,1.7,50,8800
20240202,09:41:13,1.7,50,8800
20240202,09:42:06,1.75,2200,10800
20240202,09:42:07,1.8,2050,10800
20240202,09:42:19,1.75,1900,10800
20240202,09:42:28,1.8,100,10800
20240202,09:43:10,1.75,250,10800
20240202,09:43:23,1.8,850,10800
20240202,09:43:33,1.8,1900,10800
20240202,09:43:54,1.8,1800,10800
20240202,09:43:55,1.8,200,10800
20240202,09:44:25,1.8,50,15100
20240202,09:44:38,1.8,1800,15100
20240202,09:44:54,1.8,50,15100
20240202,09:45:07,1.85,4100,15100
20240202,09:45:14,1.85,50,15100
20240202,09:45:19,1.85,50,15100
20240202,09:45:46,1.85,50,15100
20240202,09:45:54,1.8,700,15100
20240202,09:46:20,1.85,50,15100
20240202,09:46:43,1.8,100,15100
20240202,09:47:34,1.75,50,15100
20240202,09:47:53,1.75,250,20400
20240202,09:47:58,1.75,1750,20400
20240202,09:48:48,1.75,50,20400
20240202,09:49:12,1.7,500,20400
20240202,09:49:37,1.7,1900,20400
20240202,09:50:06,1.7,1500,20400
20240202,09:51:11,1.75,1800,20150
20240202,09:52:20,1.75,1800,20150
20240202,09:52:21,1.8,1750,20150
20240202,09:53:29,1.8,600,20150
20240202,09:55:03,1.8,1800,25250
20240202,09:55:04,1.85,1800,25250
20240202,09:55:40,1.75,300,25250
20240202,09:56:44,1.75,500,25250
20240202,09:56:50,1.75,150,28700
20240202,09:56:54,1.7,1800,28700
20240202,09:56:55,1.7,700,28700
20240202,09:57:04,1.75,100,28700
20240202,09:57:06,1.75,300,28700
20240202,09:57:11,1.7,2800,28700
20240202,09:57:25,1.7,50,28700
20240202,09:59:47,1.65,500,30100
20240202,10:01:06,1.7,250,30100
20240202,10:02:08,1.7,250,30100
20240202,10:02:46,1.75,1800,30000
20240202,10:04:06,1.75,100,30000
20240202,10:04:11,1.7,1900,30000
20240202,10:04:35,1.65,1350,30000
20240202,10:10:49,1.6,300,31000
20240202,10:13:37,1.6,600,30700
20240202,10:14:40,1.6,1100,30700
20240202,10:17:39,1.6,800,30900
20240202,10:17:40,1.6,50,30900
20240202,10:19:13,1.6,500,30900
20240202,10:19:18,1.6,100,30900
20240202,10:19:52,1.6,50,30900
20240202,10:20:26,1.6,150,30900
20240202,10:26:41,1.55,50,31050
20240202,10:27:02,1.55,50,31050
20240202,10:27:56,1.55,50,31050
20240202,10:28:49,1.55,400,31050
20240202,10:29:38,1.55,700,31050
20240202,10:29:46,1.55,300,30850
20240202,10:29:50,1.55,50,30850
20240202,10:29:59,1.55,300,30850
20240202,10:31:07,1.6,50,30850
20240202,10:31:11,1.5,50,30850
20240202,10:31:42,1.55,300,30850
20240202,10:41:14,1.5,50,30850
20240202,10:41:40,1.6,50,31200
20240202,10:41:44,1.6,300,31200
20240202,10:47:20,1.55,50,31200
20240202,10:48:41,1.5,700,31200
20240202,10:49:24,1.5,1400,31200
20240202,10:49:34,1.5,250,31200
20240202,10:52:24,1.5,150,31200
20240202,10:52:26,1.5,150,31350
20240202,10:52:36,1.5,250,31350
20240202,10:54:07,1.55,50,31350
20240202,11:00:14,1.55,50,31350
20240202,11:04:28,1.5,250,31400
20240202,11:04:33,1.55,650,31400
20240202,11:05:51,1.5,1950,31400
20240202,11:07:39,1.5,50,31250
20240202,11:12:31,1.45,300,32850
20240202,11:13:26,1.45,50,32850
20240202,11:13:30,1.4,50,32850
20240202,11:13:37,1.4,250,32850
20240202,11:13:42,1.45,1500,32850
20240202,11:15:13,1.55,50,32850
20240202,11:15:15,1.55,50,32900
20240202,11:16:37,1.55,1400,32900
20240202,11:16:52,1.6,1500,32900
20240202,11:16:57,1.65,50,32900
20240202,11:19:55,1.6,250,32900
20240202,11:19:59,1.6,50,32900
20240202,11:20:01,1.6,50,32900
20240202,11:21:28,1.65,2650,32950
20240202,11:21:35,1.65,50,32950
20240202,11:21:37,1.65,100,32950
20240202,11:21:44,1.65,50,32950
20240202,11:21:50,1.65,500,32950
20240202,11:22:00,1.65,500,32950
20240202,11:22:20,1.7,50,32950
20240202,11:22:23,1.65,2250,32950
20240202,11:22:41,1.6,250,32950
20240202,11:26:03,1.6,50,32100
20240202,11:27:09,1.6,250,32050
20240202,11:27:19,1.65,150,32050
20240202,11:27:24,1.6,50,32050
20240202,11:29:17,1.6,2300,32050
20240202,11:30:23,1.6,50,32050
20240202,11:31:52,1.6,50,30250
20240202,11:32:12,1.6,50,30250
20240202,11:32:36,1.5,50,30250
20240202,11:32:37,1.6,250,30250
20240202,11:33:06,1.6,200,30250
20240202,11:33:07,1.65,1550,30250
20240202,11:33:11,1.65,850,30250
20240202,11:35:02,1.65,200,30250
20240202,11:35:35,1.65,50,30100
20240202,11:36:33,1.6,100,30100
20240202,11:36:54,1.6,250,30100
20240202,11:37:42,1.6,50,30100
20240202,11:37:53,1.6,1100,30100
20240202,11:37:56,1.6,50,30100
20240202,11:39:19,1.7,2250,29650
20240202,11:40:03,1.8,150,29650
20240202,11:40:40,1.75,950,29650
20240202,11:40:41,1.75,100,29650
20240202,11:41:04,1.8,1050,29650
20240202,11:41:52,1.8,50,29650
20240202,11:41:53,1.8,50,29550
20240202,11:42:05,1.8,50,29550
20240202,11:42:18,1.8,50,29550
20240202,11:43:25,1.8,100,29550
20240202,11:43:27,1.8,100,29550
20240202,11:43:28,1.8,1550,29550
20240202,11:44:38,1.75,50,29550
20240202,11:44:52,1.75,250,30250
20240202,11:44:56,1.75,350,30250
20240202,11:45:08,1.75,250,30250
20240202,11:45:23,1.75,50,30250
20240202,11:45:46,1.75,50,30250
20240202,11:45:49,1.75,50,30250
20240202,11:46:12,1.75,50,30250
20240202,11:46:16,1.75,50,30250
20240202,11:46:32,1.75,550,30250
20240202,11:47:13,1.75,2250,30250
20240202,11:47:14,1.8,800,30250
20240202,11:48:34,1.75,1150,30250
20240202,11:48:36,1.7,1000,30050
20240202,11:48:37,1.7,200,30050
20240202,11:49:37,1.75,300,30050
20240202,11:49:39,1.75,500,30050
20240202,11:49:49,1.75,500,30050
20240202,11:50:07,1.75,50,30050
20240202,11:50:12,1.75,1400,30050
20240202,11:50:20,1.75,50,30050
20240202,11:50:39,1.75,100,31450
20240202,11:51:53,1.75,50,31450
20240202,11:52:11,1.75,2800,31450
20240202,11:52:24,1.8,350,31450
20240202,11:52:50,1.7,1200,31450
20240202,11:54:05,1.7,350,32100
20240202,11:55:10,1.7,3000,32100
20240202,11:55:11,1.7,400,32100
20240202,11:55:18,1.65,50,32100
20240202,11:55:37,1.8,50,32100
20240202,11:55:50,1.8,50,32100
20240202,11:59:59,1.7,700,33100
20240202,12:00:12,1.65,1200,33100
20240202,12:00:14,1.75,850,33100
20240202,12:01:21,1.6,50,33100
20240202,12:06:26,1.65,50,34600
20240202,12:07:13,1.65,50,34600
20240202,12:07:14,1.65,50,34600
20240202,12:14:06,1.6,250,34600
20240202,12:14:30,1.6,900,34600
20240202,12:15:16,1.55,1950,34750
20240202,12:15:17,1.55,100,34750
20240202,12:16:18,1.5,1800,34750
20240202,12:18:51,1.45,3200,32950
20240202,12:19:36,1.45,50,32950
20240202,12:19:53,1.45,600,32950
20240202,12:19:54,1.45,50,32950
20240202,12:19:59,1.45,50,32950
20240202,12:20:13,1.4,100,32950
20240202,12:20:38,1.45,50,30700
20240202,12:20:40,1.4,3600,30700
20240202,12:20:47,1.4,800,30700
20240202,12:21:07,1.45,250,30700
20240202,12:21:07,1.35,6700,30700
20240202,12:21:37,1.45,250,30700
20240202,12:22:21,1.45,250,30700
20240202,12:22:27,1.35,1800,30700
20240202,12:23:13,1.4,4800,30700
20240202,12:23:30,1.4,500,30700
20240202,12:24:25,1.4,1200,28600
20240202,12:24:33,1.35,1800,28600
20240202,12:24:38,1.4,1550,28600
20240202,12:24:39,1.4,1000,28600
20240202,12:24:46,1.45,50,28600
20240202,12:24:59,1.35,1800,28600
20240202,12:25:08,1.4,200,28600
20240202,12:25:10,1.35,1800,28600
20240202,12:25:29,1.4,50,28600
20240202,12:27:16,1.3,2100,28100
20240202,12:27:29,1.3,200,28100
20240202,12:27:30,1.3,800,28100
20240202,12:27:31,1.3,1200,28100
20240202,12:27:34,1.35,300,28100
20240202,12:27:35,1.35,100,28100
20240202,12:27:41,1.35,650,28100
20240202,12:28:12,1.35,500,28100
20240202,12:28:22,1.35,500,28100
20240202,12:28:31,1.35,500,28100
20240202,12:28:45,1.35,250,28100
20240202,12:28:46,1.35,250,28100
20240202,12:28:53,1.35,250,28100
20240202,12:29:16,1.25,1850,28100
20240202,12:29:22,1.25,250,28100
20240202,12:29:25,1.3,250,28100
20240202,12:29:28,1.25,3700,28100
20240202,12:29:41,1.3,250,29050
20240202,12:29:45,1.3,200,29050
20240202,12:30:04,1.25,650,29050
20240202,12:30:25,1.25,300,29050
20240202,12:30:33,1.25,500,29050
20240202,12:30:35,1.25,50,29050
20240202,12:31:09,1.25,250,29050
20240202,12:31:12,1.2,2250,29050
20240202,12:31:14,1.2,1800,29050
20240202,12:31:15,1.2,400,29050
20240202,12:31:46,1.15,2800,29050
20240202,12:31:47,1.15,100,29050
20240202,12:31:51,1.15,300,29050
20240202,12:31:52,1.15,1500,29050
20240202,12:32:07,1.15,300,29050
20240202,12:32:11,1.15,300,29050
20240202,12:32:17,1.25,500,29050
20240202,12:32:33,1.2,6650,29050
20240202,12:32:34,1.25,200,29050
20240202,12:32:41,1.2,1100,31250
20240202,12:32:42,1.2,300,31250
20240202,12:32:54,1.15,1800,31250
20240202,12:33:07,1.15,150,31250
20240202,12:33:10,1.15,150,31250
20240202,12:33:16,1.15,500,31250
20240202,12:33:21,1.15,500,31250
20240202,12:34:09,1.2,50,31250
20240202,12:34:26,1.1,1800,31250
20240202,12:34:42,1.1,50,31250
20240202,12:34:52,1.1,800,31250
20240202,12:35:06,1.1,350,31250
20240202,12:35:33,1.05,300,31250
20240202,12:35:59,1.05,100,34800
20240202,12:36:03,1.05,900,34800
20240202,12:36:23,1.0,1000,34800
20240202,12:36:24,1.0,200,34800
20240202,12:36:25,1.0,1500,34800
20240202,12:36:26,1.0,1000,34800
20240202,12:36:45,1.05,250,34800
20240202,12:37:11,1.05,150,34800
20240202,12:37:31,1.0,50,34800
20240202,12:37:38,1.0,550,34800
20240202,12:37:49,1.05,50,34800
20240202,12:37:55,1.05,500,34800
20240202,12:38:21,1.05,600,34800
20240202,12:38:52,1.05,50,34800
20240202,12:38:54,1.05,50,32850
20240202,12:38:56,1.1,50,32850
20240202,12:38:57,1.05,50,32850
20240202,12:39:00,1.05,100,32850
20240202,12:39:24,1.05,50,32850
20240202,12:39:28,1.05,50,32850
20240202,12:39:38,1.05,50,32850
20240202,12:40:07,1.1,2650,32850
20240202,12:40:27,1.1,50,32850
20240202,12:40:51,1.1,2000,32850
20240202,12:41:08,1.05,50,32850
20240202,12:43:01,1.05,50,32850
20240202,12:46:09,1.1,250,32000
20240202,12:46:18,1.1,50,32000
20240202,12:47:12,1.1,250,32000
20240202,12:48:03,1.1,50,32050
20240202,12:52:15,1.15,150,32100
20240202,12:52:50,1.1,500,32100
20240202,12:53:03,1.1,850,32100
20240202,12:55:28,1.1,50,33450
20240202,12:55:57,1.1,50,33450
20240202,12:56:18,1.1,50,33450
20240202,12:57:10,1.1,50,33300
20240202,13:03:15,1.05,1000,33250
20240202,13:03:42,1.05,250,33250
20240202,13:03:46,1.1,1800,33250
20240202,13:06:47,1.1,1800,30450
20240202,13:06:51,1.1,1200,30450
20240202,13:11:44,1.05,50,28150
20240202,13:11:57,1.05,50,28150
20240202,13:12:00,1.05,50,28150
20240202,13:12:25,1.05,50,28150
20240202,13:14:33,1.1,1500,28150
20240202,13:15:25,1.1,50,28200
20240202,13:15:29,1.05,50,28200
20240202,13:15:40,1.1,1500,28200
20240202,13:15:46,1.05,1000,28200
20240202,13:15:47,1.1,1000,28200
20240202,13:18:24,1.05,500,27800
20240202,13:19:20,1.05,50,27800
20240202,13:24:11,1.05,4250,27800
20240202,13:24:39,1.1,200,27800
20240202,13:24:46,1.05,200,27800
20240202,13:24:52,1.05,50,27800
20240202,13:24:58,1.1,1000,27800
20240202,13:25:08,1.05,150,27800
20240202,13:25:55,1.05,50,27800
20240202,13:26:07,1.1,500,27800
20240202,13:30:26,1.1,50,28050
20240202,13:30:34,1.1,50,28050
20240202,13:30:47,1.1,50,28050
20240202,13:30:50,1.1,50,28050
20240202,13:30:51,1.1,50,28050
20240202,13:30:55,1.1,50,28050
20240202,13:31:02,1.1,50,28050
20240202,13:31:06,1.1,50,28050
20240202,13:31:08,1.1,50,28050
20240202,13:31:17,1.1,50,28050
20240202,13:31:27,1.05,200,28050
20240202,13:31:56,1.1,50,28050
20240202,13:32:24,1.1,50,28050
20240202,13:32:27,1.05,50,28050
20240202,13:32:35,1.1,50,28050
20240202,13:32:39,1.1,50,28050
20240202,13:33:29,1.15,750,27450
20240202,13:34:40,1.2,50,27450
20240202,13:38:31,1.1,300,26700
20240202,13:38:34,1.1,950,26700
20240202,13:38:40,1.1,450,26700
20240202,13:38:48,1.05,1700,27150
20240202,13:42:55,1.1,1300,28400
20240202,13:46:24,1.05,50,27500
20240202,13:46:41,1.05,50,27500
20240202,13:51:20,1.1,50,27500
20240202,13:56:55,1.1,50,27650
20240202,13:57:30,1.1,50,27650
20240202,14:00:09,1.05,100,27700
20240202,14:00:13,1.05,100,27700
20240202,14:05:47,1.05,1000,27700
20240202,14:09:22,1.05,1500,27900
20240202,14:10:41,1.05,1500,27900
20240202,14:13:57,1.1,50,25500
20240202,14:14:21,1.05,4250,25500
20240202,14:17:04,1.1,50,26350
20240202,14:28:16,1.05,400,26350
20240202,14:28:18,1.05,50,26350
20240202,14:28:36,1.05,50,26350
20240202,14:31:19,1.05,200,26750
20240202,14:34:48,1.0,8100,26750
20240202,14:35:03,1.0,250,26750
20240202,14:35:06,1.0,250,26750
20240202,14:35:57,1.0,250,26500
20240202,14:36:05,1.05,1000,26500
20240202,14:44:23,1.0,150,26750
20240202,14:44:24,1.0,150,26750
20240202,14:46:53,1.05,1000,26750
20240202,14:47:15,1.0,4850,26750
20240202,14:47:16,1.0,2600,26750
20240202,14:47:51,0.95,550,26750
20240202,14:48:45,0.95,50,26650
20240202,14:49:56,0.95,150,26650
20240202,14:50:53,0.9,3800,26650
20240202,14:51:05,0.95,2200,29550
20240202,14:52:02,0.9,850,29550
20240202,14:52:10,0.95,1450,29550
20240202,14:52:11,0.9,50,29550
20240202,14:52:14,0.95,250,29550
20240202,14:52:44,0.95,50,29550
20240202,14:52:48,0.95,50,29550
20240202,14:52:51,0.95,50,29550
20240202,14:53:31,0.95,250,29550
20240202,14:53:39,0.9,50,29550
20240202,14:53:41,0.9,50,29550
20240202,14:54:56,0.9,150,29550
20240202,14:55:07,0.9,2050,27850
20240202,14:55:59,0.95,150,27850
20240202,14:59:35,0.85,1000,27850
20240202,14:59:52,0.85,1400,27700
20240202,15:00:06,0.85,2000,27200
20240202,15:00:18,0.85,1600,27200
20240202,15:00:51,0.8,1000,27200
20240202,15:00:55,0.8,250,27200
20240202,15:01:05,0.8,1800,27200
20240202,15:02:22,0.85,250,27200
20240202,15:02:33,0.85,1000,27200
20240202,15:03:25,0.9,200,27200
20240202,15:04:09,0.9,50,27450
20240202,15:05:04,0.9,100,27450
20240202,15:07:42,0.9,1450,27300
20240202,15:07:43,0.9,1350,27300
20240202,15:07:49,0.9,2700,27300
20240202,15:10:06,0.9,1400,27000
20240202,15:10:08,0.9,150,27000
20240202,15:12:25,0.85,150,28250
20240202,15:13:02,0.9,1100,28250
20240202,15:14:26,0.95,250,28250
20240202,15:14:30,0.95,3350,28250
20240202,15:14:31,0.95,450,28250
20240202,15:14:34,0.95,100,28250
20240202,15:15:06,0.95,2500,28200
20240202,15:15:06,0.9,50,28200
20240202,15:15:17,1.0,50,28200
20240202,15:17:55,1.0,50,28200
20240202,15:18:49,0.95,950,28200
20240202,15:19:56,0.9,300,28200
20240202,15:19:57,0.9,150,28200
20240202,15:21:53,0.9,50,28200
20240202,15:22:42,0.9,150,28550
20240202,15:24:30,0.9,1250,28550
20240202,15:24:41,0.9,50,28550
20240202,15:25:00,0.9,100,28550
20240202,15:25:10,0.95,100,28550
20240202,15:25:35,0.9,1800,28550
20240202,15:26:13,0.9,200,28550
20240202,15:26:19,0.9,300,28550
20240202,15:26:45,0.85,950,28550
20240202,15:26:57,0.85,500,28550
20240202,15:27:00,0.9,250,28550
20240202,15:27:41,0.85,350,27850
20240202,15:27:57,0.85,1000,27850
20240202,15:28:38,0.8,200,27850
20240202,15:28:46,0.85,1000,27850
20240202,15:28:55,0.8,1800,27850
20240202,15:29:04,0.85,550,27850
20240202,15:29:07,0.8,200,27850
20240202,15:29:15,0.85,50,27850
20240202,15:29:21,0.8,2800,27850
20240202,15:29:36,0.85,100,27850
20240202,15:29:54,0.75,50,27850
20240205,09:15:04,0.75,1,28900
20240205,09:15:04,0.75,50,28900
20240205,09:15:05,1.15,150,28900
20240205,09:15:13,0.9,200,28900
20240205,09:15:20,1.1,50,28900
20240205,09:15:24,1.2,350,28900
20240205,09:15:29,0.8,100,28900
20240205,09:15:36,0.8,200,28900
20240205,09:15:37,0.8,200,28900
20240205,09:15:40,0.8,200,28900
20240205,09:15:47,0.85,50,28900
20240205,09:15:48,0.85,100,28900
20240205,09:16:05,0.85,200,28900
20240205,09:16:06,0.85,250,28900
20240205,09:17:28,0.75,900,28950
20240205,09:17:33,0.8,100,28950
20240205,09:17:44,0.85,50,28950
20240205,09:17:55,0.75,100,28950
20240205,09:18:43,0.75,50,28950
20240205,09:18:50,0.8,50,28950
20240205,09:18:52,0.8,150,28950
20240205,09:19:37,0.8,150,28750
20240205,09:19:44,0.8,250,28750
20240205,09:20:08,0.8,50,28750
20240205,09:20:23,0.75,50,28750
20240205,09:20:25,0.8,350,28750
20240205,09:20:46,0.75,50,28750
20240205,09:21:16,0.8,50,28750
20240205,09:22:01,0.85,50,28750
20240205,09:22:51,0.85,150,28750
20240205,09:23:01,0.85,50,29250
20240205,09:23:14,0.85,50,29250
20240205,09:24:07,0.75,50,29250
20240205,09:24:37,0.8,250,29250
20240205,09:25:02,0.85,100,29250
20240205,09:25:03,0.85,650,29250
20240205,09:25:06,0.85,400,29250
20240205,09:25:10,0.85,100,29250
20240205,09:25:42,1.35,2050,29250
20240205,09:25:43,1.3,1200,30950
20240205,09:25:50,0.85,1000,30950
20240205,09:25:53,0.95,1000,30950
20240205,09:25:54,0.9,200,30950
20240205,09:26:00,0.9,750,30950
20240205,09:26:11,0.9,100,30950
20240205,09:26:12,0.9,150,30950
20240205,09:26:31,0.9,50,30950
20240205,09:26:52,0.85,500,30950
20240205,09:27:01,0.85,50,30950
20240205,09:27:04,0.85,1800,30950
20240205,09:27:13,0.85,200,30950
20240205,09:27:14,0.85,850,30950
20240205,09:28:12,0.9,50,31400
20240205,09:28:49,0.85,200,31400
20240205,09:29:52,0.9,200,31400
20240205,09:30:25,0.9,50,31400
20240205,09:31:06,0.85,850,31400
20240205,09:31:09,0.85,100,31400
20240205,09:31:45,0.8,50,31750
20240205,09:33:37,0.8,50,31750
20240205,09:37:04,0.75,100,31750
20240205,09:37:54,0.85,50,31750
20240205,09:39:28,0.85,50,31750
20240205,09:47:31,0.8,50,31750
20240205,09:47:36,0.8,500,31750
20240205,09:47:38,0.85,50,31750
20240205,09:47:48,0.8,1800,31750
20240205,09:47:49,0.85,200,31750
20240205,09:48:11,0.8,50,31750
20240205,09:48:22,0.8,50,31750
20240205,09:48:51,0.8,50,31750
20240205,09:48:58,0.75,50,31750
20240205,09:49:09,0.75,1000,31750
20240205,09:50:30,0.8,50,31750
20240205,09:50:49,0.8,50,33450
20240205,09:51:46,0.8,350,33450
20240205,09:51:59,0.85,50,33450
20240205,09:53:02,0.85,100,33000
20240205,09:53:07,0.85,50,33000
20240205,09:53:24,0.85,250,33000
20240205,09:53:31,0.85,900,33000
20240205,09:54:31,0.9,100,33000
20240205,09:54:58,0.9,50,33000
20240205,09:57:48,0.85,1100,33000
20240205,09:57:48,0.8,3600,34100
20240205,09:58:04,0.85,200,34100
20240205,09:58:55,0.8,200,34100
20240205,09:59:05,0.85,500,37200
20240205,09:59:08,0.85,50,37200
20240205,10:02:05,0.8,2650,37200
20240205,10:07:14,0.75,200,37200
20240205,10:07:15,0.75,1800,39200
20240205,10:09:05,0.8,50,39200
20240205,10:09:09,0.75,50,38950
20240205,10:09:23,0.75,50,38950
20240205,10:11:18,0.75,500,38900
20240205,10:13:05,0.75,250,38900
20240205,10:17:29,0.8,50,38200
20240205,10:18:10,0.75,250,38200
20240205,10:18:17,0.8,50,38200
20240205,10:18:24,0.75,850,38200
20240205,10:20:04,0.7,4750,38200
20240205,10:21:04,0.7,50,38750
20240205,10:22:20,0.65,50,43200
20240205,10:22:21,0.65,50,43200
20240205,10:22:38,0.65,50,43200
20240205,10:22:45,0.65,50,43200
20240205,10:22:51,0.7,50,43200
20240205,10:22:53,0.65,50,43200
20240205,10:22:54,0.65,50,43200
20240205,10:22:55,0.7,50,43200
20240205,10:23:05,0.65,1200,43200
20240205,10:23:13,0.65,700,43200
20240205,10:23:14,0.6,50,43200
20240205,10:24:01,0.6,250,43200
20240205,10:24:08,0.7,100,43200
20240205,10:24:29,0.7,100,43200
20240205,10:24:31,0.7,100,43200
20240205,10:24:32,0.6,3750,43200
20240205,10:24:39,0.65,1600,43200
20240205,10:24:41,0.65,50,43200
20240205,10:24:59,0.7,100,43200
20240205,10:28:10,0.65,150,43200
20240205,10:28:11,0.7,50,47550
20240205,10:28:13,0.7,100,47550
20240205,10:28:26,0.7,50,47550
20240205,10:29:26,0.7,100,47550
20240205,10:32:55,0.7,700,47550
20240205,10:33:08,0.7,100,47550
20240205,10:33:10,0.7,150,47550
20240205,10:33:12,0.7,950,47550
20240205,10:33:14,0.7,850,47550
20240205,10:33:16,0.7,500,47550
20240205,10:33:17,0.7,1200,47550
20240205,10:33:31,0.7,200,47550
20240205,10:34:48,0.75,50,47550
20240205,10:35:24,0.7,50,48000
20240205,10:36:31,0.75,650,48000
20240205,10:36:46,0.75,300,48000
20240205,10:36:53,0.7,50,48000
20240205,10:37:11,0.7,300,48000
20240205,10:39:20,0.75,50,48000
20240205,10:39:21,0.75,100,48450
20240205,10:42:06,0.7,50,48450
20240205,10:44:30,0.75,100,48450
20240205,10:44:56,0.75,400,48450
20240205,10:45:01,0.75,100,48450
20240205,10:45:14,0.8,100,48450
20240205,10:45:48,0.7,3600,48450
20240205,10:46:09,0.7,250,48450
20240205,10:46:10,0.75,50,48450
20240205,10:46:26,0.65,50,48450
20240205,10:46:27,0.65,1800,47550
20240205,10:46:31,0.7,50,47550
20240205,10:46:35,0.7,50,47550
20240205,10:46:36,0.7,100,47550
20240205,10:46:43,0.7,50,47550
20240205,10:47:06,0.7,50,47550
20240205,10:47:09,0.65,50,47550
20240205,10:47:28,0.7,50,47550
20240205,10:51:06,0.7,50,47550
20240205,10:51:11,0.65,50,47550
20240205,10:53:57,0.7,50,47550
20240205,10:54:10,0.7,1800,47550
20240205,10:54:12,0.7,50,47550
20240205,10:54:42,0.7,50,47550
20240205,11:02:17,0.7,50,47550
20240205,11:08:30,0.65,500,47550
20240205,11:09:25,0.65,450,47550
20240205,11:13:07,0.7,100,47550
20240205,11:13:07,0.7,50,47550
20240205,11:14:04,0.7,150,47550
20240205,11:15:01,0.65,150,47550
20240205,11:16:50,0.65,150,47550
20240205,11:17:23,0.7,3300,47550
20240205,11:17:29,0.75,800,47550
20240205,11:18:30,0.7,50,47550
20240205,11:18:43,0.7,100,47550
20240205,11:19:25,0.65,450,47550
20240205,11:22:25,0.65,50,48050
20240205,11:26:42,0.7,50,47600
20240205,11:26:54,0.65,50,47600
20240205,11:27:14,0.7,200,47600
20240205,11:28:22,0.75,50,47600
20240205,11:29:23,0.65,500,47600
20240205,11:31:29,0.7,50,47600
20240205,11:32:03,0.65,250,47600
20240205,11:34:04,0.7,250,47600
20240205,11:34:36,0.65,50,47600
20240205,11:36:25,0.75,2400,47600
20240205,11:36:53,0.75,50,47600
20240205,11:37:31,0.7,50,45800
20240205,11:37:59,0.75,2050,45800
20240205,11:40:26,0.8,50,45800
20240205,11:40:27,0.75,50,45800
20240205,11:40:28,0.75,50,45800
20240205,11:41:04,0.8,100,44100
20240205,11:41:13,0.8,650,44100
20240205,11:41:16,0.8,200,44100
20240205,11:42:07,0.8,850,44100
20240205,11:43:04,0.8,50,44100
20240205,11:45:08,0.85,50,44100
20240205,11:50:15,0.8,400,44300
20240205,11:50:37,0.8,50,44300
20240205,11:55:53,0.8,300,44650
20240205,11:56:33,0.75,1000,44650
20240205,11:57:05,0.8,250,44650
20240205,11:59:00,0.8,250,44650
20240205,11:59:25,0.75,50,44300
20240205,12:03:33,0.75,50,44250
20240205,12:04:44,0.8,150,44250
20240205,12:05:05,0.8,300,44250
20240205,12:05:13,0.85,250,44250
20240205,12:05:50,0.8,100,44250
20240205,12:05:53,0.8,50,44250
20240205,12:06:55,0.85,50,44250
20240205,12:07:23,0.8,150,44250
20240205,12:16:39,0.75,50,44250
20240205,12:17:00,0.75,50,44250
20240205,12:17:14,0.8,250,44250
20240205,12:18:15,0.85,6050,44250
20240205,12:18:52,0.8,650,44250
20240205,12:20:37,0.9,2450,41000
20240205,12:20:59,0.85,250,41000
20240205,12:21:15,0.85,50,41000
20240205,12:22:58,0.9,600,41000
20240205,12:22:59,0.85,1500,39200
20240205,12:26:11,0.85,350,37850
20240205,12:27:18,0.9,50,37850
20240205,12:27:28,0.85,400,37850
20240205,12:28:28,0.9,350,37850
20240205,12:30:40,0.85,50,37100
20240205,12:30:42,0.85,50,37100
20240205,12:31:02,0.9,600,37100
20240205,12:31:40,0.9,250,36450
20240205,12:32:01,0.9,50,36450
20240205,12:32:02,0.85,50,36450
20240205,12:32:13,0.9,50,36450
20240205,12:33:11,0.85,50,36450
20240205,12:38:08,0.85,50,36650
20240205,12:38:17,0.85,50,36650
20240205,12:43:38,0.85,50,36650
20240205,12:45:44,0.9,50,36650
20240205,12:50:30,0.9,50,36650
20240205,12:53:30,0.9,50,36650
20240205,12:55:34,0.9,100,36650
20240205,12:58:35,0.9,50,36650
20240205,13:01:43,0.85,50,36650
20240205,13:02:36,0.9,300,36650
20240205,13:03:39,0.9,250,36650
20240205,13:08:05,0.9,50,37000
20240205,13:08:36,0.9,400,37000
20240205,13:13:44,0.9,50,37200
20240205,13:16:53,0.85,50,37200
20240205,13:18:26,0.85,3800,37250
20240205,13:18:53,0.85,1100,37250
20240205,13:18:56,0.85,50,37250
20240205,13:18:58,0.85,100,37250
20240205,13:19:10,0.85,50,37250
20240205,13:20:32,0.85,50,36400
20240205,13:20:55,0.8,400,36400
20240205,13:22:34,0.85,100,36400
20240205,13:24:03,0.85,50,36200
20240205,13:29:11,0.85,50,36200
20240205,13:31:31,0.85,100,36200
20240205,13:31:32,0.85,50,36200
20240205,13:31:38,0.85,100,36200
20240205,13:31:39,0.85,250,36200
20240205,13:31:59,0.85,50,36200
20240205,13:36:12,0.85,50,36300
20240205,13:47:45,0.8,50,36300
20240205,13:49:52,0.8,50,36300
20240205,13:50:28,0.75,350,36300
20240205,13:56:57,0.75,300,36300
20240205,13:57:57,0.75,350,36300
20240205,13:59:20,0.8,250,36300
20240205,13:59:24,0.8,500,36200
20240205,14:02:45,0.85,50,36200
20240205,14:02:46,0.85,50,36300
20240205,14:02:47,0.9,400,36300
20240205,14:03:22,0.9,450,36300
20240205,14:03:37,0.9,250,36300
20240205,14:03:55,0.9,100,36300
20240205,14:03:56,0.85,50,36300
20240205,14:03:57,0.85,50,36300
20240205,14:04:07,0.9,450,36300
20240205,14:04:22,0.85,50,36300
20240205,14:04:23,0.85,50,36300
20240205,14:05:37,0.9,250,36650
20240205,14:06:03,0.9,900,36650
20240205,14:06:49,0.85,100,36650
20240205,14:07:11,0.95,350,36650
20240205,14:07:12,0.9,50,36650
20240205,14:07:16,0.9,50,36650
20240205,14:07:17,0.9,50,36650
20240205,14:07:19,0.9,50,36650
20240205,14:07:47,0.9,50,36650
20240205,14:07:53,0.9,150,36900
20240205,14:08:05,0.95,50,36900
20240205,14:08:44,0.85,50,36900
20240205,14:10:34,0.9,400,36900
20240205,14:11:13,0.9,250,37300
20240205,14:12:50,0.9,250,37300
20240205,14:14:01,0.9,100,37300
20240205,14:14:58,0.9,100,37300
20240205,14:15:04,0.9,200,37300
20240205,14:15:07,0.9,150,37300
20240205,14:15:20,0.9,100,37300
20240205,14:15:27,0.9,900,37300
20240205,14:15:29,0.95,50,37300
20240205,14:15:31,0.9,50,37300
20240205,14:15:35,0.95,50,37300
20240205,14:16:28,0.9,50,37300
20240205,14:20:00,0.95,400,37800
20240205,14:20:54,0.9,400,37800
20240205,14:21:13,0.95,100,37800
20240205,14:21:18,0.95,1500,37800
20240205,14:21:28,1.0,50,37800
20240205,14:21:30,0.95,100,37800
20240205,14:21:32,0.95,50,37800
20240205,14:22:05,1.0,550,37800
20240205,14:22:07,1.0,150,37800
20240205,14:22:22,1.0,300,37800
20240205,14:24:36,1.05,3150,37800
20240205,14:24:54,1.05,100,39800
20240205,14:25:23,0.95,50,39800
20240205,14:25:36,0.95,550,39800
20240205,14:25:54,1.0,1900,40500
20240205,14:25:57,1.0,50,40500
20240205,14:28:10,1.0,50,40500
20240205,14:29:31,1.0,50,40500
20240205,14:29:46,0.95,1800,41000
20240205,14:30:21,0.95,50,41000
20240205,14:30:27,0.95,950,41000
20240205,14:30:27,0.9,1800,41000
20240205,14:31:56,0.85,3350,43900
20240205,14:32:02,0.95,450,43900
20240205,14:32:13,0.95,1800,43900
20240205,14:32:40,1.0,50,43900
20240205,14:33:19,0.9,150,43900
20240205,14:33:30,0.9,750,43900
20240205,14:33:37,0.95,3200,43900
20240205,14:33:39,0.9,1800,43900
20240205,14:33:48,1.1,7350,43900
20240205,14:34:10,1.0,100,43900
20240205,14:34:20,0.95,14650,43900
20240205,14:34:21,1.05,4000,43900
20240205,14:34:24,0.95,2150,43900
20240205,14:34:25,0.95,100,43900
20240205,14:34:31,1.0,1800,43900
20240205,14:34:32,1.15,13900,43900
20240205,14:34:33,1.35,19000,43900
20240205,14:34:34,1.5,7100,43900
20240205,14:34:36,1.1,600,43900
20240205,14:34:39,0.95,500,43900
20240205,14:34:43,1.0,600,43900
20240205,14:34:44,1.0,400,43900
20240205,14:34:45,1.05,800,43900
20240205,14:34:48,1.0,1750,43900
20240205,14:34:59,1.05,50,73450
20240205,14:35:08,0.95,50,73450
20240205,14:35:12,1.05,50,73450
20240205,14:35:13,1.05,50,73450
20240205,14:35:17,0.95,5000,73450
20240205,14:35:22,0.95,1200,73450
20240205,14:35:59,0.95,250,73450
20240205,14:36:12,0.95,50,73450
20240205,14:36:18,0.9,250,73450
20240205,14:36:18,0.85,500,73450
20240205,14:36:19,0.85,1800,73450
20240205,14:36:20,0.85,3600,73450
20240205,14:36:45,0.85,200,73450
20240205,14:36:55,0.9,2000,73450
20240205,14:37:03,0.85,900,73450
20240205,14:37:04,0.8,1800,73450
20240205,14:37:09,0.9,50,73450
20240205,14:37:52,0.85,1800,73450
20240205,14:38:12,0.8,1800,82500
20240205,14:38:45,0.8,50,82500
20240205,14:38:51,0.8,1800,82500
20240205,14:39:00,0.8,3850,82500
20240205,14:39:01,0.8,50,82500
20240205,14:39:07,0.75,50,82500
20240205,14:39:16,0.75,600,82500
20240205,14:39:22,0.75,3600,82500
20240205,14:39:22,0.75,6550,82500
20240205,14:39:28,0.75,250,82500
20240205,14:39:37,0.75,250,82500
20240205,14:40:04,0.75,100,82500
20240205,14:40:07,0.75,1700,82500
20240205,14:40:59,0.75,200,83750
20240205,14:41:15,0.7,1200,83750
20240205,14:41:47,0.7,50,83750
20240205,14:42:07,0.75,500,83750
20240205,14:42:16,0.8,1800,83750
20240205,14:42:26,0.75,1800,83750
20240205,14:42:26,0.75,1500,83750
20240205,14:42:39,0.7,1800,83750
20240205,14:42:40,0.7,1400,83750
20240205,14:42:41,0.75,4800,83750
20240205,14:42:42,0.75,1800,83750
20240205,14:42:55,0.75,200,83750
20240205,14:42:57,0.7,1300,83750
20240205,14:42:58,0.65,2750,83750
20240205,14:43:03,0.75,50,83750
20240205,14:43:05,0.75,1950,83750
20240205,14:43:09,0.7,350,83750
20240205,14:43:15,0.65,5400,83750
20240205,14:43:16,0.65,3600,83750
20240205,14:43:17,0.65,1000,83750
20240205,14:43:22,0.65,50,83750
20240205,14:43:26,0.65,1800,83750
20240205,14:43:27,0.6,1800,83750
20240205,14:43:28,0.6,1000,83750
20240205,14:43:29,0.6,2000,83750
20240205,14:43:30,0.6,1800,83750
20240205,14:43:31,0.55,1800,83750
20240205,14:43:33,0.55,250,83750
20240205,14:43:37,0.75,13100,83750
20240205,14:43:38,0.75,2250,83750
20240205,14:43:40,0.7,1800,83750
20240205,14:43:42,0.7,350,83750
20240205,14:43:43,0.6,3600,83750
20240205,14:43:44,0.65,1800,83750
20240205,14:43:45,0.65,1800,83750
20240205,14:43:48,0.6,50,83750
20240205,14:43:49,0.7,400,83750
20240205,14:43:51,0.7,50,83750
20240205,14:43:56,0.7,900,83750
20240205,14:43:57,0.7,2700,82400
20240205,14:44:07,0.6,250,82400
20240205,14:44:08,0.7,100,82400
20240205,14:44:10,0.7,50,82400
20240205,14:44:12,0.65,1100,82400
20240205,14:44:13,0.7,50,82400
20240205,14:44:21,0.65,100,82400
20240205,14:44:23,0.7,100,82400
20240205,14:44:28,0.65,150,82400
20240205,14:44:36,0.6,150,82400
20240205,14:44:39,0.7,100,82400
20240205,14:44:40,0.7,50,82400
20240205,14:44:41,0.7,450,82400
20240205,14:45:04,0.7,850,82400
20240205,14:45:05,0.6,2700,82400
20240205,14:45:07,0.7,600,82400
20240205,14:45:08,0.7,1100,82400
20240205,14:45:13,0.65,100,82400
20240205,14:45:14,0.65,150,82400
20240205,14:45:19,0.7,1250,82400
20240205,14:45:30,0.7,1050,82400
20240205,14:46:03,0.7,50,82400
20240205,14:46:05,0.75,200,82400
20240205,14:47:12,0.7,1000,82400
20240205,14:47:22,0.7,500,81100
20240205,14:47:26,0.7,500,81100
20240205,14:47:39,0.7,1700,81100
20240205,14:47:41,0.65,250,81100
20240205,14:47:43,0.65,250,81100
20240205,14:47:46,0.65,300,81100
20240205,14:47:49,0.65,250,81100
20240205,14:47:52,0.65,250,81100
20240205,14:47:53,0.65,1800,81100
20240205,14:48:22,0.65,100,81100
20240205,14:49:34,0.7,50,81100
20240205,14:50:26,0.7,2750,81100
20240205,14:50:40,0.65,150,82850
20240205,14:51:34,0.75,2300,82850
20240205,14:51:50,0.7,350,82850
20240205,14:51:51,0.7,100,82850
20240205,14:53:02,0.7,3950,77350
20240205,14:53:03,0.7,1800,77350
20240205,14:53:25,0.7,300,77350
20240205,14:53:29,0.7,500,77350
20240205,14:53:37,0.7,150,77350
20240205,14:53:51,0.7,300,77350
20240205,14:54:19,0.75,2550,77350
20240205,14:54:21,0.8,250,77350
20240205,14:54:31,0.8,200,77350
20240205,14:54:33,0.8,1100,77350
20240205,14:54:37,0.8,450,77350
20240205,14:55:00,0.8,2400,77350
20240205,14:55:02,0.75,700,77350
20240205,14:55:20,0.8,250,77350
20240205,14:57:11,0.8,1800,73150
20240205,14:57:56,0.75,300,73150
20240205,14:58:38,0.75,150,73150
20240205,14:58:42,0.75,800,73150
20240205,14:58:54,0.85,300,73150
20240205,14:59:05,0.8,300,73150
20240205,14:59:09,0.8,200,73450
20240205,14:59:35,0.75,1000,73450
20240205,14:59:35,0.75,3000,73450
20240205,14:59:40,0.7,1000,73450
20240205,14:59:40,0.65,1500,73450
20240205,14:59:58,0.75,1550,73450
20240205,15:00:13,0.8,650,73450
20240205,15:00:44,0.7,800,73450
20240205,15:00:49,0.7,50,73450
20240205,15:01:02,0.7,50,73450
20240205,15:01:10,0.7,250,73450
20240205,15:01:11,0.7,250,73450
20240205,15:02:00,0.75,250,70550
20240205,15:02:24,0.75,250,70550
20240205,15:03:05,0.75,50,70550
20240205,15:03:13,0.75,50,70550
20240205,15:03:15,0.75,250,70550
20240205,15:03:18,0.75,50,70550
20240205,15:03:25,0.75,100,70550
20240205,15:03:45,0.75,50,70550
20240205,15:04:00,0.75,50,70550
20240205,15:04:41,0.75,50,70550
20240205,15:04:44,0.75,650,70550
20240205,15:04:51,0.75,1850,70550
20240205,15:04:53,0.75,750,70550
20240205,15:05:40,0.75,500,68700
20240205,15:05:44,0.7,400,68700
20240205,15:05:57,0.75,300,68700
20240205,15:07:02,0.7,100,68700
20240205,15:07:40,0.7,350,68700
20240205,15:08:18,0.75,100,68700
20240205,15:08:19,0.75,250,68900
20240205,15:08:20,0.75,200,68900
20240205,15:09:48,0.7,150,68900
20240205,15:09:50,0.75,100,68900
20240205,15:10:25,0.75,2150,68900
20240205,15:10:33,0.75,1750,68900
20240205,15:10:59,0.75,50,68900
20240205,15:11:55,0.8,700,68900
20240205,15:12:01,0.75,900,67100
20240205,15:12:01,0.8,100,67100
20240205,15:12:05,0.8,650,67100
20240205,15:12:15,0.8,100,67100
20240205,15:13:22,0.75,100,67100
20240205,15:13:55,0.75,50,67100
20240205,15:13:59,0.8,100,67100
20240205,15:14:14,0.8,7350,67100
20240205,15:14:15,0.8,50,65800
20240205,15:14:29,0.75,500,65800
20240205,15:14:36,0.75,100,65800
20240205,15:14:44,0.75,4650,65800
20240205,15:14:44,0.8,1150,65800
20240205,15:14:48,0.75,300,65800
20240205,15:14:48,0.75,600,65800
20240205,15:14:53,0.75,1050,65800
20240205,15:15:03,0.8,100,65800
20240205,15:15:05,0.7,200,65800
20240205,15:15:10,0.7,100,65800
20240205,15:15:13,0.7,150,65800
20240205,15:15:14,0.7,50,65800
20240205,15:15:14,0.75,2800,65800
20240205,15:15:16,0.75,3050,65800
20240205,15:15:17,0.7,250,65800
20240205,15:15:19,0.7,300,65800
20240205,15:15:23,0.75,600,65800
20240205,15:15:50,0.7,50,65800
20240205,15:16:06,0.7,300,65800
20240205,15:16:20,0.7,800,65800
20240205,15:16:27,0.65,250,65800
20240205,15:16:30,0.65,300,65800
20240205,15:16:31,0.75,800,65800
20240205,15:16:35,0.65,1900,65800
20240205,15:16:37,0.65,400,65800
20240205,15:16:39,0.65,200,65800
20240205,15:16:47,0.75,800,65800
20240205,15:16:51,0.7,1300,65800
20240205,15:17:02,0.75,1300,61150
20240205,15:17:06,0.75,2100,61150
20240205,15:17:10,0.7,1250,61150
20240205,15:17:15,0.75,1000,61150
20240205,15:17:16,0.7,150,61150
20240205,15:17:20,0.7,150,61150
20240205,15:17:28,0.7,500,61150
20240205,15:17:30,0.7,100,61150
20240205,15:17:38,0.7,50,61150
20240205,15:17:40,0.7,1050,61150
20240205,15:17:47,0.65,100,61150
20240205,15:17:48,0.65,100,61150
20240205,15:17:54,0.65,1500,61150
20240205,15:18:05,0.75,100,61150
20240205,15:18:20,0.65,50,61150
20240205,15:18:21,0.65,600,61150
20240205,15:18:22,0.65,1050,61150
20240205,15:18:23,0.65,800,61150
20240205,15:18:24,0.65,100,61150
20240205,15:18:26,0.65,150,61150
20240205,15:18:49,0.65,100,61150
20240205,15:19:22,0.7,50,61150
20240205,15:19:24,0.7,50,61150
20240205,15:19:28,0.7,50,61150
20240205,15:19:34,0.7,50,61150
20240205,15:19:50,0.7,50,61150
20240205,15:19:57,0.7,50,61150
20240205,15:20:03,0.7,50,61150
20240205,15:20:48,0.7,50,60900
20240205,15:20:52,0.7,2600,60900
20240205,15:20:53,0.7,800,60900
20240205,15:20:54,0.7,400,60900
20240205,15:20:55,0.65,1250,60900
20240205,15:20:56,0.7,1150,60900
20240205,15:21:01,0.65,1600,60900
20240205,15:21:31,0.65,450,60900
20240205,15:21:40,0.65,50,60900
20240205,15:21:41,0.65,50,60900
20240205,15:22:12,0.65,100,60900
20240205,15:22:22,0.75,500,60900
20240205,15:22:44,0.65,50,60900
20240205,15:22:53,0.65,250,60900
20240205,15:22:54,0.65,50,60900
20240205,15:22:56,0.65,250,60900
20240205,15:23:21,0.65,50,60900
20240205,15:24:47,0.65,250,60750
20240205,15:24:47,0.65,50,60750
20240205,15:24:56,0.65,50,60750
20240205,15:25:00,0.65,50,60750
20240205,15:25:12,0.7,50,60750
20240205,15:25:13,0.65,150,60750
20240205,15:25:17,0.7,2300,60750
20240205,15:25:41,0.65,900,60750
20240205,15:25:44,0.65,250,60750
20240205,15:26:39,0.65,300,61200
20240205,15:26:49,0.65,150,61200
20240205,15:27:13,0.7,50,61200
20240205,15:27:16,0.65,250,61200
20240205,15:27:17,0.65,250,61200
20240205,15:27:25,0.65,1800,61200
20240205,15:28:00,0.65,1800,61200
20240205,15:28:01,0.65,1200,61200
20240205,15:28:21,0.65,250,61200
20240205,15:28:48,0.65,1750,61200
20240205,15:29:02,0.6,850,61200
20240205,15:29:03,0.6,50,61200
20240205,15:29:08,0.6,100,61450
20240205,15:29:16,0.6,100,61450
20240205,15:29:22,0.6,1800,61450
20240205,15:29:25,0.6,600,61450
20240205,15:29:32,0.6,250,61450
20240205,15:29:46,0.7,200,61450
20240205,15:29:47,0.6,300,61450
20240205,15:29:51,0.7,100,61450
20240206,09:15:03,0.5,1,61400
20240206,09:15:03,0.5,50,61400
20240206,09:15:04,0.8,350,61400
20240206,09:15:08,1.25,450,61400
20240206,09:15:09,0.65,1150,61400
20240206,09:15:14,0.65,1700,61400
20240206,09:15:15,0.65,50,61400
20240206,09:15:16,0.65,1050,61400
20240206,09:15:17,0.65,550,61400
20240206,09:15:20,0.9,1450,61400
20240206,09:15:21,0.7,1150,61400
20240206,09:15:24,0.7,200,61400
20240206,09:15:25,0.75,1050,61400
20240206,09:15:26,0.75,300,61400
20240206,09:15:27,0.75,450,61400
20240206,09:15:28,0.75,250,61400
20240206,09:15:29,0.75,300,61400
20240206,09:15:34,0.7,700,61400
20240206,09:15:36,0.7,4000,61400
20240206,09:15:40,0.7,200,61400
20240206,09:15:41,0.7,1300,61400
20240206,09:15:42,0.75,800,61400
20240206,09:15:43,0.75,100,61400
20240206,09:16:08,0.75,1050,61400
20240206,09:16:09,0.75,50,61400
20240206,09:16:14,0.75,750,61400
20240206,09:16:31,0.7,350,61550
20240206,09:16:36,0.7,150,61550
20240206,09:16:41,0.7,50,61550
20240206,09:16:57,0.7,1700,61550
20240206,09:17:03,0.7,1150,61550
20240206,09:17:04,0.75,300,61550
20240206,09:17:18,0.7,2200,61550
20240206,09:17:20,0.7,300,61550
20240206,09:17:38,0.7,900,61550
20240206,09:17:39,0.7,50,61550
20240206,09:18:08,0.7,50,61550
20240206,09:18:15,0.75,50,61550
20240206,09:18:20,0.7,100,61550
20240206,09:18:25,0.7,1000,61550
20240206,09:18:32,0.7,100,61550
20240206,09:18:33,0.7,550,61550
20240206,09:18:34,0.7,8450,61550
20240206,09:18:35,0.7,1050,61550
20240206,09:18:37,0.7,800,61550
20240206,09:18:38,0.7,250,61550
20240206,09:18:39,0.7,950,61550
20240206,09:18:40,0.7,950,61550
20240206,09:18:43,0.7,50,61550
20240206,09:18:46,0.7,1000,61550
20240206,09:18:53,0.7,100,61550
20240206,09:18:57,0.7,550,61550
20240206,09:19:07,0.7,800,61550
20240206,09:19:29,0.7,250,62400
20240206,09:19:35,0.75,50,62400
20240206,09:19:37,0.7,100,62400
20240206,09:19:45,0.7,1200,62400
20240206,09:19:57,0.7,100,62400
20240206,09:20:00,0.7,3100,62400
20240206,09:20:30,0.7,3200,62400
20240206,09:20:57,0.65,100,62400
20240206,09:21:31,0.65,2950,62400
20240206,09:21:54,0.65,450,62400
20240206,09:22:24,0.65,1250,62400
20240206,09:22:55,0.7,50,62400
20240206,09:22:56,0.7,50,62900
20240206,09:23:01,0.65,100,62900
20240206,09:23:02,0.65,100,62900
20240206,09:23:03,0.65,100,62900
20240206,09:23:05,0.65,100,62900
20240206,09:23:06,0.65,100,62900
20240206,09:23:08,0.7,50,62900
20240206,09:23:45,0.7,50,62900
20240206,09:23:53,0.7,300,62900
20240206,09:24:54,0.65,50,62900
20240206,09:25:11,0.65,300,62900
20240206,09:25:12,0.65,300,62900
20240206,09:25:16,0.65,200,62900
20240206,09:25:17,0.6,3600,62900
20240206,09:25:18,0.6,100,62900
20240206,09:25:19,0.6,100,62900
20240206,09:25:20,0.65,1000,62900
20240206,09:25:56,0.65,500,63850
20240206,09:30:12,0.65,50,63850
20240206,09:30:23,0.65,50,63350
20240206,09:30:39,0.65,50,63350
20240206,09:31:38,0.65,50,63350
20240206,09:31:58,0.65,50,63200
20240206,09:32:16,0.65,100,63200
20240206,09:32:19,0.7,1800,63200
20240206,09:32:47,0.7,50,63200
20240206,09:32:54,0.65,50,63200
20240206,09:33:01,0.65,50,63200
20240206,09:33:09,0.65,50,63200
20240206,09:33:16,0.7,50,63200
20240206,09:33:23,0.65,50,63200
20240206,09:33:49,0.7,50,63200
20240206,09:34:25,0.65,100,63200
20240206,09:36:13,0.65,50,63100
20240206,09:36:58,0.65,50,63100
20240206,09:42:22,0.65,50,63100
20240206,09:42:23,0.7,300,63100
20240206,09:43:29,0.7,2100,63100
20240206,09:43:46,0.7,50,63100
20240206,09:46:56,0.7,400,63100
20240206,09:47:42,0.7,100,63100
20240206,09:50:10,0.7,50,63100
20240206,09:50:23,0.7,50,63100
20240206,09:51:33,0.7,100,63100
20240206,09:52:40,0.7,50,62900
20240206,09:52:45,0.7,50,62900
20240206,09:52:55,0.7,50,62900
20240206,09:53:02,0.7,50,62900
20240206,09:53:17,0.7,50,62900
20240206,09:53:34,0.7,50,62900
20240206,09:54:35,0.65,50,62900
20240206,09:55:08,0.65,150,62900
20240206,09:58:04,0.7,250,62800
20240206,09:58:05,0.7,350,62800
20240206,09:58:26,0.7,100,62800
20240206,09:58:30,0.7,2100,62800
20240206,09:59:56,0.65,3600,62800
20240206,09:59:57,0.65,7500,63500
20240206,09:59:58,0.65,50,63500
20240206,10:00:01,0.65,1500,63500
20240206,10:00:01,0.65,150,63500
20240206,10:00:03,0.65,50,63500
20240206,10:00:07,0.65,50,63500
20240206,10:00:15,0.65,50,63500
20240206,10:00:22,0.65,50,63500
20240206,10:01:16,0.65,50,63500
20240206,10:01:21,0.65,50,63500
20240206,10:02:23,0.65,50,58400
20240206,10:03:56,0.65,100,58400
20240206,10:04:02,0.65,3600,58400
20240206,10:04:04,0.65,1550,58400
20240206,10:04:07,0.65,250,58400
20240206,10:04:10,0.65,450,58400
20240206,10:04:11,0.65,1800,58400
20240206,10:04:11,0.65,5500,58400
20240206,10:04:12,0.7,1900,58400
20240206,10:06:36,0.7,50,58400
20240206,10:06:38,0.65,100,58100
20240206,10:07:14,0.7,50,58100
20240206,10:07:34,0.7,100,58100
20240206,10:07:45,0.75,2500,58100
20240206,10:07:45,0.7,50,58100
20240206,10:07:46,0.7,100,58100
20240206,10:07:47,0.7,50,58100
20240206,10:08:05,0.7,250,58100
20240206,10:08:17,0.7,3600,58100
20240206,10:08:23,0.7,1200,58100
20240206,10:08:25,0.7,1800,58100
20240206,10:08:26,0.7,100,58100
20240206,10:08:57,0.7,1700,58100
20240206,10:09:00,0.7,1800,58100
20240206,10:09:01,0.7,450,58100
20240206,10:09:20,0.7,250,58100
20240206,10:11:23,0.75,3300,59050
20240206,10:11:25,0.75,100,59050
20240206,10:11:26,0.75,850,59050
20240206,10:11:35,0.75,650,59050
20240206,10:11:41,0.75,2050,59050
20240206,10:11:52,0.7,1000,59050
20240206,10:13:32,0.75,1800,59050
20240206,10:13:34,0.75,1900,59050
20240206,10:13:35,0.75,50,60250
20240206,10:13:42,0.75,50,60250
20240206,10:13:46,0.75,1050,60250
20240206,10:13:48,0.75,100,60250
20240206,10:14:45,0.8,100,60250
20240206,10:15:37,0.75,100,60250
20240206,10:15:40,0.75,1800,60250
20240206,10:15:41,0.7,1400,60250
20240206,10:15:53,0.75,500,60250
20240206,10:16:13,0.75,50,60250
20240206,10:16:23,0.75,1800,60250
20240206,10:16:25,0.75,600,60250
20240206,10:16:36,0.75,1800,60250
20240206,10:16:58,0.75,1800,60750
20240206,10:16:59,0.7,1250,60750
20240206,10:17:02,0.7,450,60750
20240206,10:17:04,0.7,1800,60750
20240206,10:17:06,0.75,1150,60750
20240206,10:21:34,0.7,1100,60150
20240206,10:21:39,0.7,1800,60150
20240206,10:21:40,0.7,1800,60150
20240206,10:21:41,0.7,5450,60150
20240206,10:21:55,0.7,50,60150
20240206,10:22:05,0.7,50,60150
20240206,10:22:30,0.7,50,60150
20240206,10:22:50,0.65,50,58600
20240206,10:22:52,0.65,600,58600
20240206,10:22:56,0.65,900,58600
20240206,10:23:09,0.7,100,58600
20240206,10:24:31,0.7,450,58600
20240206,10:26:36,0.7,50,58200
20240206,10:28:00,0.7,3450,58200
20240206,10:28:11,0.75,1800,58200
20240206,10:28:15,0.75,550,58200
20240206,10:28:44,0.7,1800,59750
20240206,10:28:55,0.7,50,59750
20240206,10:29:02,0.7,1600,59750
20240206,10:29:09,0.7,50,59750
20240206,10:29:17,0.7,500,59750
20240206,10:29:41,0.7,100,59750
20240206,10:29:55,0.75,1800,59750
20240206,10:30:00,0.75,3500,59750
20240206,10:30:03,0.75,50,59750
20240206,10:30:04,0.75,1050,59750
20240206,10:30:06,0.75,50,59750
20240206,10:30:48,0.75,50,59750
20240206,10:30:59,0.8,50,59750
20240206,10:31:18,0.8,50,59750
20240206,10:31:26,0.75,50,59750
20240206,10:31:28,0.8,50,59750
20240206,10:31:52,0.8,950,61500
20240206,10:31:56,0.8,300,61500
20240206,10:34:33,0.75,600,61500
20240206,10:35:02,0.75,600,61550
20240206,10:35:17,0.75,850,61550
20240206,10:35:24,0.75,650,61550
20240206,10:35:24,0.8,50,61550
20240206,10:35:33,0.7,1450,61550
20240206,10:38:14,0.75,1400,61050
20240206,10:40:03,0.7,50,61050
20240206,10:40:16,0.7,100,61050
20240206,10:40:19,0.7,1050,61050
20240206,10:40:27,0.75,50,61050
20240206,10:40:31,0.75,50,61050
20240206,10:40:53,0.75,200,61050
20240206,10:41:38,0.7,50,61100
20240206,10:41:50,0.75,100,61100
20240206,10:43:03,0.75,50,61100
20240206,10:43:12,0.65,50,61100
20240206,10:43:25,0.75,200,61100
20240206,10:43:26,0.7,1850,61100
20240206,10:45:03,0.75,1000,61100
20240206,10:47:35,0.75,150,59250
20240206,10:48:24,0.75,3600,59550
20240206,10:50:42,0.75,300,59550
20240206,10:50:44,0.75,200,60050
20240206,10:51:07,0.7,50,60050
20240206,10:51:18,0.75,500,60050
20240206,10:51:33,0.7,200,60050
20240206,10:51:33,0.75,300,60050
20240206,10:52:09,0.75,750,60050
20240206,10:52:10,0.75,50,60050
20240206,10:52:11,0.75,50,60050
20240206,10:52:31,0.75,50,60050
20240206,10:53:09,0.75,50,60050
20240206,10:53:40,0.75,100,61500
20240206,10:53:44,0.75,600,61500
20240206,10:53:50,0.75,150,61500
20240206,10:53:51,0.75,150,61500
20240206,10:55:38,0.8,100,61500
20240206,10:55:40,0.8,900,61500
20240206,10:55:41,0.8,900,61500
20240206,10:55:53,0.8,300,61500
20240206,10:56:29,0.8,150,61500
20240206,10:56:32,0.75,1750,61500
20240206,10:56:35,0.75,50,61500
20240206,10:57:05,0.8,1800,61500
20240206,10:57:08,0.8,2550,61500
20240206,10:57:09,0.75,4450,61500
20240206,10:57:15,0.8,150,61500
20240206,10:57:20,0.8,150,61500
20240206,10:57:38,0.85,50,61500
20240206,10:57:51,0.8,500,61500
20240206,10:57:57,0.85,900,61500
20240206,10:57:59,0.85,3650,61500
20240206,10:59:08,0.8,1000,63300
20240206,10:59:14,0.8,2050,63300
20240206,10:59:20,0.8,250,63300
20240206,10:59:27,0.85,50,63300
20240206,10:59:28,0.8,300,63300
20240206,10:59:32,0.8,150,63300
20240206,10:59:37,0.85,800,63300
20240206,10:59:47,0.85,800,63300
20240206,10:59:50,0.8,450,63300
20240206,10:59:54,0.85,50,63300
20240206,10:59:56,0.85,50,63300
20240206,10:59:59,0.8,750,63300
20240206,11:00:04,0.85,150,63300
20240206,11:00:05,0.85,1000,63300
20240206,11:00:10,0.8,50,63300
20240206,11:00:25,0.85,450,63300
20240206,11:00:26,0.85,250,63300
20240206,11:00:32,0.85,250,63300
20240206,11:00:33,0.85,2600,63300
20240206,11:00:35,0.85,150,63300
20240206,11:00:41,0.9,900,63300
20240206,11:00:57,0.9,100,63300
20240206,11:00:57,0.9,800,63300
20240206,11:00:58,0.9,50,63300
20240206,11:00:59,0.9,50,63300
20240206,11:01:03,0.9,1000,63300
20240206,11:01:04,0.9,50,63300
20240206,11:01:05,0.9,900,63300
20240206,11:01:07,0.9,300,63300
20240206,11:01:17,0.9,500,63300
20240206,11:01:19,0.9,150,63300
20240206,11:01:34,0.9,850,63300
20240206,11:01:45,0.9,1800,63100
20240206,11:01:46,0.9,1800,63100
20240206,11:01:49,0.9,50,63100
20240206,11:02:08,0.9,50,63100
20240206,11:03:05,0.9,250,63100
20240206,11:03:20,0.9,150,63100
20240206,11:03:21,0.9,150,63100
20240206,11:03:30,0.9,250,63100
20240206,11:03:33,0.9,50,63100
20240206,11:03:34,0.9,50,63100
20240206,11:03:45,0.9,150,63100
20240206,11:03:55,0.9,50,63100
20240206,11:03:56,0.9,50,63100
20240206,11:04:14,0.9,900,63100
20240206,11:04:45,0.9,250,63650
20240206,11:04:54,0.9,1700,63650
20240206,11:04:57,0.9,1700,63650
20240206,11:04:58,0.9,50,63650
20240206,11:05:36,0.85,250,63650
20240206,11:05:41,0.85,2250,63650
20240206,11:05:42,0.85,50,63650
20240206,11:05:43,0.85,50,63650
20240206,11:05:44,0.85,100,63650
20240206,11:05:45,0.85,50,63650
20240206,11:05:48,0.85,50,63650
20240206,11:06:33,0.8,1050,63650
20240206,11:06:34,0.8,2600,63650
20240206,11:07:19,0.85,1800,63650
20240206,11:07:24,0.85,50,63650
20240206,11:07:27,0.85,2750,63650
20240206,11:07:39,0.8,500,63650
20240206,11:08:15,0.85,150,63650
20240206,11:08:46,0.85,50,60400
20240206,11:09:05,0.85,1250,60400
20240206,11:09:05,0.85,900,60400
20240206,11:09:06,0.85,300,60400
20240206,11:09:08,0.85,50,60400
20240206,11:09:09,0.85,50,60400
20240206,11:09:30,0.85,500,60400
20240206,11:09:34,0.9,1400,60400
20240206,11:09:42,0.9,50,60400
20240206,11:09:48,0.9,800,60400
20240206,11:11:15,0.85,150,61100
20240206,11:11:35,0.85,900,61100
20240206,11:11:43,0.85,900,61100
20240206,11:11:49,0.8,50,61100
20240206,11:12:21,0.8,300,61100
20240206,11:13:08,0.8,250,61100
20240206,11:13:38,0.8,100,61100
20240206,11:14:06,0.85,850,61100
20240206,11:14:07,0.9,3600,60100
20240206,11:14:23,0.9,1800,60100
20240206,11:14:26,0.9,50,60100
20240206,11:14:27,0.85,400,60100
20240206,11:14:51,0.9,50,60100
20240206,11:14:52,0.9,3350,60100
20240206,11:14:54,0.9,50,60100
20240206,11:15:36,0.9,50,60100
20240206,11:15:44,0.9,50,60100
20240206,11:15:53,0.9,50,60100
20240206,11:16:01,0.9,1450,60100
20240206,11:16:04,0.9,1150,60100
20240206,11:16:08,0.9,800,60100
20240206,11:16:12,0.9,400,60100
20240206,11:16:16,0.9,1800,60100
20240206,11:16:18,0.9,200,60100
20240206,11:16:47,0.95,3550,60100
20240206,11:16:49,0.95,100,61550
20240206,11:16:50,0.95,50,61550
20240206,11:16:51,0.95,50,61550
20240206,11:16:52,0.95,50,61550
20240206,11:16:53,0.95,50,61550
20240206,11:17:16,0.95,50,61550
20240206,11:17:35,0.95,50,61550
20240206,11:17:37,0.95,50,61550
20240206,11:18:14,0.95,450,61550
20240206,11:18:52,1.0,50,61550
20240206,11:18:57,0.95,50,61550
20240206,11:19:06,1.0,100,61550
20240206,11:19:17,0.95,600,61550
20240206,11:19:21,0.95,50,61550
20240206,11:19:22,0.95,50,61550
20240206,11:19:23,0.95,50,61550
20240206,11:19:27,0.95,200,61550
20240206,11:20:01,0.95,400,63350
20240206,11:20:22,0.9,800,63350
20240206,11:21:09,0.9,3200,63350
20240206,11:21:09,0.9,50,63350
20240206,11:21:10,0.9,100,63350
20240206,11:21:12,0.9,50,63350
20240206,11:21:13,0.9,50,63350
20240206,11:21:15,0.9,50,63350
20240206,11:21:17,0.9,50,63350
20240206,11:21:54,0.9,50,63350
20240206,11:21:56,0.85,450,63350
20240206,11:22:02,0.85,50,63350
20240206,11:22:06,0.85,900,63350
20240206,11:22:12,0.85,600,63350
20240206,11:22:24,0.85,1850,63350
20240206,11:26:12,0.85,900,59650
20240206,11:26:39,0.85,200,59650
20240206,11:26:40,0.9,250,59650
20240206,11:29:10,0.85,50,58800
20240206,11:29:14,0.85,900,58800
20240206,11:29:15,0.85,900,58800
20240206,11:29:16,0.85,200,58800
20240206,11:29:38,0.85,1200,58800
20240206,11:29:40,0.9,5000,58800
20240206,11:30:25,0.9,1800,58800
20240206,11:30:27,0.9,300,58800
20240206,11:31:35,0.9,4450,58800
20240206,11:31:36,0.9,1800,58800
20240206,11:31:43,0.85,100,58800
20240206,11:32:24,0.95,3200,58800
20240206,11:32:25,0.95,3550,57850
20240206,11:32:39,0.95,100,57850
20240206,11:32:41,0.95,50,57850
20240206,11:32:43,0.95,50,57850
20240206,11:32:44,0.95,50,57850
20240206,11:32:46,0.95,50,57850
20240206,11:34:28,0.95,1300,57850
20240206,11:34:28,0.95,1100,57850
20240206,11:34:32,1.0,1800,57850
20240206,11:34:34,1.0,50,57850
20240206,11:34:40,1.0,50,57850
20240206,11:34:46,1.0,50,57850
20240206,11:34:54,1.0,50,57850
20240206,11:35:27,1.05,3600,54500
20240206,11:35:37,1.05,250,54500
20240206,11:35:45,1.0,50,54500
20240206,11:35:48,1.05,50,54500
20240206,11:36:02,1.0,1500,54500
20240206,11:36:40,1.0,500,54500
20240206,11:36:41,1.0,1800,54500
20240206,11:37:07,1.05,300,54500
20240206,11:37:19,1.05,1800,54500
20240206,11:38:12,1.0,1150,50950
20240206,11:38:14,1.0,300,50950
20240206,11:41:16,1.05,200,50950
20240206,11:41:29,1.05,1650,50050
20240206,11:41:50,1.0,1800,50050
20240206,11:41:52,1.0,1800,50050
20240206,11:43:06,0.95,150,50050
20240206,11:43:16,0.95,250,50050
20240206,11:44:54,0.95,150,47950
20240206,11:44:56,0.95,150,47950
20240206,11:44:57,0.95,150,47950
20240206,11:45:14,0.95,50,47950
20240206,11:45:27,0.95,500,47950
20240206,11:45:34,0.95,100,47950
20240206,11:46:13,1.0,50,47950
20240206,11:46:15,0.95,1350,47950
20240206,11:46:21,0.9,50,47950
20240206,11:46:25,0.95,250,47950
20240206,11:47:23,0.95,100,47400
20240206,11:47:28,0.95,1800,47400
20240206,11:47:53,0.9,150,47400
20240206,11:48:02,0.95,100,47400
20240206,11:48:35,0.95,100,47400
20240206,11:48:46,0.95,1800,47400
20240206,11:48:55,0.95,50,47400
20240206,11:48:56,0.95,100,47400
20240206,11:49:21,0.95,1800,47400
20240206,11:49:22,0.95,150,47400
20240206,11:49:25,0.95,700,47400
20240206,11:49:30,0.95,50,47400
20240206,11:49:35,0.95,750,47400
20240206,11:49:45,0.95,50,47400
20240206,11:50:48,0.95,50,47200
20240206,11:54:16,0.95,1650,47200
20240206,11:54:19,0.95,50,47200
20240206,11:54:20,0.95,50,47200
20240206,11:54:23,0.95,50,47200
20240206,11:55:06,0.95,200,47200
20240206,11:55:07,1.0,50,47200
20240206,11:55:11,0.95,100,47200
20240206,11:55:38,0.95,50,47200
20240206,11:57:02,0.95,250,47200
20240206,11:57:56,1.0,250,47800
20240206,11:57:57,1.0,250,47800
20240206,11:58:38,1.05,16750,47800
20240206,11:58:39,1.1,1700,47800
20240206,11:58:40,1.1,3900,47800
20240206,11:58:41,1.15,950,47800
20240206,11:58:42,1.15,3200,47800
20240206,11:58:43,1.15,3300,47800
20240206,11:58:44,1.15,1500,47800
20240206,11:58:45,1.15,1500,47800
20240206,11:58:46,1.15,250,47800
20240206,11:58:47,1.15,1600,47800
20240206,11:58:48,1.15,1000,47800
20240206,12:00:13,1.1,50,44050
20240206,12:00:17,1.1,50,44050
20240206,12:00:26,1.1,50,44050
20240206,12:00:29,1.1,50,44050
20240206,12:00:33,1.1,50,44050
20240206,12:00:39,1.1,50,44050
20240206,12:01:40,1.1,50,44050
20240206,12:02:05,1.05,1800,43700
20240206,12:04:19,1.05,1450,43700
20240206,12:05:34,1.05,1800,41550
20240206,12:05:42,1.05,1200,41550
20240206,12:06:21,1.05,800,41550
20240206,12:06:41,1.1,50,41550
20240206,12:09:00,1.05,300,38400
20240206,12:11:00,1.1,50,38400
20240206,12:11:35,1.1,550,38100
20240206,12:12:28,1.05,50,38100
20240206,12:13:10,1.1,500,38100
20240206,12:13:14,1.05,50,38100
20240206,12:13:42,1.05,350,38100
20240206,12:14:13,1.1,600,37150
20240206,12:14:18,1.05,50,37150
20240206,12:14:57,1.1,100,37150
20240206,12:15:05,1.1,100,37150
20240206,12:15:48,1.1,100,37150
20240206,12:15:58,1.05,50,37150
20240206,12:16:09,1.05,50,37150
20240206,12:16:36,1.05,1400,37150
20240206,12:16:44,1.1,50,37150
20240206,12:16:55,1.1,50,35150
20240206,12:17:15,1.1,50,35150
20240206,12:17:26,1.05,850,35150
20240206,12:17:34,1.05,50,35150
20240206,12:17:51,1.05,500,35150
20240206,12:18:03,1.1,200,35150
20240206,12:18:05,1.05,1200,35150
20240206,12:18:35,1.05,50,35150
20240206,12:18:56,1.05,50,35150
20240206,12:20:14,1.05,50,36450
20240206,12:20:23,1.05,1800,36450
20240206,12:20:24,1.05,1600,36450
20240206,12:20:25,1.05,300,36450
20240206,12:20:27,1.05,50,36450
20240206,12:20:44,1.0,650,36450
20240206,12:20:55,1.05,50,36450
20240206,12:20:56,1.05,250,36450
20240206,12:21:15,1.05,100,36450
20240206,12:21:43,1.0,50,36450
20240206,12:22:01,1.05,250,36450
20240206,12:22:11,1.05,50,36450
20240206,12:22:35,1.05,50,36450
20240206,12:22:38,1.0,1750,36450
20240206,12:22:54,1.0,50,36450
20240206,12:25:24,1.0,100,36650
20240206,12:25:57,1.0,100,36650
20240206,12:26:07,1.0,4900,36700
20240206,12:26:09,1.0,50,36700
20240206,12:26:21,1.0,50,36700
20240206,12:26:34,1.0,100,36700
20240206,12:26:59,0.95,50,36700
20240206,12:30:05,0.95,450,36700
20240206,12:30:34,0.95,200,32850
20240206,12:30:47,0.95,50,32850
20240206,12:30:52,0.95,250,32850
20240206,12:31:07,0.95,250,32850
20240206,12:31:38,0.95,100,32850
20240206,12:31:50,0.95,100,32850
20240206,12:33:49,1.0,50,32850
20240206,12:34:57,0.95,50,33250
20240206,12:36:32,1.0,50,33250
20240206,12:36:41,0.95,50,33250
20240206,12:36:43,0.95,50,33250
20240206,12:36:52,0.95,50,33250
20240206,12:37:04,0.95,50,33250
20240206,12:37:45,1.0,200,33250
20240206,12:37:56,0.95,50,33250
20240206,12:38:09,0.95,50,33050
20240206,12:39:19,0.95,50,33050
20240206,12:39:39,0.95,50,33050
20240206,12:41:05,1.0,1800,33050
20240206,12:42:19,0.95,50,33050
20240206,12:42:28,0.95,50,33050
20240206,12:42:37,0.95,50,33050
20240206,12:43:07,0.95,50,33050
20240206,12:43:46,0.95,1100,33050
20240206,12:43:56,0.9,250,33050
20240206,12:45:04,0.9,50,33050
20240206,12:45:41,0.9,50,32150
20240206,12:46:03,0.9,50,32150
20240206,12:46:11,0.9,50,32150
20240206,12:51:46,0.95,50,32150
20240206,12:52:48,0.9,200,32150
20240206,12:54:20,0.95,50,32150
20240206,12:54:57,0.95,250,32100
20240206,12:55:04,0.95,50,32100
20240206,12:55:25,0.95,50,32100
20240206,12:55:44,0.9,50,32100
20240206,12:55:52,0.9,1100,32100
20240206,12:58:06,0.9,200,32300
20240206,12:59:30,0.9,100,32300
20240206,12:59:53,0.95,50,32500
20240206,13:02:24,0.9,2000,32450
20240206,13:02:24,0.9,2650,32450
20240206,13:03:10,0.9,5050,32450
20240206,13:03:13,0.9,1600,32450
20240206,13:03:43,0.9,600,32450
20240206,13:04:22,0.95,50,32450
20240206,13:04:24,0.85,1650,32450
20240206,13:04:43,0.85,2200,32450
20240206,13:04:53,0.85,50,32450
20240206,13:05:54,0.85,200,32450
20240206,13:08:02,0.85,100,36400
20240206,13:10:58,0.9,100,36400
20240206,13:12:08,0.85,250,36500
20240206,13:12:08,0.85,100,36500
20240206,13:16:38,0.85,800,36500
20240206,13:16:39,0.85,2000,36200
20240206,13:16:54,0.85,100,36200
20240206,13:19:12,0.85,50,36200
20240206,13:19:44,0.85,250,34000
20240206,13:23:04,0.85,50,34000
20240206,13:23:24,0.85,50,34000
20240206,13:23:38,0.85,50,34000
20240206,13:29:57,0.85,900,34000
20240206,13:30:15,0.9,400,34000
20240206,13:30:55,0.85,250,34000
20240206,13:35:48,0.9,50,33350
20240206,13:35:53,0.85,400,33350
20240206,13:37:20,0.85,200,33350
20240206,13:38:49,0.85,1200,33350
20240206,13:38:50,0.85,400,33700
20240206,13:39:05,0.8,50,33700
20240206,13:40:34,0.8,250,33700
20240206,13:41:54,0.8,400,32700
20240206,13:42:17,0.8,1600,32700
20240206,13:48:42,0.8,300,34100
20240206,13:49:20,0.8,3750,34100
20240206,13:52:17,0.8,3000,32250
20240206,13:54:31,0.85,1500,32250
20240206,13:55:08,0.85,50,32250
20240206,13:55:08,0.85,6350,32250
20240206,13:55:10,0.85,50,32250
20240206,13:55:33,0.85,50,32250
20240206,13:55:43,0.85,50,32250
20240206,13:55:45,0.85,50,32250
20240206,13:56:04,0.85,50,32250
20240206,13:56:18,0.85,2750,32250
20240206,13:56:21,0.85,1000,33900
20240206,13:58:16,0.8,200,33900
20240206,13:59:24,0.85,300,33900
20240206,13:59:31,0.85,250,32850
20240206,13:59:32,0.8,50,32850
20240206,14:01:19,0.8,800,32850
20240206,14:01:56,0.8,50,32850
20240206,14:04:45,0.85,250,31850
20240206,14:04:49,0.85,300,31850
20240206,14:05:26,0.85,50,31850
20240206,14:06:48,0.85,250,31400
20240206,14:06:54,0.85,700,31400
20240206,14:06:54,0.9,1250,31400
20240206,14:06:55,0.9,650,31400
20240206,14:10:57,0.9,3050,31400
20240206,14:13:54,0.9,300,31650
20240206,14:14:00,0.95,3200,31800
20240206,14:14:01,0.95,100,31800
20240206,14:14:04,0.95,100,31800
20240206,14:14:23,0.95,500,32900
20240206,14:14:47,0.95,250,32900
20240206,14:15:15,0.95,50,32900
20240206,14:15:19,0.95,50,32900
20240206,14:15:38,0.95,50,32900
20240206,14:15:56,0.95,300,32900
20240206,14:16:30,0.95,150,32900
20240206,14:18:22,1.0,50,32150
20240206,14:21:25,1.0,50,32150
20240206,14:22:39,0.95,550,32200
20240206,14:22:47,0.95,50,32200
20240206,14:24:16,1.0,1800,32200
20240206,14:24:17,1.0,1800,32700
20240206,14:24:18,1.0,1950,32700
20240206,14:24:31,1.05,50,32700
20240206,14:24:48,1.0,700,32700
20240206,14:25:06,1.0,1800,32700
20240206,14:25:07,1.0,700,32700
20240206,14:25:08,1.0,750,32700
20240206,14:25:09,1.0,250,32700
20240206,14:25:42,1.0,1700,32700
20240206,14:25:57,1.0,600,32700
20240206,14:27:13,1.0,600,34350
20240206,14:27:34,1.0,50,34350
20240206,14:29:25,1.0,50,34300
20240206,14:32:27,1.05,50,34350
20240206,14:33:49,1.0,50,34350
20240206,14:38:32,1.05,1800,34350
20240206,14:39:14,1.0,2500,34350
20240206,14:39:18,1.05,400,34350
20240206,14:39:23,1.05,350,34350
20240206,14:39:24,1.05,350,34350
20240206,14:39:43,1.05,450,34350
20240206,14:39:44,1.05,50,34350
20240206,14:39:45,1.05,50,34350
20240206,14:39:54,1.05,50,34350
20240206,14:40:12,1.05,50,34350
20240206,14:40:22,1.05,500,34350
20240206,14:40:23,1.1,50,34350
20240206,14:42:37,1.1,1750,34350
20240206,14:42:39,1.1,1350,32650
20240206,14:42:50,1.1,450,32650
20240206,14:42:51,1.15,1800,32650
20240206,14:43:00,1.15,50,32650
20240206,14:43:32,1.15,1800,32650
20240206,14:44:16,1.15,50,32650
20240206,14:44:38,1.15,50,32650
20240206,14:45:28,1.15,100,34750
20240206,14:46:08,1.1,1800,34750
20240206,14:46:09,1.1,1800,34750
20240206,14:47:16,1.15,50,34750
20240206,14:47:28,1.1,250,33750
20240206,14:49:10,1.1,50,33750
20240206,14:49:43,1.1,1000,33750
20240206,14:50:18,1.1,1800,33750
20240206,14:50:30,1.1,300,34750
20240206,14:50:59,1.1,1800,34750
20240206,14:51:03,1.1,700,34750
20240206,14:51:48,1.05,50,34750
20240206,14:51:50,1.05,1800,34750
20240206,14:52:19,1.05,450,34750
20240206,14:53:59,1.1,3600,34750
20240206,14:54:05,1.05,50,39050
20240206,14:54:32,1.05,150,39050
20240206,14:54:33,1.1,200,39050
20240206,14:54:34,1.05,150,39050
20240206,14:57:00,1.1,1600,39050
20240206,14:57:18,1.1,50,36400
20240206,14:59:40,1.05,1500,36400
20240206,14:59:40,1.05,1000,34800
20240206,14:59:50,1.05,1500,34800
20240206,15:00:38,1.1,50,34800
20240206,15:01:02,1.05,1000,34800
20240206,15:02:40,1.05,100,34800
20240206,15:03:56,1.1,100,34850
20240206,15:04:05,1.1,50,34850
20240206,15:05:44,1.1,350,34700
20240206,15:05:46,1.1,1650,34700
20240206,15:05:49,1.1,250,34700
20240206,15:05:52,1.1,3850,34700
20240206,15:07:01,1.1,50,34700
20240206,15:07:39,1.1,250,34700
20240206,15:08:10,1.1,50,34700
20240206,15:09:20,1.1,250,28600
20240206,15:09:41,1.15,600,28600
20240206,15:09:44,1.15,50,28600
20240206,15:09:50,1.15,300,28600
20240206,15:09:53,1.1,300,28600
20240206,15:09:54,1.15,300,28600
20240206,15:09:57,1.15,900,28600
20240206,15:09:58,1.15,700,28600
20240206,15:10:03,1.2,950,28600
20240206,15:10:04,1.2,2050,28600
20240206,15:10:05,1.15,300,28600
20240206,15:10:17,1.15,600,28600
20240206,15:10:18,1.15,1800,28600
20240206,15:10:43,1.1,4150,28600
20240206,15:10:44,1.1,1050,28600
20240206,15:10:45,1.1,1500,28600
20240206,15:10:46,1.1,2850,28600
20240206,15:10:47,1.1,1200,28600
20240206,15:10:48,1.1,150,28600
20240206,15:10:59,1.15,100,28600
20240206,15:11:16,1.05,450,28600
20240206,15:11:17,1.05,200,28600
20240206,15:11:18,1.05,150,28600
20240206,15:11:30,1.1,1100,28600
20240206,15:11:32,1.05,750,38050
20240206,15:11:33,1.05,150,38050
20240206,15:11:45,1.1,350,38050
20240206,15:11:47,1.05,150,38050
20240206,15:13:02,1.1,850,38050
20240206,15:13:10,1.1,50,38050
20240206,15:13:50,1.05,50,38050
20240206,15:13:55,1.1,400,38050
20240206,15:14:41,1.05,150,38050
20240206,15:15:02,1.05,300,36700
20240206,15:15:40,1.05,150,36700
20240206,15:15:54,1.05,150,36700
20240206,15:15:55,1.05,150,36700
20240206,15:16:11,1.1,50,36700
20240206,15:16:22,1.05,500,36700
20240206,15:16:46,1.1,350,36700
20240206,15:16:50,1.05,650,36700
20240206,15:16:52,1.05,4900,36700
20240206,15:17:00,1.1,200,36700
20240206,15:17:02,1.1,500,36700
20240206,15:17:16,1.1,250,36700
20240206,15:17:20,1.1,1800,36700
20240206,15:17:21,1.1,250,33650
20240206,15:17:32,1.1,150,33650
20240206,15:17:36,1.1,1800,33650
20240206,15:17:44,1.1,1000,33650
20240206,15:17:51,1.05,600,33650
20240206,15:17:57,1.05,150,33650
20240206,15:18:02,1.05,50,33650
20240206,15:18:17,1.1,1800,33650
20240206,15:18:31,1.1,1800,33650
20240206,15:18:32,1.05,150,33650
20240206,15:18:39,1.05,300,33650
20240206,15:18:40,1.05,450,33650
20240206,15:19:26,1.05,100,33650
20240206,15:19:27,1.05,100,33650
20240206,15:19:28,1.05,100,33650
20240206,15:19:29,1.05,100,33650
20240206,15:19:30,1.05,100,33650
20240206,15:19:33,1.05,50,33650
20240206,15:19:51,1.05,150,33650
20240206,15:19:56,1.05,150,33650
20240206,15:20:40,1.05,200,35800
20240206,15:20:44,1.05,150,35800
20240206,15:20:45,1.05,2250,35800
20240206,15:20:46,1.05,450,35800
20240206,15:20:47,1.05,150,35800
20240206,15:20:48,1.05,300,35800
20240206,15:20:52,1.05,300,35800
20240206,15:20:53,1.05,900,35800
20240206,15:21:01,1.05,450,35800
20240206,15:21:23,1.05,1600,35800
20240206,15:21:25,1.05,50,35800
20240206,15:21:29,1.05,600,35800
20240206,15:21:33,1.05,350,35800
20240206,15:21:35,1.05,150,35800
20240206,15:21:39,1.05,50,35800
20240206,15:21:43,1.1,550,35800
20240206,15:21:44,1.15,350,35800
20240206,15:21:55,1.1,50,35800
20240206,15:21:56,1.1,250,35800
20240206,15:22:40,1.1,50,35800
20240206,15:24:00,1.15,100,42100
20240206,15:24:42,1.15,250,42100
20240206,15:25:03,1.1,100,42100
20240206,15:25:08,1.1,100,42100
20240206,15:25:08,1.1,1950,42100
20240206,15:25:09,1.15,1900,42100
20240206,15:25:18,1.1,50,42100
20240206,15:25:40,1.1,250,42100
20240206,15:25:42,1.1,550,42100
20240206,15:25:47,1.1,200,42100
20240206,15:25:50,1.1,1300,42100
20240206,15:25:51,1.1,600,42100
20240206,15:25:52,1.1,300,42100
20240206,15:25:54,1.1,1100,42100
20240206,15:25:57,1.1,50,42100
20240206,15:25:58,1.1,1350,42100
20240206,15:25:59,1.1,300,42100
20240206,15:26:09,1.1,50,42100
20240206,15:26:10,1.1,100,42100
20240206,15:26:10,1.15,50,42100
20240206,15:26:12,1.15,50,42100
20240206,15:26:21,1.1,150,42100
20240206,15:26:23,1.1,50,42100
20240206,15:26:24,1.1,1900,44800
20240206,15:26:25,1.0,150,44800
20240206,15:26:28,1.0,150,44800
20240206,15:26:40,1.1,100,44800
20240206,15:26:41,1.0,150,44800
20240206,15:26:43,1.05,500,44800
20240206,15:26:44,0.95,150,44800
20240206,15:26:48,1.0,50,44800
20240206,15:27:03,1.1,400,44800
20240206,15:27:04,1.1,1400,44800
20240206,15:27:10,1.05,1650,44800
20240206,15:27:18,1.1,950,44800
20240206,15:27:19,1.0,150,44800
20240206,15:27:20,1.15,650,44800
20240206,15:27:24,1.15,950,44800
20240206,15:27:25,1.05,50,44800
20240206,15:27:26,1.05,50,44800
20240206,15:27:27,1.05,200,44800
20240206,15:27:29,1.0,150,44800
20240206,15:27:30,1.0,450,44800
20240206,15:27:31,1.0,300,44800
20240206,15:27:32,1.15,3300,44800
20240206,15:27:33,1.1,50,44800
20240206,15:27:36,1.0,150,44800
20240206,15:27:37,1.1,800,44800
20240206,15:27:39,1.05,1000,44800
20240206,15:27:41,1.0,1050,44800
20240206,15:27:43,1.0,2600,44800
20240206,15:27:52,1.0,150,44800
20240206,15:27:53,1.1,500,44800
20240206,15:27:54,1.0,150,44800
20240206,15:27:59,1.0,1250,44800
20240206,15:28:01,1.0,1200,44800
20240206,15:28:08,1.1,50,44800
20240206,15:28:09,1.1,200,44800
20240206,15:28:27,1.0,150,44800
20240206,15:28:28,1.0,450,44800
20240206,15:28:31,1.05,200,44800
20240206,15:28:32,1.05,50,44800
20240206,15:28:53,0.95,3200,44800
20240206,15:28:54,0.95,300,44800
20240206,15:28:58,1.05,100,44800
20240206,15:28:59,1.05,100,44800
20240206,15:29:00,0.9,150,44800
20240206,15:29:03,1.05,250,44800
20240206,15:29:06,1.05,200,44800
20240206,15:29:07,1.05,200,44800
20240206,15:29:08,0.9,150,44800
20240206,15:29:09,0.9,1200,44800
20240206,15:29:17,0.95,100,44800
20240206,15:29:27,1.1,100,58900
20240206,15:29:28,1.15,250,58900
20240206,15:29:30,0.95,150,58900
20240206,15:29:33,0.95,150,58900
20240206,15:29:51,1.1,50,58900
20240207,09:15:00,0.9,1,58900
20240207,09:15:00,0.9,100,58900
20240207,09:15:03,1.15,50,59400
20240207,09:15:05,1.15,50,59400
20240207,09:15:10,1.1,450,59400
20240207,09:15:13,1.05,100,59400
20240207,09:15:44,0.8,850,59400
20240207,09:15:50,0.8,500,59400
20240207,09:15:56,0.8,50,59400
20240207,09:16:02,0.9,100,59400
20240207,09:16:09,0.8,100,59400
20240207,09:16:22,0.8,50,59400
20240207,09:16:24,0.8,50,59400
20240207,09:16:27,0.8,50,59400
20240207,09:16:28,0.8,50,59400
20240207,09:16:39,0.8,250,59400
20240207,09:16:57,0.8,100,59350
20240207,09:17:00,0.85,50,59350
20240207,09:17:15,0.8,750,59350
20240207,09:18:11,0.85,50,59350
20240207,09:18:24,0.9,50,59350
20240207,09:18:59,0.85,300,59350
20240207,09:19:21,0.9,5600,59350
20240207,09:19:23,0.9,200,59350
20240207,09:19:24,0.9,50,59350
20240207,09:19:45,0.9,500,56150
20240207,09:19:47,0.85,200,56150
20240207,09:19:50,0.85,200,56150
20240207,09:20:00,0.85,800,56150
20240207,09:20:10,0.85,650,56150
20240207,09:20:15,0.9,50,56150
20240207,09:20:28,0.8,50,56150
20240207,09:20:30,0.8,250,56150
20240207,09:20:40,0.8,200,56150
20240207,09:20:41,0.85,50,56150
20240207,09:21:01,0.8,50,56150
20240207,09:21:20,0.8,50,56150
20240207,09:21:24,0.8,1400,56150
20240207,09:21:44,0.8,50,56150
20240207,09:21:48,0.8,50,56150
20240207,09:21:52,0.8,50,56150
20240207,09:21:54,0.8,50,56150
20240207,09:21:55,0.8,100,56150
20240207,09:22:01,0.75,50,56150
20240207,09:22:07,0.75,50,56150
20240207,09:22:09,0.75,50,56150
20240207,09:22:13,0.75,50,56150
20240207,09:22:19,0.8,450,56150
20240207,09:22:21,0.85,150,56150
20240207,09:22:34,0.75,600,54100
20240207,09:22:38,0.75,300,54100
20240207,09:22:39,0.75,350,54100
20240207,09:22:42,0.75,1050,54100
20240207,09:22:54,0.75,50,54100
20240207,09:23:00,0.8,100,54100
20240207,09:23:01,0.7,600,54100
20240207,09:23:02,0.7,100,54100
20240207,09:23:05,0.8,100,54100
20240207,09:23:06,0.8,100,54100
20240207,09:23:09,0.8,100,54100
20240207,09:23:16,0.75,300,54100
20240207,09:23:25,0.75,200,54100
20240207,09:23:35,0.75,50,54100
20240207,09:23:38,0.75,1550,54100
20240207,09:23:44,0.75,1550,54100
20240207,09:23:44,0.7,50,54100
20240207,09:23:52,0.7,100,54100
20240207,09:24:17,0.7,1350,54100
20240207,09:24:37,0.7,100,54100
20240207,09:25:09,0.6,450,54100
20240207,09:25:20,0.6,350,54100
20240207,09:25:20,0.6,200,54100
20240207,09:25:30,0.6,400,53300
20240207,09:25:31,0.65,100,53300
20240207,09:25:33,0.65,50,53300
20240207,09:25:35,0.65,50,53300
20240207,09:25:38,0.6,250,53300
20240207,09:26:14,0.6,600,53300
20240207,09:26:30,0.65,900,53300
20240207,09:26:34,0.6,1200,53300
20240207,09:26:37,0.6,250,53300
20240207,09:26:47,0.6,1050,53300
20240207,09:27:25,0.6,50,53300
20240207,09:27:38,0.6,1700,53300
20240207,09:29:24,0.55,250,51050
20240207,09:29:35,0.55,100,51050
20240207,09:29:51,0.55,50,51050
20240207,09:29:52,0.55,50,51050
20240207,09:30:08,0.5,50,51050
20240207,09:30:17,0.5,300,51050
20240207,09:32:09,0.5,50,51050
20240207,09:33:51,0.5,900,51150
20240207,09:34:29,0.55,100,51150
20240207,09:35:01,0.6,100,50300
20240207,09:37:00,0.55,50,50300
20240207,09:37:42,0.6,200,50300
20240207,09:38:53,0.6,50,50300
20240207,09:40:02,0.6,650,50300
20240207,09:40:03,0.6,100,50300
20240207,09:40:05,0.6,50,50300
20240207,09:40:09,0.6,50,50300
20240207,09:40:16,0.6,50,50300
20240207,09:41:43,0.65,50,50300
20240207,09:41:51,0.6,50,50750
20240207,09:43:20,0.6,300,50750
20240207,09:43:28,0.6,250,50750
20240207,09:43:49,0.6,50,50750
20240207,09:45:35,0.6,1800,51000
20240207,09:45:44,0.65,150,51000
20240207,09:45:48,0.6,50,51000
20240207,09:47:09,0.65,300,51000
20240207,09:47:25,0.6,50,48850
20240207,09:47:46,0.6,100,48850
20240207,09:51:16,0.6,50,48850
20240207,09:52:49,0.6,50,48450
20240207,09:53:36,0.6,50,48450
20240207,09:53:40,0.65,200,48450
20240207,10:00:13,0.6,50,48550
20240207,10:05:35,0.6,300,48500
20240207,10:05:41,0.55,50,48500
20240207,10:06:08,0.55,1800,48500
20240207,10:06:12,0.55,150,48500
20240207,10:06:21,0.55,50,48500
20240207,10:07:15,0.6,50,48500
20240207,10:11:28,0.55,100,48500
20240207,10:12:32,0.6,100,48300
20240207,10:12:47,0.6,50,48300
20240207,10:17:26,0.6,50,48250
20240207,10:18:03,0.6,50,48250
20240207,10:18:55,0.6,50,48250
20240207,10:19:06,0.6,1000,48250
20240207,10:19:18,0.6,450,48250
20240207,10:19:20,0.6,1800,48250
20240207,10:19:20,0.6,450,48250
20240207,10:19:22,0.6,1800,48250
20240207,10:19:24,0.6,1800,48250
20240207,10:19:25,0.6,700,48250
20240207,10:19:55,0.6,50,48250
20240207,10:19:59,0.6,500,48250
20240207,10:20:27,0.6,350,48250
20240207,10:20:28,0.6,50,48250
20240207,10:20:29,0.65,50,48250
20240207,10:20:29,0.6,100,48250
20240207,10:20:31,0.65,50,48250
20240207,10:21:03,0.65,50,48250
20240207,10:21:27,0.65,50,48250
20240207,10:23:41,0.6,50,47750
20240207,10:25:06,0.6,1800,47750
20240207,10:25:09,0.6,1250,47750
20240207,10:25:10,0.6,50,47750
20240207,10:29:24,0.55,50,46200
20240207,10:31:36,0.55,250,46200
20240207,10:32:51,0.6,500,46200
20240207,10:33:24,0.6,1500,46200
20240207,10:34:24,0.6,50,46200
20240207,10:34:26,0.6,200,46200
20240207,10:38:33,0.6,300,46200
20240207,10:38:40,0.6,50,45500
20240207,10:39:08,0.55,1800,45500
20240207,10:40:11,0.55,2000,45500
20240207,10:40:41,0.55,450,45500
20240207,10:40:42,0.55,250,45500
20240207,10:42:04,0.55,100,45500
20240207,10:44:33,0.55,50,45500
20240207,10:45:02,0.55,100,45500
20240207,10:45:12,0.55,500,45500
20240207,10:45:50,0.55,2350,45500
20240207,10:45:53,0.55,150,45500
20240207,10:45:57,0.55,50,45500
20240207,10:47:00,0.55,50,45500
20240207,10:47:11,0.55,900,43400
20240207,10:47:20,0.55,700,43400
20240207,10:48:08,0.55,50,43400
20240207,10:48:50,0.55,1000,43400
20240207,10:49:00,0.55,50,43400
20240207,10:49:04,0.55,50,43400
20240207,10:50:36,0.55,200,42400
20240207,10:52:28,0.55,50,42400
20240207,10:52:40,0.55,50,42400
20240207,10:53:40,0.55,200,42400
20240207,10:53:47,0.55,100,42150
20240207,10:54:28,0.55,50,42150
20240207,10:54:34,0.55,250,42150
20240207,10:54:57,0.55,50,42150
20240207,11:07:24,0.55,1350,42150
20240207,11:07:48,0.55,50,40700
20240207,11:08:20,0.55,1850,40700
20240207,11:08:25,0.55,1800,40700
20240207,11:08:34,0.55,1350,40700
20240207,11:09:19,0.5,250,40700
20240207,11:09:20,0.6,150,40700
20240207,11:09:24,0.5,250,40700
20240207,11:09:51,0.55,1200,40700
20240207,11:09:52,0.6,450,40700
20240207,11:09:53,0.55,2700,40700
20240207,11:09:58,0.55,350,40700
20240207,11:10:27,0.55,900,40700
20240207,11:10:33,0.55,150,40700
20240207,11:11:09,0.55,50,32300
20240207,11:14:18,0.55,1800,32350
20240207,11:16:57,0.5,900,32350
20240207,11:16:58,0.5,150,32350
20240207,11:17:13,0.55,750,32350
20240207,11:17:27,0.55,450,32350
20240207,11:19:00,0.55,250,32350
20240207,11:19:57,0.55,50,31750
20240207,11:20:24,0.55,450,31750
20240207,11:20:29,0.55,450,31750
20240207,11:20:45,0.55,50,31750
20240207,11:22:33,0.55,50,31750
20240207,11:22:45,0.55,50,31750
20240207,11:25:06,0.55,250,31750
20240207,11:26:01,0.55,100,32400
20240207,11:26:09,0.55,450,32450
20240207,11:26:46,0.55,200,32450
20240207,11:29:37,0.55,50,32150
20240207,11:29:41,0.55,100,32150
20240207,11:31:06,0.5,250,32150
20240207,11:34:28,0.5,250,32150
20240207,11:35:15,0.5,250,31950
20240207,11:35:18,0.5,250,32200
20240207,11:35:39,0.45,3600,32200
20240207,11:35:54,0.45,150,32200
20240207,11:36:12,0.5,800,32200
20240207,11:36:15,0.5,4350,32200
20240207,11:40:07,0.45,1800,29000
20240207,11:45:43,0.45,50,29000
20240207,11:46:08,0.45,50,27700
20240207,11:46:20,0.45,50,27700
20240207,11:47:45,0.4,50,27550
20240207,11:47:47,0.4,50,27550
20240207,11:49:50,0.45,500,27550
20240207,11:50:26,0.4,500,27550
20240207,11:56:29,0.4,50,27550
20240207,11:57:01,0.45,1500,27750
20240207,11:58:24,0.4,750,27750
20240207,11:58:32,0.4,1800,27750
20240207,11:58:34,0.4,100,27750
20240207,11:58:49,0.5,4200,27750
20240207,11:59:04,0.4,1800,27750
20240207,12:02:51,0.4,50,29650
20240207,12:09:17,0.45,200,23650
20240207,12:14:42,0.45,50,23800
20240207,12:15:07,0.4,50,23800
20240207,12:15:19,0.4,250,23800
20240207,12:17:45,0.4,50,23550
20240207,12:18:17,0.4,1800,23550
20240207,12:23:26,0.45,50,23550
20240207,12:23:38,0.45,50,24250
20240207,12:26:36,0.45,50,24250
20240207,12:27:36,0.5,3000,24250
20240207,12:29:34,0.4,250,24250
20240207,12:30:51,0.45,50,23650
20240207,12:32:32,0.5,3650,23450
20240207,12:36:41,0.45,50,23450
20240207,12:46:15,0.45,4000,23450
20240207,12:46:25,0.5,4350,23500
20240207,12:48:43,0.45,150,23500
20240207,12:50:34,0.4,1800,23400
20240207,12:53:16,0.4,1000,23400
20240207,12:53:26,0.4,300,23400
20240207,12:54:04,0.4,800,23400
20240207,12:54:05,0.4,200,23400
20240207,12:54:07,0.4,200,23400
20240207,12:54:08,0.35,800,23400
20240207,12:54:10,0.35,1000,23400
20240207,12:54:12,0.35,450,23400
20240207,12:54:46,0.35,1800,23400
20240207,12:55:51,0.4,500,23400
20240207,12:56:36,0.4,50,23550
20240207,12:58:57,0.4,50,23550
20240207,13:04:01,0.4,450,23550
20240207,13:07:00,0.4,50,23600
20240207,13:19:58,0.4,50,23650
20240207,13:21:32,0.4,50,23700
20240207,13:21:49,0.35,1500,23700
20240207,13:29:07,0.35,100,22600
20240207,13:32:49,0.35,50,22500
20240207,13:36:19,0.35,250,22500
20240207,13:37:45,0.4,50,22450
20240207,13:40:11,0.4,1800,22450
20240207,13:40:14,0.4,50,22250
20240207,13:42:06,0.4,50,22250
20240207,13:42:10,0.45,1400,23550
20240207,13:42:11,0.45,300,23550
20240207,13:42:12,0.5,4600,23550
20240207,13:42:13,0.55,1650,23550
20240207,13:42:14,0.45,750,23550
20240207,13:49:01,0.4,250,28450
20240207,13:52:06,0.4,1800,28450
20240207,13:52:12,0.4,50,28600
20240207,14:01:07,0.35,300,28950
20240207,14:01:20,0.4,50,28950
20240207,14:01:22,0.4,50,28950
20240207,14:01:51,0.4,50,28950
20240207,14:01:53,0.45,1850,28950
20240207,14:01:53,0.45,4000,28950
20240207,14:01:54,0.5,250,28950
20240207,14:01:55,0.4,50,28950
20240207,14:03:20,0.4,1000,28950
20240207,14:04:09,0.4,1000,33850
20240207,14:04:25,0.4,600,33850
20240207,14:05:19,0.4,50,34100
20240207,14:05:21,0.4,900,34100
20240207,14:07:15,0.45,3600,34100
20240207,14:09:32,0.45,300,37450
20240207,14:09:37,0.5,1800,37450
20240207,14:09:38,0.5,2750,37450
20240207,14:10:12,0.45,100,37450
20240207,14:11:54,0.45,250,37450
20240207,14:13:05,0.45,50,41300
20240207,14:17:23,0.45,500,41300
20240207,14:17:37,0.45,100,41300
20240207,14:17:43,0.45,50,41300
20240207,14:18:35,0.5,50,41300
20240207,14:18:52,0.45,800,41300
20240207,14:20:52,0.45,250,42000
20240207,14:20:59,0.45,100,42000
20240207,14:22:23,0.45,350,42000
20240207,14:22:30,0.45,250,42000
20240207,14:22:36,0.45,400,42000
20240207,14:27:49,0.45,200,41000
20240207,14:27:56,0.45,200,41000
20240207,14:28:18,0.5,600,41000
20240207,14:29:27,0.45,250,41000
20240207,14:29:33,0.45,100,41050
20240207,14:29:50,0.45,1250,41050
20240207,14:32:22,0.4,500,41050
20240207,14:34:20,0.4,250,41150
20240207,14:34:32,0.4,250,41150
20240207,14:35:27,0.4,50,41150
20240207,14:35:32,0.4,150,41150
20240207,14:36:15,0.4,300,41150
20240207,14:36:59,0.4,1000,41150
20240207,14:37:24,0.4,1000,41150
20240207,14:37:51,0.4,400,41150
20240207,14:38:16,0.35,300,41150
20240207,14:40:07,0.35,50,41150
20240207,14:46:50,0.35,50,41500
20240207,14:47:24,0.35,50,41500
20240207,14:49:30,0.35,1300,41500
20240207,14:52:48,0.35,1500,41500
20240207,15:01:04,0.35,150,41450
20240207,15:02:52,0.3,50,41450
20240207,15:03:12,0.3,50,41300
20240207,15:04:06,0.3,1150,41300
20240207,15:04:12,0.3,450,41300
20240207,15:04:30,0.3,50,41300
20240207,15:05:33,0.3,300,40750
20240207,15:09:59,0.3,250,40750
20240207,15:11:15,0.3,50,40750
20240207,15:11:35,0.3,50,40750
20240207,15:12:10,0.3,50,40750
20240207,15:12:14,0.3,50,40750
20240207,15:12:36,0.3,50,40750
20240207,15:12:38,0.3,50,40750
20240207,15:17:25,0.3,200,40750
20240207,15:17:59,0.3,850,40750
20240207,15:19:27,0.3,200,40750
20240207,15:20:07,0.25,1100,40750
20240207,15:22:19,0.25,50,40750
20240207,15:22:20,0.25,100,40450
20240207,15:23:36,0.25,150,40450
20240207,15:24:28,0.25,50,40450
20240207,15:24:29,0.25,100,40450
20240207,15:24:50,0.25,200,40450
20240207,15:25:50,0.3,300,40450
20240207,15:25:52,0.25,150,40450
20240207,15:26:45,0.3,200,40450
20240207,15:27:06,0.25,50,39950
20240207,15:27:26,0.25,1000,39950
20240207,15:27:49,0.3,250,39950
20240207,15:28:02,0.3,1800,39950
20240207,15:28:08,0.3,900,39950
20240207,15:28:10,0.3,250,39950
20240207,15:28:11,0.3,50,39950
20240207,15:28:21,0.3,1200,39950
20240207,15:28:21,0.35,200,39950
20240207,15:28:23,0.3,1900,39950
20240207,15:28:24,0.3,5300,39950
20240207,15:28:25,0.35,750,39950
20240207,15:28:26,0.3,1750,39950
20240207,15:28:27,0.4,550,39950
20240207,15:28:28,0.4,900,39950
20240207,15:28:29,0.4,100,39950
20240207,15:28:30,0.4,650,39950
20240207,15:28:32,0.4,250,39950
20240207,15:28:33,0.35,1200,39950
20240207,15:28:37,0.4,150,39950
20240207,15:29:28,0.35,2100,52750
20240207,15:29:32,0.3,350,52750
20240207,15:29:39,0.35,200,52750
20240207,15:29:45,0.35,100,52750
20240208,09:15:03,0.35,1,53300
20240208,09:15:03,0.35,300,53300
20240208,09:15:05,0.3,100,53300
20240208,09:15:07,0.25,1300,53300
20240208,09:15:11,0.2,50,53300
20240208,09:15:12,0.2,1000,53300
20240208,09:16:01,0.25,700,53300
20240208,09:16:17,0.25,100,53300
20240208,09:16:26,0.25,200,53300
20240208,09:16:36,0.25,200,53300
20240208,09:16:41,0.25,1550,53300
20240208,09:16:58,0.2,50,54900
20240208,09:18:28,0.25,50,54900
20240208,09:19:41,0.2,50,54900
20240208,09:20:47,0.25,50,54900
20240208,09:25:02,0.25,650,54900
20240208,09:28:40,0.2,100,55550
20240208,09:30:35,0.25,50,55550
20240208,09:31:00,0.2,400,55550
20240208,09:31:01,0.2,1800,55550
20240208,09:31:12,0.2,1150,55550
20240208,09:31:56,0.2,1350,56850
20240208,09:33:15,0.2,100,56850
20240208,09:33:33,0.2,1800,56850
20240208,09:33:47,0.15,150,56850
20240208,09:33:53,0.15,100,56850
20240208,09:34:01,0.2,1900,56850
20240208,09:34:02,0.2,50,56850
20240208,09:34:03,0.2,100,56850
20240208,09:34:04,0.2,50,56850
20240208,09:34:05,0.2,350,56850
20240208,09:34:22,0.2,50,56850
20240208,09:34:26,0.2,50,56850
20240208,09:34:34,0.2,50,56850
20240208,09:34:47,0.2,50,57200
20240208,09:35:35,0.2,50,57200
20240208,09:36:10,0.2,50,57200
20240208,09:38:41,0.2,1800,57150
20240208,09:38:50,0.2,1800,57150
20240208,09:39:06,0.2,400,57150
20240208,09:39:07,0.2,1500,57150
20240208,09:40:40,0.15,500,57150
20240208,09:43:27,0.2,500,55700
20240208,09:43:50,0.2,1800,55650
20240208,09:43:55,0.2,50,55650
20240208,09:43:56,0.2,50,55650
20240208,09:45:46,0.2,50,55650
20240208,09:47:28,0.2,50,55650
20240208,09:49:04,0.2,50,56000
20240208,09:52:41,0.2,1100,56050
20240208,09:53:33,0.2,600,56050
20240208,09:55:41,0.25,400,56050
20240208,09:56:49,0.2,1800,56050
20240208,09:59:55,0.2,100,55350
20240208,10:00:29,0.2,400,57050
20240208,10:00:43,0.2,50,57050
20240208,10:01:23,0.2,50,57050
20240208,10:01:44,0.2,50,57050
20240208,10:01:58,0.2,50,56700
20240208,10:02:43,0.2,50,56700
20240208,10:03:34,0.2,100,56700
20240208,10:05:41,0.15,600,56750
20240208,10:05:45,0.2,100,56750
20240208,10:06:03,0.2,100,56750
20240208,10:06:44,0.2,200,56750
20240208,10:07:40,0.25,200,56750
20240208,10:07:47,0.25,600,56750
20240208,10:07:58,0.2,650,56750
20240208,10:08:23,0.2,1000,56750
20240208,10:11:06,0.2,650,57450
20240208,10:15:17,0.2,400,57450
20240208,10:15:48,0.2,900,57450
20240208,10:17:46,0.2,300,56650
20240208,10:21:32,0.15,750,56650
20240208,10:21:33,0.15,1950,56650
20240208,10:23:35,0.2,50,59350
20240208,10:23:52,0.2,300,59350
20240208,10:23:52,0.2,2300,59350
20240208,10:23:53,0.2,100,59350
20240208,10:23:57,0.2,300,59350
20240208,10:24:43,0.2,500,59350
20240208,10:24:49,0.2,1800,59350
20240208,10:25:08,0.15,500,59350
20240208,10:30:01,0.15,50,59850
20240208,10:34:51,0.15,1800,59850
20240208,10:39:38,0.2,50,59850
20240208,10:42:02,0.15,50,61650
20240208,10:42:39,0.15,350,61650
20240208,10:42:52,0.15,250,61650
20240208,10:43:44,0.2,50,61650
20240208,10:44:16,0.15,550,62250
20240208,10:44:17,0.15,250,62250
20240208,10:44:23,0.15,250,62250
20240208,10:46:07,0.15,50,62250
20240208,10:46:27,0.2,1600,62250
20240208,10:47:20,0.15,1800,62550
20240208,10:47:21,0.15,1800,62550
20240208,10:47:22,0.15,1800,62550
20240208,10:47:23,0.15,1800,62550
20240208,10:47:30,0.15,1800,62550
20240208,10:47:32,0.15,1800,62550
20240208,10:48:15,0.15,1000,62550
20240208,10:49:05,0.15,1000,62550
20240208,10:49:25,0.15,800,62550
20240208,10:49:27,0.15,1800,62550
20240208,10:49:35,0.15,400,62550
20240208,10:49:55,0.2,50,70900
20240208,10:50:24,0.15,550,70900
20240208,10:50:26,0.2,50,70900
20240208,10:50:41,0.15,250,70900
20240208,10:51:58,0.1,50,70900
20240208,10:52:22,0.1,100,70900
20240208,10:57:58,0.1,800,70800
20240208,10:58:33,0.15,50,70800
20240208,11:02:43,0.1,1800,70800
20240208,11:03:19,0.1,50,70850
20240208,11:03:28,0.15,300,70850
20240208,11:03:30,0.15,350,70850
20240208,11:03:31,0.15,150,70850
20240208,11:04:37,0.15,50,70850
20240208,11:04:39,0.15,1500,70850
20240208,11:04:42,0.15,500,70850
20240208,11:04:45,0.15,50,70850
20240208,11:05:27,0.15,2000,70850
20240208,11:05:29,0.2,50,68800
20240208,11:06:15,0.1,1800,68800
20240208,11:06:21,0.1,1800,68800
20240208,11:06:58,0.1,1800,68800
20240208,11:07:02,0.1,1800,68800
20240208,11:07:11,0.1,1800,68800
20240208,11:07:21,0.1,1800,68800
20240208,11:07:35,0.1,1800,68800
20240208,11:08:04,0.1,1800,68450
20240208,11:08:10,0.1,1800,68450
20240208,11:08:34,0.1,1800,68450
20240208,11:08:49,0.1,1800,68450
20240208,11:08:55,0.1,1800,68450
20240208,11:09:32,0.1,1800,68450
20240208,11:09:35,0.1,1800,68450
20240208,11:09:37,0.1,1800,68450
20240208,11:09:41,0.1,1800,68450
20240208,11:09:42,0.1,1800,68450
20240208,11:09:45,0.1,1800,68450
20240208,11:09:46,0.1,1800,68450
20240208,11:10:04,0.15,250,68450
20240208,11:10:46,0.1,50,68450
20240208,11:11:53,0.1,1800,68450
20240208,11:11:53,0.1,3400,68200
20240208,11:13:36,0.15,50,68200
20240208,11:14:58,0.15,1800,68200
20240208,11:15:49,0.15,50,68200
20240208,11:16:36,0.1,50,68200
20240208,11:17:16,0.1,5400,68200
20240208,11:17:52,0.15,50,68550
20240208,11:21:31,0.15,50,68550
20240208,11:22:49,0.1,50,68600
20240208,11:25:02,0.15,250,68600
20240208,11:26:58,0.15,50,68650
20240208,11:28:19,0.1,1650,68800
20240208,11:31:21,0.15,50,68750
20240208,11:34:31,0.1,200,68750
20240208,11:34:47,0.1,1700,68750
20240208,11:34:52,0.1,1800,68750
20240208,11:34:55,0.1,1800,68750
20240208,11:34:58,0.1,1800,68750
20240208,11:35:02,0.1,250,68750
20240208,11:35:30,0.1,50,68750
20240208,11:35:35,0.1,5350,68750
20240208,11:36:06,0.1,50,68750
20240208,11:36:12,0.1,10800,68750
20240208,11:36:16,0.1,4200,68750
20240208,11:36:17,0.1,500,68750
20240208,11:36:19,0.1,150,68750
20240208,11:36:20,0.1,100,68750
20240208,11:36:21,0.1,50,68750
20240208,11:36:22,0.1,100,68750
20240208,11:36:25,0.1,50,68750
20240208,11:36:57,0.1,200,68750
20240208,11:37:05,0.1,100,68750
20240208,11:38:48,0.1,1800,47350
20240208,11:38:49,0.1,1400,47350
20240208,11:41:33,0.1,50,47350
20240208,11:41:34,0.1,50,47550
20240208,11:41:40,0.1,100,47550
20240208,11:42:27,0.1,1800,47550
20240208,11:42:30,0.1,100,47550
20240208,11:42:32,0.1,1800,47550
20240208,11:44:28,0.1,1700,44050
20240208,11:46:04,0.05,50,44050
20240208,11:47:22,0.05,2050,44050
20240208,11:51:23,0.05,50,42350
20240208,11:52:06,0.1,1000,42350
20240208,11:52:41,0.05,300,42350
20240208,11:53:12,0.05,50,42850
20240208,11:53:33,0.1,500,42850
20240208,11:53:47,0.1,50,42850
20240208,11:53:51,0.1,50,42850
20240208,11:53:58,0.1,1500,42850
20240208,11:54:04,0.1,500,42850
20240208,11:54:25,0.1,200,42850
20240208,11:54:27,0.1,1450,42850
20240208,11:54:28,0.1,600,42850
20240208,11:54:29,0.1,1500,42850
20240208,11:54:30,0.05,1500,42850
20240208,11:54:49,0.1,1200,42850
20240208,11:54:51,0.1,800,42850
20240208,11:54:52,0.1,1250,42850
20240208,11:54:56,0.05,200,42850
20240208,11:55:03,0.1,1200,42850
20240208,11:55:05,0.05,1150,42850
20240208,11:55:32,0.1,50,42850
20240208,11:57:09,0.1,250,42850
20240208,11:58:00,0.1,1500,44600
20240208,12:00:15,0.1,250,44600
20240208,12:05:49,0.1,50,45300
20240208,12:07:21,0.05,50,45300
20240208,12:08:51,0.1,1500,45300
20240208,12:08:51,0.1,1850,45300
20240208,12:10:40,0.05,100,45300
20240208,12:11:08,0.1,50,45300
20240208,12:15:49,0.05,50,45100
20240208,12:17:36,0.05,800,45100
20240208,12:17:36,0.05,1400,45100
20240208,12:17:46,0.05,700,45100
20240208,12:17:50,0.05,600,45100
20240208,12:17:51,0.05,600,45100
20240208,12:17:52,0.05,600,45100
20240208,12:17:53,0.05,550,45100
20240208,12:17:56,0.05,600,45100
20240208,12:17:59,0.05,800,45100
20240208,12:18:00,0.05,600,45100
20240208,12:18:01,0.05,100,45100
20240208,12:21:02,0.05,1500,45100
20240208,12:21:13,0.05,1500,45100
20240208,12:21:15,0.1,1500,45100
20240208,12:23:12,0.05,500,45800
20240208,12:23:13,0.05,1500,45800
20240208,12:23:14,0.1,2500,45800
20240208,12:25:49,0.05,50,45800
20240208,12:27:13,0.1,1000,45800
20240208,12:33:35,0.05,50,46050
20240208,12:34:16,0.1,50,46050
20240208,12:35:48,0.1,1800,46050
20240208,12:35:50,0.1,700,46050
20240208,12:41:50,0.05,1000,46050
20240208,12:59:10,0.1,600,43550
20240208,12:59:36,0.1,600,43550
20240208,12:59:37,0.1,600,43550
20240208,12:59:38,0.05,1500,43550
20240208,12:59:39,0.1,600,43550
20240208,12:59:40,0.05,2100,43550
20240208,12:59:41,0.1,600,43550
20240208,13:00:01,0.05,2500,43550
20240208,13:00:03,0.1,1200,43550
20240208,13:00:04,0.1,4800,43550
20240208,13:00:17,0.05,1500,43550
20240208,13:03:01,0.1,1800,45350
20240208,13:07:57,0.05,1800,45350
20240208,13:08:09,0.05,1800,45350
20240208,13:08:25,0.05,3100,45350
20240208,13:08:28,0.05,1800,45350
20240208,13:10:46,0.1,600,45350
20240208,13:14:23,0.05,1800,45350
20240208,13:18:23,0.1,500,41900
20240208,13:21:57,0.1,50,41400
20240208,13:23:01,0.05,650,41400
20240208,13:23:05,0.05,800,41400
20240208,13:23:18,0.05,50,41400
20240208,13:23:20,0.05,2650,41050
20240208,13:23:44,0.05,650,41050
20240208,13:23:45,0.05,600,41050
20240208,13:24:14,0.05,1200,41050
20240208,13:24:15,0.05,200,41050
20240208,13:25:02,0.05,300,41050
20240208,13:25:12,0.05,150,41050
20240208,13:28:37,0.1,1500,40400
20240208,13:28:47,0.1,1500,40400
20240208,13:37:03,0.1,50,40400
20240208,13:52:47,0.05,450,40400
20240208,13:52:57,0.05,600,40400
20240208,13:52:58,0.05,2000,40400
20240208,13:53:00,0.05,600,40400
20240208,13:53:00,0.05,250,40400
20240208,13:53:02,0.05,150,40400
20240208,14:00:25,0.1,1500,40400
20240208,14:12:55,0.05,50,39700
20240208,14:12:59,0.05,50,39700
20240208,14:16:07,0.05,2150,39700
20240208,14:16:08,0.05,1350,39700
20240208,14:17:54,0.05,450,37100
20240208,14:20:42,0.1,50,36900
20240208,14:28:59,0.05,1400,36900
20240208,14:30:00,0.05,700,36900
20240208,14:32:39,0.05,50,34950
20240208,14:33:07,0.05,150,34950
20240208,14:36:41,0.05,100,34950
20240208,14:38:43,0.05,1000,34800
20240208,14:39:53,0.05,1800,34800
20240208,14:39:55,0.05,1800,34800
20240208,14:39:58,0.05,1800,34800
20240208,14:40:00,0.05,150,34800
20240208,14:40:10,0.05,850,34800
20240208,14:41:07,0.05,1000,34800
20240208,14:48:33,0.05,600,34200
20240208,14:52:19,0.05,50,33750
20240208,14:59:05,0.05,250,33750
20240208,15:06:19,0.05,1050,33750
20240208,15:07:08,0.05,300,33600
20240208,15:08:03,0.05,250,33600
20240208,15:08:04,0.05,950,33600
20240208,15:08:08,0.05,100,33600
20240208,15:29:33,0.05,1800,34750
20240208,15:29:34,0.05,3300,34750
