date,time,tick_price,volume,open_interest
20240101,11:55:05,351.7,50,50
20240102,09:18:14,353.55,1,50
20240102,09:18:14,353.55,50,50
20240102,09:19:13,357.45,100,50
20240102,09:20:03,357.45,100,50
20240102,09:26:03,359.05,50,100
20240102,09:26:13,359.05,50,100
20240102,09:56:26,374.05,400,100
20240102,10:03:00,391.4,100,500
20240102,10:07:02,391.4,100,500
20240104,09:16:39,419.25,1,500
20240104,09:16:39,419.25,50,500
20240104,09:16:41,419.35,150,500
20240104,09:17:18,419.3,50,500
20240104,10:21:39,377.8,150,750
20240105,09:57:01,327.45,1,750
20240105,09:57:01,327.45,50,750
20240105,10:45:10,337.2,50,750
20240105,10:45:28,337.65,50,750
20240105,14:30:39,399.25,100,850
20240105,14:37:27,399.25,50,950
20240105,14:40:24,368.0,50,950
20240105,15:01:41,320.8,1500,900
20240105,15:02:44,312.65,500,900
20240105,15:16:10,312.65,200,2900
20240105,15:20:40,328.15,50,3100
20240105,15:20:59,327.55,50,3100
20240105,15:21:09,326.8,50,3100
20240105,15:21:18,326.6,50,3100
20240105,15:21:27,328.2,50,3100
20240108,15:18:45,424.6,1,3150
20240108,15:18:45,424.6,50,3150
20240108,15:24:14,450.5,50,3150
20240109,09:52:41,378.0,1,3150
20240109,09:52:41,378.0,50,3150
20240109,10:14:23,358.0,50,3200
20240109,10:15:38,348.6,50,3200
20240109,10:16:19,348.6,50,3200
20240109,10:18:24,348.0,150,3200
20240109,10:19:17,348.0,50,3200
20240109,10:20:26,335.0,50,3200
20240109,10:23:27,335.0,50,3400
20240109,10:24:43,331.55,50,3400
20240109,10:25:57,331.55,450,3400
20240109,10:26:40,336.1,50,3400
20240109,10:44:11,321.0,50,3900
20240109,10:45:20,316.45,50,3950
20240109,10:47:13,316.45,50,3950
20240109,11:08:17,321.95,50,4000
20240109,11:16:03,320.8,50,4050
20240109,12:39:32,316.05,50,4050
20240109,13:26:17,316.05,50,4050
20240109,14:25:56,368.35,50,4000
20240109,14:36:16,395.6,50,4000
20240109,15:06:25,395.6,150,4000
20240109,15:07:19,408.35,50,4000
20240109,15:10:10,408.35,50,3950
20240109,15:14:08,422.6,100,3950
20240109,15:14:53,422.6,50,3950
20240109,15:18:00,419.9,50,3850
20240109,15:20:25,420.0,200,3800
20240110,09:15:27,420.0,1,3800
20240110,09:15:27,420.0,50,3800
20240110,09:18:46,420.05,150,3800
20240110,09:20:46,429.35,200,3800
20240110,09:22:20,429.35,50,3800
20240110,09:30:42,496.1,50,3900
20240110,09:34:11,496.1,250,3950
20240110,09:35:53,450.5,50,4200
20240110,09:45:12,420.0,400,4250
20240110,14:15:35,415.0,100,4300
20240110,15:00:39,360.7,50,4400
20240110,15:00:51,358.95,50,4400
20240110,15:01:15,355.0,300,4400
20240110,15:02:55,351.0,50,4400
20240110,15:04:49,345.0,50,4600
20240111,09:48:02,356.3,1,4600
20240111,09:48:02,356.3,50,4600
20240111,09:51:42,342.4,250,4650
20240111,09:52:01,342.1,50,4650
20240111,09:52:54,341.8,200,4650
20240111,09:53:03,341.8,50,4650
20240111,10:13:16,354.35,50,5200
20240111,15:04:03,361.8,50,5200
20240111,15:04:15,361.8,50,5200
20240111,15:04:26,368.0,50,5200
20240112,09:19:00,324.55,1,5250
20240112,09:19:00,324.55,50,5250
20240112,09:20:00,313.65,50,5250
20240112,09:20:15,306.55,100,5250
20240112,09:23:30,304.2,550,5300
20240112,09:25:29,303.05,100,5300
20240112,09:25:58,302.65,150,5300
20240112,09:27:37,301.3,1800,5900
20240112,09:28:26,303.15,100,5900
20240112,09:29:12,300.55,400,5900
20240112,09:30:06,298.0,250,8200
20240112,09:30:33,297.3,100,8200
20240112,09:30:54,296.05,50,8200
20240112,09:31:22,295.45,350,8200
20240112,09:31:50,295.45,200,8200
20240112,09:34:03,295.45,50,8950
20240112,09:35:41,301.0,800,8950
20240112,09:35:47,301.0,1000,8950
20240112,09:36:04,300.3,350,8950
20240112,09:36:32,303.1,150,8950
20240112,09:36:34,303.15,150,8950
20240112,09:40:38,303.15,250,7100
20240112,10:03:15,283.7,50,7100
20240112,10:04:12,279.4,100,7100
20240112,10:04:37,278.45,50,7100
20240112,10:05:11,273.5,100,7100
20240112,10:05:49,273.5,50,7250
20240112,10:07:19,269.15,50,7250
20240112,10:09:38,265.25,50,7350
20240112,10:10:08,263.5,50,7350
20240112,10:10:17,263.5,50,7350
20240112,10:10:27,262.3,250,7350
20240112,10:11:10,262.3,50,7350
20240112,10:11:28,265.45,250,7350
20240112,10:11:58,268.0,100,7650
20240112,10:12:41,269.45,50,7650
20240112,10:13:32,268.0,100,7650
20240112,10:13:39,269.05,150,7650
20240112,10:14:36,271.25,1800,7750
20240112,10:15:34,268.5,50,7750
20240112,10:16:36,269.1,200,7750
20240112,10:17:49,270.15,200,8550
20240112,10:17:56,270.45,50,8550
20240112,10:19:25,271.05,50,8550
20240112,10:20:03,270.85,150,8550
20240112,10:20:19,271.0,950,8550
20240112,10:21:01,269.0,100,9600
20240112,10:21:35,267.7,50,9600
20240112,10:22:03,270.75,100,9600
20240112,10:22:44,268.7,100,9600
20240112,10:22:53,270.35,50,9600
20240112,10:24:02,269.0,100,9900
20240112,10:24:26,270.0,100,9900
20240112,10:25:40,268.3,500,9900
20240112,10:25:47,267.7,50,9900
20240112,10:26:26,263.45,50,9900
20240112,10:26:52,264.95,250,10400
20240112,10:26:54,264.95,100,10400
20240112,10:27:08,264.15,100,10400
20240112,10:27:10,264.7,150,10400
20240112,10:27:15,264.05,300,10400
20240112,10:27:23,261.05,100,10400
20240112,10:27:28,261.05,50,10400
20240112,10:28:12,259.9,100,10400
20240112,10:28:16,259.9,50,10400
20240112,10:28:28,260.15,200,10400
20240112,10:29:11,261.1,100,10400
20240112,10:30:02,263.7,50,11700
20240112,10:31:01,265.4,550,11700
20240112,10:32:15,267.3,150,11700
20240112,10:32:37,269.2,50,11700
20240112,10:33:44,267.85,150,12300
20240112,10:33:46,265.65,150,12300
20240112,10:34:29,268.4,250,12300
20240112,10:35:13,267.7,150,12300
20240112,10:35:41,267.65,100,12900
20240112,10:36:27,265.7,50,12900
20240112,10:38:48,265.7,50,13000
20240112,10:40:25,260.15,100,13000
20240112,10:40:49,260.2,150,13000
20240112,10:41:51,260.2,50,13250
20240112,10:45:04,264.35,50,13200
20240112,10:45:18,264.9,50,13200
20240112,10:46:38,261.0,50,13200
20240112,10:46:55,262.4,50,13200
20240112,10:50:12,262.5,100,13250
20240112,10:50:43,258.95,100,13350
20240112,10:50:58,258.95,50,13350
20240112,10:51:24,260.25,50,13350
20240112,10:52:09,257.4,100,13350
20240112,10:52:16,257.55,150,13350
20240112,10:52:24,258.05,50,13350
20240112,10:52:31,260.2,50,13350
20240112,10:53:00,261.3,100,13350
20240112,10:53:50,261.6,50,13400
20240112,10:53:52,261.95,50,13400
20240112,10:53:53,261.9,50,13400
20240112,10:54:03,261.3,50,13400
20240112,10:54:56,261.6,150,13400
20240112,10:55:28,261.5,50,13400
20240112,10:55:56,261.4,50,13400
20240112,10:56:19,260.5,50,13400
20240112,10:56:36,259.8,100,13400
20240112,10:56:43,258.15,100,13850
20240112,10:56:49,259.8,50,13850
20240112,10:58:24,259.85,50,13850
20240112,10:58:27,260.0,50,13850
20240112,11:00:42,254.1,150,13850
20240112,11:01:00,254.1,150,13850
20240112,11:01:38,258.6,1050,13850
20240112,11:03:18,258.6,50,14100
20240112,11:05:30,264.0,50,14100
20240112,11:05:40,262.0,750,14150
20240112,11:05:59,261.3,50,14150
20240112,11:06:42,263.35,50,14150
20240112,11:08:43,265.9,100,14200
20240112,11:09:35,265.75,300,14200
20240112,11:10:42,265.0,100,14200
20240112,11:15:04,267.1,100,14200
20240112,11:17:59,261.3,50,14450
20240112,11:18:31,260.25,50,14450
20240112,11:18:33,259.3,100,14450
20240112,11:18:58,259.3,50,14450
20240112,11:18:59,259.55,50,14450
20240112,11:19:07,258.6,50,14450
20240112,11:19:25,259.2,50,14450
20240112,11:19:26,259.15,50,14450
20240112,11:20:28,258.8,200,14450
20240112,11:21:08,257.95,350,14950
20240112,11:21:16,255.3,250,14950
20240112,11:21:24,255.65,100,14950
20240112,11:22:00,256.75,100,14950
20240112,11:22:48,258.55,50,14950
20240112,11:22:52,259.15,200,14950
20240112,11:22:54,259.75,100,14950
20240112,11:22:55,259.8,50,14950
20240112,11:22:56,259.8,100,14950
20240112,11:22:58,259.8,150,14950
20240112,11:22:59,258.85,200,14950
20240112,11:23:00,259.45,100,14950
20240112,11:23:01,259.55,150,14950
20240112,11:23:07,259.55,50,14950
20240112,11:23:27,258.6,50,14950
20240112,11:23:29,258.6,100,14950
20240112,11:24:05,257.65,200,15750
20240112,11:24:12,257.6,50,15750
20240112,11:24:47,258.45,400,15750
20240112,11:24:54,258.45,150,15750
20240112,11:25:01,258.8,50,15750
20240112,11:25:03,258.8,150,15750
20240112,11:25:05,258.5,50,15750
20240112,11:25:49,259.05,100,15750
20240112,11:25:51,259.0,100,15750
20240112,11:26:10,258.5,100,15750
20240112,11:27:06,259.75,150,16750
20240112,11:27:13,259.75,150,16750
20240112,11:27:20,260.05,50,16750
20240112,11:28:13,261.1,50,16750
20240112,11:28:27,259.7,100,16750
20240112,11:28:34,258.75,250,16750
20240112,11:28:42,258.75,100,16750
20240112,11:29:42,258.5,50,16750
20240112,11:29:55,257.15,50,17350
20240112,11:31:03,258.75,50,17350
20240112,11:36:07,257.05,50,17500
20240112,11:37:06,260.1,50,17500
20240112,11:37:17,259.05,50,17500
20240112,11:37:45,259.6,50,17500
20240112,11:38:12,259.6,50,17500
20240112,11:43:57,256.95,50,17700
20240112,11:44:29,256.05,50,17700
20240112,11:45:15,257.05,100,17700
20240112,11:46:13,257.45,200,17700
20240112,11:46:37,257.7,150,17700
20240112,11:48:42,257.65,50,17950
20240112,11:50:43,256.15,150,17950
20240112,11:50:58,255.0,300,18000
20240112,11:51:12,254.25,50,18000
20240112,11:51:27,254.2,50,18000
20240112,11:51:35,253.7,50,18000
20240112,11:54:03,253.7,250,18350
20240112,11:54:04,258.65,100,18350
20240112,11:55:49,259.5,250,18350
20240112,11:56:39,259.0,100,18350
20240112,11:57:24,258.15,100,18700
20240112,11:58:27,255.65,100,18700
20240112,12:01:28,260.45,150,18900
20240112,12:03:19,263.05,850,19050
20240112,12:03:51,267.5,700,19050
20240112,12:04:11,266.8,50,19050
20240112,12:05:32,266.1,50,19050
20240112,12:05:34,266.45,50,19050
20240112,12:05:43,265.0,50,19050
20240112,12:06:34,268.0,200,19750
20240112,12:07:08,268.0,250,19750
20240112,12:07:40,264.05,100,19750
20240112,12:08:49,260.8,50,19750
20240112,12:09:11,261.75,50,19750
20240112,12:14:03,260.9,100,19700
20240112,12:14:17,261.5,250,19700
20240112,12:14:43,262.35,100,19700
20240112,12:18:36,260.35,100,20050
20240112,12:18:43,261.3,50,20050
20240112,12:19:48,261.5,1000,20050
20240112,12:26:49,262.5,250,19350
20240112,12:35:55,262.4,100,19100
20240112,12:36:55,262.2,50,19100
20240112,12:37:40,262.4,50,19100
20240112,12:40:44,264.0,150,19200
20240112,12:40:51,264.0,50,19200
20240112,12:45:12,263.2,100,19200
20240112,12:45:40,261.1,50,19200
20240112,12:47:33,261.1,150,19200
20240112,12:49:41,259.2,150,19250
20240112,12:50:55,257.6,50,19250
20240112,12:51:21,256.35,50,19250
20240112,12:51:54,256.0,850,19250
20240112,12:52:03,255.0,50,19250
20240112,12:52:42,255.0,50,19250
20240112,12:54:22,251.0,200,18900
20240112,12:54:32,250.0,50,18900
20240112,12:55:31,250.0,50,18900
20240112,12:55:38,250.0,200,18900
20240112,12:55:50,246.6,100,18900
20240112,12:56:21,246.6,100,18900
20240112,12:56:40,247.0,100,18900
20240112,12:56:49,248.8,100,18900
20240112,12:59:00,250.65,50,18800
20240112,12:59:08,251.0,150,18800
20240112,12:59:16,251.15,150,18800
20240112,13:00:53,249.7,50,19100
20240112,13:01:01,249.1,50,19100
20240112,13:06:39,249.0,200,19050
20240112,13:07:17,251.5,150,19050
20240112,13:09:47,252.6,50,19050
20240112,13:10:05,251.95,50,19050
20240112,13:10:23,251.45,50,19050
20240112,13:11:02,250.7,50,19050
20240112,13:12:46,249.4,50,19100
20240112,13:15:45,249.05,100,19100
20240112,13:16:01,245.0,600,19100
20240112,13:18:04,245.0,350,19100
20240112,13:20:15,251.65,50,18750
20240112,13:24:19,246.45,100,18800
20240112,13:24:34,247.5,100,18800
20240112,13:25:32,248.5,50,18800
20240112,13:27:48,243.9,150,18850
20240112,13:28:14,242.45,100,18850
20240112,13:28:24,242.45,150,18850
20240112,13:28:33,244.75,50,18850
20240112,13:30:06,245.0,50,18850
20240112,13:30:53,244.45,50,18900
20240112,13:31:54,241.35,150,18900
20240112,13:32:15,241.35,50,18900
20240112,13:32:41,243.5,50,18900
20240112,13:33:16,243.5,50,18950
20240112,13:34:08,243.5,50,18950
20240112,13:34:41,245.0,50,18950
20240112,13:37:21,240.05,150,19000
20240112,13:37:36,240.0,100,19000
20240112,13:38:28,239.1,50,19000
20240112,13:38:38,236.55,100,19000
20240112,13:38:56,236.55,50,19000
20240112,13:39:05,238.5,50,19050
20240112,13:39:43,234.55,150,19050
20240112,13:40:37,233.15,100,19050
20240112,13:40:57,234.8,100,19050
20240112,13:41:06,234.7,50,19050
20240112,13:41:15,233.6,150,19050
20240112,13:41:35,232.0,50,19050
20240112,13:41:45,229.9,200,19050
20240112,13:41:56,229.0,200,19050
20240112,13:42:34,228.95,50,19700
20240112,13:42:38,228.75,50,19700
20240112,13:43:05,227.6,100,19700
20240112,13:43:15,229.45,300,19700
20240112,13:43:43,231.15,650,19700
20240112,13:43:54,230.85,250,19700
20240112,13:44:11,232.2,600,19700
20240112,13:44:37,232.2,50,19700
20240112,13:45:05,233.4,50,19700
20240112,13:45:14,231.5,50,20200
20240112,13:45:39,231.05,100,20200
20240112,13:47:00,235.2,100,20200
20240112,13:50:46,233.45,50,20300
20240112,13:51:38,233.55,50,20350
20240112,13:53:04,233.35,50,20350
20240112,13:53:35,232.85,50,20350
20240112,13:53:43,232.05,50,20350
20240112,13:53:50,232.95,50,20350
20240112,13:55:04,231.55,50,20400
20240112,13:55:38,232.3,250,20400
20240112,13:56:04,233.95,50,20400
20240112,13:56:27,234.0,250,20400
20240112,13:56:45,234.45,50,20400
20240112,13:57:01,234.45,150,20400
20240112,13:57:42,234.8,50,20450
20240112,13:58:06,233.6,200,20450
20240112,13:58:22,233.1,100,20450
20240112,13:58:29,233.6,50,20450
20240112,13:58:37,233.6,50,20450
20240112,13:59:35,234.1,50,20450
20240112,13:59:50,234.1,50,20450
20240112,13:59:59,232.2,150,20450
20240112,14:00:57,237.45,50,20500
20240112,14:02:00,232.35,50,20500
20240112,14:02:08,232.2,50,20500
20240112,14:02:55,234.7,100,20500
20240112,14:03:45,237.1,50,20500
20240112,14:03:52,237.0,100,20550
20240112,14:05:37,237.0,50,20550
20240112,14:06:00,239.95,250,20550
20240112,14:06:23,238.4,100,20800
20240112,14:06:44,242.9,100,20800
20240112,14:07:38,238.0,450,20800
20240112,14:09:58,237.7,50,20800
20240112,14:10:06,237.7,50,20650
20240112,14:10:30,237.75,50,20650
20240112,14:10:47,237.15,100,20650
20240112,14:13:49,241.6,50,20700
20240112,14:14:56,239.05,150,20700
20240112,14:15:51,238.95,100,20650
20240112,14:17:09,235.05,200,20650
20240112,14:17:26,233.65,150,20650
20240112,14:19:52,239.2,400,21050
20240112,14:21:32,236.8,50,21250
20240112,14:21:53,238.3,50,21250
20240112,14:22:01,237.7,100,21250
20240112,14:22:56,234.1,100,21250
20240112,14:23:04,234.0,100,21250
20240112,14:24:23,234.0,50,21350
20240112,14:26:17,235.8,50,21350
20240112,14:28:06,230.0,350,21400
20240112,14:28:12,229.25,300,21400
20240112,14:29:07,231.2,100,21400
20240112,14:29:22,231.65,50,21400
20240112,14:30:22,230.55,200,21500
20240112,14:30:38,229.5,100,21500
20240112,14:31:05,233.35,50,21500
20240112,14:32:02,230.95,50,21500
20240112,14:32:51,230.8,150,21500
20240112,14:32:59,229.65,50,21500
20240112,14:33:06,230.8,50,21500
20240112,14:33:22,231.4,350,21600
20240112,14:34:51,231.4,50,21600
20240112,14:35:15,230.6,50,21600
20240112,14:35:37,229.9,50,21600
20240112,14:35:44,229.8,50,21600
20240112,14:36:00,229.5,350,21600
20240112,14:36:13,227.95,150,21750
20240112,14:36:33,227.0,150,21750
20240112,14:36:38,225.0,100,21750
20240112,14:36:43,225.0,200,21750
20240112,14:36:46,225.0,50,21750
20240112,14:36:48,223.9,50,21750
20240112,14:36:49,223.8,150,21750
20240112,14:36:55,225.4,50,21750
20240112,14:36:56,224.2,50,21750
20240112,14:36:57,224.1,250,21750
20240112,14:37:05,222.75,300,21750
20240112,14:37:08,222.75,250,21750
20240112,14:37:09,223.25,150,21750
20240112,14:37:12,222.75,200,21750
20240112,14:37:16,224.4,100,21750
20240112,14:37:23,223.95,50,21750
20240112,14:37:25,225.0,50,21750
20240112,14:37:27,224.15,400,21750
20240112,14:37:46,224.15,50,21750
20240112,14:37:58,223.95,150,21750
20240112,14:38:00,222.75,500,21750
20240112,14:38:09,222.0,100,21750
20240112,14:38:10,221.0,150,21750
20240112,14:38:23,220.95,150,21750
20240112,14:38:24,220.95,100,21750
20240112,14:38:37,220.95,50,21750
20240112,14:38:59,221.0,50,21750
20240112,14:39:01,221.3,200,21750
20240112,14:39:19,220.0,300,22250
20240112,14:39:20,219.15,100,22250
20240112,14:39:21,219.15,50,22250
20240112,14:39:25,219.2,600,22250
20240112,14:39:27,218.75,150,22250
20240112,14:39:30,219.1,50,22250
20240112,14:39:46,220.0,50,22250
20240112,14:40:04,219.3,100,22250
20240112,14:40:06,218.4,550,22250
20240112,14:40:06,218.4,150,22250
20240112,14:40:08,219.2,200,22250
20240112,14:40:12,218.6,400,22250
20240112,14:40:14,219.3,150,22250
20240112,14:40:17,219.3,400,22250
20240112,14:40:26,218.85,100,22250
20240112,14:40:29,218.3,300,22250
20240112,14:40:33,218.3,400,22250
20240112,14:40:39,218.45,100,22250
20240112,14:40:44,218.6,250,22250
20240112,14:40:46,218.6,50,22250
20240112,14:40:47,218.4,50,22250
20240112,14:40:49,218.3,50,22250
20240112,14:41:01,218.3,100,22250
20240112,14:41:11,218.75,150,22250
20240112,14:41:14,219.95,150,22250
20240112,14:41:25,222.5,200,22250
20240112,14:41:29,220.95,50,22250
20240112,14:41:30,220.85,100,22250
20240112,14:41:32,223.0,50,22250
20240112,14:41:35,222.6,500,22250
20240112,14:41:36,223.45,50,22250
20240112,14:41:45,223.4,500,22250
20240112,14:41:49,223.45,250,22250
20240112,14:41:50,223.35,200,22250
20240112,14:41:56,223.95,150,22250
20240112,14:42:18,221.8,50,25000
20240112,14:42:40,221.35,100,25000
20240112,14:43:16,222.15,50,25000
20240112,14:44:05,223.0,50,25000
20240112,14:44:14,223.45,50,25000
20240112,14:45:20,224.9,50,25200
20240112,14:45:40,226.15,50,25200
20240112,14:45:52,224.5,50,25200
20240112,14:45:53,223.4,200,25200
20240112,14:46:02,223.35,50,25200
20240112,14:47:05,227.0,50,25200
20240112,14:47:26,226.4,50,25200
20240112,14:47:31,226.95,50,25200
20240112,14:47:38,226.45,50,25200
20240112,14:48:03,227.4,50,25200
20240112,14:48:19,226.9,50,25100
20240112,14:48:54,226.5,50,25100
20240112,14:49:22,229.0,100,25100
20240112,14:49:40,229.45,400,25100
20240112,14:49:43,230.6,250,25100
20240112,14:49:48,228.5,400,25100
20240112,14:49:54,229.25,400,25100
20240112,14:49:58,230.95,200,25100
20240112,14:50:00,230.9,100,25100
20240112,14:50:04,230.8,400,25100
20240112,14:50:09,231.65,250,25100
20240112,14:50:13,231.75,50,25100
20240112,14:50:17,229.1,200,25100
20240112,14:50:34,227.5,50,25100
20240112,14:50:55,227.95,200,25100
20240112,14:50:57,229.15,200,25100
20240112,14:51:08,229.7,50,25100
20240112,14:51:14,229.05,100,25100
20240112,14:52:27,227.85,300,26850
20240112,14:53:20,231.45,100,26850
20240112,14:53:27,233.05,900,26850
20240112,14:53:31,232.0,100,26850
20240112,14:53:40,231.45,100,26850
20240112,14:53:55,230.35,100,26850
20240112,14:54:22,231.45,50,27750
20240112,14:54:24,230.45,50,27750
20240112,14:55:10,230.55,100,27750
20240112,14:55:38,230.55,100,27750
20240112,14:55:41,230.55,50,27750
20240112,14:55:46,232.35,100,27750
20240112,14:56:38,231.25,200,27750
20240112,14:56:39,230.85,100,27750
20240112,14:56:43,229.3,100,27750
20240112,14:57:11,230.55,200,27750
20240112,14:57:33,231.45,50,27800
20240112,14:57:45,231.2,100,27800
20240112,15:00:05,228.25,150,27800
20240112,15:00:09,226.8,200,27800
20240112,15:00:11,225.0,50,27800
20240112,15:00:12,225.0,200,27800
20240112,15:00:13,225.15,1150,27800
20240112,15:00:15,227.0,50,27800
20240112,15:00:20,226.8,50,26500
20240112,15:00:22,227.95,400,26500
20240112,15:00:25,230.75,50,26500
20240112,15:00:26,228.95,200,26500
20240112,15:00:35,227.1,200,26500
20240112,15:00:37,228.0,500,26500
20240112,15:01:01,228.5,550,26500
20240112,15:01:51,228.5,350,26500
20240112,15:02:06,227.8,50,26500
20240112,15:02:09,227.6,50,26500
20240112,15:02:32,228.85,50,26500
20240112,15:03:21,224.7,200,27250
20240112,15:03:26,225.4,250,27250
20240112,15:03:41,225.4,300,27250
20240112,15:04:12,224.9,50,27250
20240112,15:04:20,223.95,100,27250
20240112,15:04:21,225.4,200,27250
20240112,15:04:29,227.4,200,27250
20240112,15:04:44,228.75,450,27250
20240112,15:04:54,232.45,50,27250
20240112,15:05:02,235.25,1050,27250
20240112,15:05:07,234.9,950,27250
20240112,15:05:10,234.25,200,27250
20240112,15:05:14,232.25,200,27250
20240112,15:05:15,231.55,50,27250
20240112,15:05:20,230.55,200,27250
20240112,15:05:21,232.4,200,27250
20240112,15:05:22,233.4,400,27250
20240112,15:05:32,234.6,800,27250
20240112,15:05:33,234.0,400,27250
20240112,15:05:39,234.0,50,27250
20240112,15:05:47,233.2,600,27250
20240112,15:05:48,233.2,350,27250
20240112,15:05:53,234.0,150,27250
20240112,15:06:01,234.5,150,27250
20240112,15:06:02,234.95,50,27250
20240112,15:06:03,234.15,200,27250
20240112,15:06:05,235.8,650,27250
20240112,15:06:07,234.65,300,27250
20240112,15:06:10,234.6,100,27250
20240112,15:06:15,235.25,50,27250
20240112,15:06:25,235.0,550,28450
20240112,15:06:27,236.2,100,28450
20240112,15:06:29,237.55,100,28450
20240112,15:06:37,237.05,100,28450
20240112,15:06:38,237.6,50,28450
20240112,15:06:43,238.95,900,28450
20240112,15:06:50,238.95,200,28450
20240112,15:06:51,238.5,100,28450
20240112,15:06:52,238.3,100,28450
20240112,15:07:01,237.65,300,28450
20240112,15:07:02,237.65,150,28450
20240112,15:07:04,237.05,50,28450
20240112,15:07:09,236.85,50,28450
20240112,15:07:23,237.65,100,28450
20240112,15:07:24,237.1,50,28450
20240112,15:07:25,237.55,150,28450
20240112,15:07:33,237.15,100,28450
20240112,15:07:34,237.05,100,28450
20240112,15:07:57,239.35,50,28450
20240112,15:08:01,241.1,100,28450
20240112,15:08:04,242.0,100,28450
20240112,15:08:05,241.75,50,28450
20240112,15:08:27,243.45,300,28450
20240112,15:08:28,243.1,400,28450
20240112,15:08:36,241.75,100,28450
20240112,15:08:37,241.1,150,28450
20240112,15:08:41,241.3,100,28450
20240112,15:08:43,241.25,100,28450
20240112,15:08:46,242.0,150,28450
20240112,15:09:02,243.4,150,28450
20240112,15:09:04,241.85,100,28450
20240112,15:09:05,243.25,250,28450
20240112,15:09:06,245.0,50,28450
20240112,15:09:09,244.35,50,28450
20240112,15:09:16,245.05,400,28450
20240112,15:09:17,244.55,100,28450
20240112,15:09:19,244.4,50,29200
20240112,15:09:21,244.35,50,29200
20240112,15:09:22,245.2,50,29200
20240112,15:09:32,243.8,100,29200
20240112,15:09:35,243.85,450,29200
20240112,15:09:40,243.8,100,29200
20240112,15:09:42,243.45,50,29200
20240112,15:09:44,243.1,50,29200
20240112,15:09:45,243.65,100,29200
20240112,15:09:48,244.35,100,29200
20240112,15:09:58,244.35,50,29200
20240112,15:10:02,244.4,50,29200
20240112,15:10:08,244.7,150,29200
20240112,15:10:20,246.1,50,29200
20240112,15:10:33,242.0,150,29200
20240112,15:10:34,240.0,150,29200
20240112,15:10:36,238.25,650,29200
20240112,15:10:37,239.15,50,29200
20240112,15:10:39,239.9,50,29200
20240112,15:10:43,240.0,200,29200
20240112,15:10:52,240.45,100,29200
20240112,15:10:53,240.65,50,29200
20240112,15:11:01,238.0,50,29200
20240112,15:11:02,236.0,50,29200
20240112,15:11:03,235.9,950,29200
20240112,15:11:04,237.4,1000,29200
20240112,15:11:05,237.95,100,29200
20240112,15:11:32,237.8,100,29200
20240112,15:11:40,234.55,100,29200
20240112,15:11:46,234.45,50,29200
20240112,15:11:56,235.1,200,29200
20240112,15:12:03,236.65,100,29200
20240112,15:12:07,237.05,100,29200
20240112,15:12:14,238.3,150,29200
20240112,15:12:20,237.65,100,29400
20240112,15:12:35,237.9,50,29400
20240112,15:12:42,238.75,250,29400
20240112,15:12:48,236.05,150,29400
20240112,15:13:10,239.0,50,29400
20240112,15:13:29,239.8,50,29400
20240112,15:13:36,238.8,150,29400
20240112,15:14:05,239.35,100,29400
20240112,15:14:16,236.8,100,29400
20240112,15:14:23,237.6,300,29400
20240112,15:14:48,236.85,50,29400
20240112,15:14:49,237.1,100,29400
20240112,15:15:01,235.6,100,29400
20240112,15:15:05,235.2,50,29400
20240112,15:15:45,233.0,50,29450
20240112,15:16:08,229.25,50,29450
20240112,15:16:12,228.4,50,29450
20240112,15:16:18,228.0,150,29450
20240112,15:16:28,227.45,1000,29450
20240112,15:16:39,227.5,100,29450
20240112,15:16:43,228.95,50,29450
20240112,15:17:04,230.55,100,29450
20240112,15:17:05,231.7,50,29450
20240112,15:17:25,231.15,100,29450
20240112,15:17:51,230.45,50,29450
20240112,15:18:03,229.2,50,29450
20240112,15:18:37,230.35,100,28750
20240112,15:19:04,230.25,100,28750
20240112,15:19:13,230.4,50,28750
20240112,15:19:34,230.25,50,28750
20240112,15:19:39,229.7,50,28750
20240112,15:20:06,230.05,150,28750
20240112,15:20:07,229.55,50,28750
20240112,15:20:08,229.55,200,28750
20240112,15:20:14,228.6,200,28750
20240112,15:20:17,229.6,200,28750
20240112,15:20:33,228.05,100,28750
20240112,15:20:38,227.8,50,28750
20240112,15:20:41,227.8,50,28750
20240112,15:20:42,227.8,150,28750
20240112,15:20:47,228.25,100,28750
20240112,15:20:49,227.95,50,28750
20240112,15:20:50,228.15,200,28750
20240112,15:20:53,227.2,250,28750
20240112,15:20:54,227.35,100,28750
20240112,15:20:55,227.65,100,28750
20240112,15:20:56,227.6,150,28750
20240112,15:20:57,226.65,100,28750
20240112,15:21:05,227.75,50,28750
20240112,15:21:11,226.6,50,28750
20240112,15:21:12,226.55,50,28750
20240112,15:21:16,227.4,300,28750
20240112,15:21:55,224.65,400,27800
20240112,15:21:58,225.85,350,27800
20240112,15:22:01,225.55,400,27800
20240112,15:22:07,226.9,400,27800
20240112,15:22:17,226.35,400,27800
20240112,15:22:25,225.8,300,27800
20240112,15:23:41,227.0,400,27800
20240112,15:24:16,225.6,50,27800
20240112,15:24:31,225.0,250,29550
20240112,15:25:17,223.8,300,29550
20240112,15:25:35,223.1,50,29550
20240112,15:26:03,221.3,50,29550
20240112,15:26:07,220.8,650,29550
20240112,15:26:09,221.0,50,29550
20240112,15:26:15,222.5,50,29550
20240112,15:26:29,222.0,50,29550
20240112,15:26:39,221.15,100,29550
20240112,15:26:40,221.1,50,29550
20240112,15:27:00,221.0,50,29550
20240112,15:27:05,220.4,100,29550
20240112,15:27:30,221.05,100,29050
20240112,15:27:31,221.1,100,29050
20240112,15:27:32,221.15,400,29050
20240112,15:27:33,221.15,50,29050
20240112,15:27:36,221.3,100,29050
20240112,15:27:47,220.5,150,29050
20240112,15:27:48,220.85,600,29050
20240112,15:28:03,220.85,150,29050
20240112,15:28:04,220.85,50,29050
20240112,15:28:35,220.3,50,29050
20240112,15:28:36,219.95,50,29050
20240112,15:28:46,219.05,50,29050
20240112,15:28:48,219.0,150,29050
20240112,15:29:01,218.15,50,29050
20240112,15:29:07,218.0,50,29050
20240112,15:29:08,217.6,400,29050
20240112,15:29:10,217.6,400,29050
20240112,15:29:17,217.6,650,29050
20240112,15:29:52,217.3,350,29050
20240112,15:29:53,217.3,150,29050
20240112,15:29:54,217.45,350,29050
20240112,15:29:57,217.55,200,29050
20240115,09:16:11,182.75,1,29950
20240115,09:16:11,182.7,150,29950
20240115,09:16:26,180.65,300,29950
20240115,09:16:34,180.65,200,29950
20240115,09:16:41,185.75,150,29950
20240115,09:16:48,185.75,100,29950
20240115,09:16:56,183.8,850,29950
20240115,09:17:03,185.1,200,29950
20240115,09:17:34,186.45,700,30050
20240115,09:17:41,184.4,1150,30050
20240115,09:17:57,184.0,100,30050
20240115,09:18:06,182.4,100,30050
20240115,09:18:12,182.0,100,30050
20240115,09:18:25,181.4,250,30050
20240115,09:18:31,182.5,100,30050
20240115,09:18:32,182.3,450,30050
20240115,09:18:33,183.05,50,30050
20240115,09:18:34,182.65,50,30050
20240115,09:18:35,182.6,50,30050
20240115,09:18:37,182.0,350,30050
20240115,09:18:38,183.3,100,30050
20240115,09:18:40,182.4,100,30050
20240115,09:18:44,182.5,200,30050
20240115,09:18:48,182.75,150,30050
20240115,09:18:49,182.1,150,30050
20240115,09:19:01,183.95,50,30050
20240115,09:19:02,182.55,350,30050
20240115,09:19:06,182.1,50,30050
20240115,09:19:11,182.05,150,30050
20240115,09:19:20,182.85,50,30050
20240115,09:19:22,182.0,350,30050
20240115,09:19:42,181.8,50,30050
20240115,09:20:05,180.0,50,30050
20240115,09:20:26,179.1,100,30050
20240115,09:20:28,178.85,200,30050
20240115,09:20:59,178.7,50,29000
20240115,09:21:30,175.65,50,29000
20240115,09:21:36,175.0,200,29000
20240115,09:21:38,174.65,100,29000
20240115,09:21:44,174.65,250,29000
20240115,09:21:45,175.55,50,29000
20240115,09:21:48,177.65,50,29000
20240115,09:21:52,177.65,900,29000
20240115,09:21:54,177.35,50,29000
20240115,09:21:58,177.65,300,29000
20240115,09:22:04,176.85,100,29000
20240115,09:22:07,176.4,50,29000
20240115,09:22:14,176.8,1100,29000
20240115,09:22:23,177.25,850,29000
20240115,09:22:24,178.0,350,29000
20240115,09:22:27,178.3,200,29000
20240115,09:22:30,177.1,50,29000
20240115,09:22:38,177.8,50,29000
20240115,09:22:43,177.75,50,29000
20240115,09:22:47,178.0,50,29000
20240115,09:22:56,178.45,100,29000
20240115,09:23:02,178.45,50,29000
20240115,09:23:06,179.0,50,29000
20240115,09:23:12,178.15,100,29000
20240115,09:23:21,179.35,50,29000
20240115,09:23:22,180.0,150,29000
20240115,09:23:30,179.95,450,29000
20240115,09:23:59,179.35,50,29200
20240115,09:24:08,179.55,50,29200
20240115,09:24:09,178.95,100,29200
20240115,09:24:16,178.0,100,29200
20240115,09:24:44,177.5,500,29200
20240115,09:25:14,177.45,50,29200
20240115,09:25:16,176.75,200,29200
20240115,09:25:23,176.75,50,29200
20240115,09:25:26,177.8,50,29200
20240115,09:25:27,176.75,50,29200
20240115,09:25:38,177.9,600,29200
20240115,09:25:39,178.5,50,29200
20240115,09:25:43,177.0,50,29200
20240115,09:25:49,178.0,50,29200
20240115,09:25:58,177.8,100,29200
20240115,09:26:41,177.1,150,30100
20240115,09:26:46,178.0,150,30100
20240115,09:27:00,177.65,50,30100
20240115,09:27:14,178.95,200,30100
20240115,09:27:26,177.9,50,30100
20240115,09:27:27,177.85,50,30100
20240115,09:27:31,177.65,50,30100
20240115,09:27:34,177.45,200,30100
20240115,09:27:35,177.45,50,30100
20240115,09:27:38,176.7,50,30100
20240115,09:27:41,177.6,100,30100
20240115,09:27:46,176.3,250,30100
20240115,09:27:46,176.3,50,30100
20240115,09:27:47,176.8,100,30100
20240115,09:27:48,176.75,100,30100
20240115,09:27:50,176.55,100,30100
20240115,09:27:52,176.45,50,30100
20240115,09:27:53,176.45,50,30100
20240115,09:27:59,176.25,100,30100
20240115,09:28:01,175.15,100,30100
20240115,09:28:04,175.1,100,30100
20240115,09:28:05,175.1,50,30100
20240115,09:28:09,175.3,100,30100
20240115,09:28:33,175.4,150,30100
20240115,09:28:41,174.7,100,30100
20240115,09:28:43,175.3,50,30100
20240115,09:28:45,175.3,50,30100
20240115,09:28:46,175.35,50,30100
20240115,09:28:57,176.45,50,30100
20240115,09:29:10,176.05,50,30100
20240115,09:29:19,176.6,100,30100
20240115,09:29:20,176.6,50,30100
20240115,09:29:35,176.75,100,30100
20240115,09:29:48,176.65,100,28950
20240115,09:30:00,176.4,150,28950
20240115,09:30:01,176.45,500,28950
20240115,09:30:05,176.5,150,28950
20240115,09:30:07,176.6,50,28950
20240115,09:30:11,176.65,50,28950
20240115,09:30:12,176.45,200,28950
20240115,09:30:19,176.4,50,28950
20240115,09:30:20,176.4,250,28950
20240115,09:30:21,176.3,50,28950
20240115,09:30:22,176.3,50,28950
20240115,09:30:23,176.4,50,28950
20240115,09:30:24,176.4,50,28950
20240115,09:30:27,176.25,50,28950
20240115,09:30:29,175.0,50,28950
20240115,09:30:33,175.65,50,28950
20240115,09:30:35,175.85,500,28950
20240115,09:30:43,176.4,50,28950
20240115,09:30:56,178.8,50,28950
20240115,09:31:02,178.65,50,28950
20240115,09:31:03,178.65,50,28950
20240115,09:31:26,179.75,100,28950
20240115,09:31:27,179.8,50,28950
20240115,09:31:28,180.0,200,28950
20240115,09:31:34,180.05,100,28950
20240115,09:31:42,178.5,150,28950
20240115,09:31:43,178.65,50,28950
20240115,09:31:46,178.65,50,28950
20240115,09:31:56,179.0,150,28950
20240115,09:32:03,179.2,50,28950
20240115,09:32:04,179.2,150,28950
20240115,09:32:05,179.2,150,28950
20240115,09:32:12,180.05,50,28950
20240115,09:32:17,180.25,50,28950
20240115,09:32:22,179.1,100,28950
20240115,09:32:23,178.45,100,28950
20240115,09:32:24,178.6,100,28950
20240115,09:32:36,179.55,150,29900
20240115,09:32:37,179.8,50,29900
20240115,09:32:53,179.7,50,29900
20240115,09:32:58,178.65,150,29900
20240115,09:32:59,178.9,100,29900
20240115,09:33:13,179.65,50,29900
20240115,09:33:15,179.65,50,29900
20240115,09:33:16,178.35,100,29900
20240115,09:33:26,178.95,50,29900
20240115,09:33:27,178.65,50,29900
20240115,09:33:28,178.5,150,29900
20240115,09:33:32,177.25,200,29900
20240115,09:33:34,177.4,150,29900
20240115,09:33:36,177.3,100,29900
20240115,09:33:37,177.9,100,29900
20240115,09:33:38,177.9,50,29900
20240115,09:33:40,176.7,100,29900
20240115,09:33:54,175.05,100,29900
20240115,09:34:14,177.25,150,29900
20240115,09:34:32,177.75,50,29900
20240115,09:34:48,177.65,250,29900
20240115,09:34:50,178.2,50,29900
20240115,09:35:42,178.2,50,29400
20240115,09:36:10,180.4,50,29400
20240115,09:36:31,179.15,50,29400
20240115,09:36:56,179.15,50,29400
20240115,09:37:45,180.0,200,29400
20240115,09:37:46,180.0,100,29400
20240115,09:37:49,180.8,150,29400
20240115,09:38:07,180.1,50,29400
20240115,09:38:08,180.1,100,29400
20240115,09:38:20,179.3,150,29400
20240115,09:38:23,179.8,50,29400
20240115,09:38:24,179.75,200,29400
20240115,09:38:25,179.75,50,29400
20240115,09:38:26,179.75,50,29400
20240115,09:38:33,181.05,50,29400
20240115,09:38:34,181.0,50,29900
20240115,09:38:53,181.0,50,29900
20240115,09:39:00,181.0,100,29900
20240115,09:39:08,180.45,100,29900
20240115,09:39:12,180.8,100,29900
20240115,09:39:14,180.95,150,29900
20240115,09:39:15,180.85,100,29900
20240115,09:39:16,179.75,50,29900
20240115,09:39:21,180.4,150,29900
20240115,09:39:22,179.9,150,29900
20240115,09:39:29,179.25,100,29900
20240115,09:39:52,179.25,100,29900
20240115,09:39:53,179.8,1000,29900
20240115,09:41:20,182.0,50,29900
20240115,09:41:27,183.65,100,29900
20240115,09:41:28,183.6,50,29900
20240115,09:41:30,184.0,300,29900
20240115,09:41:47,183.65,100,31550
20240115,09:41:49,183.25,50,31550
20240115,09:42:06,184.25,50,31550
20240115,09:42:18,185.0,150,31550
20240115,09:42:43,183.5,50,31550
20240115,09:42:52,183.6,250,31550
20240115,09:43:07,184.35,50,31550
20240115,09:43:11,184.5,50,31550
20240115,09:43:45,185.65,100,31550
20240115,09:44:08,183.65,100,31550
20240115,09:44:09,183.2,150,31550
20240115,09:44:10,183.2,150,31550
20240115,09:44:12,183.05,100,31550
20240115,09:44:13,183.95,50,31550
20240115,09:44:14,183.5,200,31550
20240115,09:44:18,184.25,100,31550
20240115,09:44:25,184.65,100,31550
20240115,09:44:36,184.95,50,30750
20240115,09:44:51,186.0,100,30750
20240115,09:45:02,186.65,50,30750
20240115,09:45:06,187.95,100,30750
20240115,09:45:11,187.95,50,30750
20240115,09:45:25,184.85,50,30750
20240115,09:45:26,184.9,50,30750
20240115,09:45:31,184.5,100,30750
20240115,09:45:32,184.4,100,30750
20240115,09:45:34,184.3,100,30750
20240115,09:45:45,184.8,100,30750
20240115,09:45:48,184.5,50,30750
20240115,09:45:56,184.95,150,30750
20240115,09:46:00,185.25,50,30750
20240115,09:46:07,185.15,100,30750
20240115,09:46:14,186.0,50,30750
20240115,09:46:27,186.4,50,30750
20240115,09:46:39,186.2,100,30750
20240115,09:46:53,187.1,100,30750
20240115,09:47:29,189.0,50,30750
20240115,09:48:00,190.0,300,30850
20240115,09:48:01,190.4,200,30850
20240115,09:48:10,190.0,50,30850
20240115,09:48:16,189.55,50,30850
20240115,09:48:20,190.0,50,30850
20240115,09:48:48,192.1,50,30850
20240115,09:48:49,192.1,50,30850
20240115,09:49:08,192.5,50,30850
20240115,09:49:15,193.0,100,30850
20240115,09:49:16,193.35,150,30850
20240115,09:49:18,193.5,50,30850
20240115,09:49:22,194.0,50,30850
20240115,09:49:30,194.5,50,30850
20240115,09:49:35,195.1,300,30850
20240115,09:49:53,195.1,100,30850
20240115,09:50:13,193.7,100,30850
20240115,09:50:16,192.85,100,30850
20240115,09:50:22,191.4,100,30850
20240115,09:50:29,190.55,100,30850
20240115,09:50:32,190.0,100,30850
20240115,09:50:38,190.65,150,30950
20240115,09:50:39,190.65,50,30950
20240115,09:50:41,191.5,150,30950
20240115,09:50:59,192.8,100,30950
20240115,09:51:18,193.2,150,30950
20240115,09:51:31,193.85,250,30950
20240115,09:51:32,196.35,200,30950
20240115,09:51:36,197.35,100,30950
20240115,09:51:41,198.05,200,30950
20240115,09:51:46,200.0,50,30950
20240115,09:51:51,200.15,50,30950
20240115,09:51:57,200.15,50,30950
20240115,09:52:05,201.45,50,30950
20240115,09:52:11,202.05,50,30950
20240115,09:52:12,202.05,50,30950
20240115,09:52:15,202.05,100,30950
20240115,09:52:16,201.85,50,30950
20240115,09:52:25,201.9,100,30950
20240115,09:52:27,202.6,50,30950
20240115,09:52:29,202.6,50,30950
20240115,09:52:37,199.45,350,30950
20240115,09:52:38,199.35,100,30950
20240115,09:52:39,199.05,100,30950
20240115,09:52:40,199.55,100,30950
20240115,09:52:45,196.5,100,30950
20240115,09:52:46,196.55,100,30950
20240115,09:52:47,197.55,50,30950
20240115,09:52:48,196.85,100,30950
20240115,09:52:54,199.1,350,30950
20240115,09:53:02,196.4,100,30950
20240115,09:53:07,196.4,150,30950
20240115,09:53:08,196.4,300,30950
20240115,09:53:11,197.0,50,30950
20240115,09:53:21,196.1,50,30950
20240115,09:53:22,195.7,150,30950
20240115,09:53:30,192.8,100,30950
20240115,09:53:31,192.05,100,30950
20240115,09:53:32,192.3,100,30950
20240115,09:53:34,193.05,50,30950
20240115,09:53:38,192.6,650,31000
20240115,09:53:43,192.25,100,31000
20240115,09:53:43,191.85,200,31000
20240115,09:53:49,193.65,100,31000
20240115,09:53:50,192.8,100,31000
20240115,09:53:52,193.25,100,31000
20240115,09:53:58,195.0,200,31000
20240115,09:54:01,194.2,50,31000
20240115,09:54:02,194.9,100,31000
20240115,09:54:04,194.65,300,31000
20240115,09:54:06,195.9,100,31000
20240115,09:54:09,196.75,100,31000
20240115,09:54:12,196.35,50,31000
20240115,09:54:28,198.8,50,31000
20240115,09:54:37,199.9,100,31000
20240115,09:54:39,200.35,100,31000
20240115,09:54:44,201.75,750,31000
20240115,09:54:54,204.75,50,31000
20240115,09:54:56,204.75,200,31000
20240115,09:54:58,204.75,50,31000
20240115,09:55:30,202.3,300,31000
20240115,09:55:49,201.15,50,31000
20240115,09:56:08,199.7,150,31000
20240115,09:56:32,202.4,200,31000
20240115,09:56:42,202.4,50,29950
20240115,09:56:58,202.9,50,29950
20240115,09:57:09,205.15,100,29950
20240115,09:57:11,205.7,50,29950
20240115,09:57:20,205.7,50,29950
20240115,09:57:37,209.05,400,29950
20240115,09:57:38,209.05,500,29950
20240115,09:57:40,208.05,50,29950
20240115,09:57:42,209.25,50,29950
20240115,09:57:47,209.25,50,29950
20240115,09:57:48,207.75,50,29950
20240115,09:57:54,208.95,50,29950
20240115,09:57:55,209.25,50,29950
20240115,09:58:00,209.5,350,29950
20240115,09:58:09,210.0,300,29950
20240115,09:58:29,210.0,150,29950
20240115,09:59:27,205.9,150,29950
20240115,09:59:32,206.2,100,29950
20240115,09:59:33,206.5,50,29950
20240115,09:59:37,208.0,50,31100
20240115,09:59:53,205.25,50,31100
20240115,09:59:59,208.65,50,31100
20240115,10:00:05,208.6,50,31100
20240115,10:00:06,209.15,50,31100
20240115,10:00:19,212.45,650,31100
20240115,10:00:34,213.55,50,31100
20240115,10:00:42,213.55,350,31100
20240115,10:00:48,208.55,100,31100
20240115,10:00:50,209.5,250,31100
20240115,10:00:58,212.0,50,31100
20240115,10:01:18,212.0,50,31100
20240115,10:01:38,210.05,100,31100
20240115,10:01:50,209.65,150,31100
20240115,10:01:54,209.4,50,31100
20240115,10:02:01,207.85,100,31100
20240115,10:02:03,207.6,50,31100
20240115,10:02:07,207.35,50,31100
20240115,10:02:11,206.5,100,31100
20240115,10:02:18,204.15,50,31100
20240115,10:02:24,203.85,50,31100
20240115,10:02:32,201.95,550,31100
20240115,10:02:33,202.8,50,31100
20240115,10:02:36,203.65,50,31100
20240115,10:02:37,202.9,100,31100
20240115,10:02:47,199.0,50,32000
20240115,10:02:49,197.4,200,32000
20240115,10:02:50,198.7,100,32000
20240115,10:02:54,200.45,100,32000
20240115,10:02:56,201.55,100,32000
20240115,10:03:08,202.2,100,32000
20240115,10:03:11,202.9,50,32000
20240115,10:03:16,202.75,50,32000
20240115,10:03:36,202.1,100,32000
20240115,10:04:08,202.0,50,32000
20240115,10:04:13,200.0,250,32000
20240115,10:04:15,199.95,50,32000
20240115,10:04:46,197.1,100,32000
20240115,10:04:56,197.7,100,32000
20240115,10:05:12,200.4,150,32000
20240115,10:05:31,196.5,100,32000
20240115,10:05:43,196.9,50,32350
20240115,10:05:44,196.9,50,32350
20240115,10:05:47,196.0,200,32350
20240115,10:05:49,196.4,50,32350
20240115,10:05:50,196.4,200,32350
20240115,10:06:05,197.65,50,32350
20240115,10:06:06,197.9,200,32350
20240115,10:06:23,197.9,50,32350
20240115,10:06:32,195.7,200,32350
20240115,10:06:47,194.5,350,32350
20240115,10:07:11,197.15,100,32350
20240115,10:07:25,197.05,50,32350
20240115,10:07:36,196.7,150,32350
20240115,10:07:45,196.85,100,32350
20240115,10:07:58,195.5,50,32350
20240115,10:07:59,195.15,100,32350
20240115,10:08:27,195.05,150,32350
20240115,10:08:31,195.7,50,32350
20240115,10:08:39,195.45,100,32550
20240115,10:08:47,194.85,50,32550
20240115,10:09:06,195.15,50,32550
20240115,10:09:19,193.95,150,32550
20240115,10:09:32,194.55,100,32550
20240115,10:10:21,193.5,50,32550
20240115,10:10:25,194.25,100,32550
20240115,10:11:20,193.45,50,32550
20240115,10:13:00,191.95,50,32500
20240115,10:13:04,192.4,100,32500
20240115,10:13:43,193.3,100,32500
20240115,10:13:52,194.05,50,32500
20240115,10:14:03,193.6,50,32500
20240115,10:14:23,194.6,50,32500
20240115,10:14:36,196.0,150,32500
20240115,10:14:47,196.55,50,32650
20240115,10:15:03,194.4,50,32650
20240115,10:15:13,194.0,50,32650
20240115,10:15:22,195.45,50,32650
20240115,10:15:40,194.45,50,32650
20240115,10:16:02,197.45,50,32650
20240115,10:16:12,195.25,100,32650
20240115,10:16:18,196.35,100,32650
20240115,10:16:45,194.0,50,32650
20240115,10:17:06,196.1,50,32650
20240115,10:17:15,197.1,50,32650
20240115,10:17:17,196.95,50,32650
20240115,10:17:21,197.05,50,32650
20240115,10:17:28,198.0,50,32650
20240115,10:17:39,198.05,100,32650
20240115,10:17:42,198.0,250,33100
20240115,10:17:46,197.05,100,33100
20240115,10:17:56,196.8,50,33100
20240115,10:18:18,195.0,200,33100
20240115,10:20:32,191.1,50,33100
20240115,10:20:54,192.5,50,33500
20240115,10:21:53,193.0,50,33500
20240115,10:22:19,193.45,100,33500
20240115,10:22:36,191.7,50,33500
20240115,10:23:34,193.65,50,33500
20240115,10:23:50,195.1,50,33750
20240115,10:25:40,197.5,150,33750
20240115,10:25:56,197.8,100,33750
20240115,10:27:36,194.6,100,33750
20240115,10:27:38,194.5,200,33750
20240115,10:27:39,194.0,100,33750
20240115,10:28:47,194.35,50,33750
20240115,10:29:23,191.45,50,33750
20240115,10:30:29,193.1,450,33600
20240115,10:32:04,190.8,400,33600
20240115,10:32:50,190.7,50,33250
20240115,10:33:55,192.45,100,33250
20240115,10:34:20,192.85,50,33250
20240115,10:34:26,192.45,50,33250
20240115,10:34:59,194.6,50,33250
20240115,10:35:11,193.15,100,33250
20240115,10:36:41,191.05,100,33450
20240115,10:36:52,190.6,100,33450
20240115,10:36:54,190.55,50,33450
20240115,10:37:29,191.05,50,33450
20240115,10:38:09,193.45,50,33450
20240115,10:39:51,192.0,50,33450
20240115,10:39:51,191.55,100,33450
20240115,10:40:41,191.5,100,33450
20240115,10:40:47,192.45,50,33450
20240115,10:41:47,194.5,300,33700
20240115,10:42:12,194.9,100,33700
20240115,10:44:05,193.8,50,33700
20240115,10:45:05,191.25,50,34100
20240115,10:45:19,192.75,100,34100
20240115,10:45:33,192.45,100,34100
20240115,10:46:16,193.55,250,34100
20240115,10:46:16,193.5,500,34100
20240115,10:46:28,193.85,200,34100
20240115,10:46:32,193.2,150,34100
20240115,10:46:33,193.45,50,34100
20240115,10:46:35,193.45,50,34100
20240115,10:46:39,194.1,300,34100
20240115,10:46:40,193.5,50,34100
20240115,10:46:59,193.6,100,34100
20240115,10:47:01,194.5,150,34100
20240115,10:47:41,193.35,100,34100
20240115,10:47:41,193.8,100,34100
20240115,10:47:45,193.4,50,34100
20240115,10:47:47,193.4,150,34100
20240115,10:47:52,193.85,100,34100
20240115,10:47:55,193.45,300,34100
20240115,10:47:57,193.15,750,34100
20240115,10:48:02,192.7,250,34100
20240115,10:48:09,192.05,50,34100
20240115,10:48:12,192.45,100,34100
20240115,10:48:29,191.35,300,34100
20240115,10:48:30,190.65,1000,34100
20240115,10:48:35,190.65,50,34100
20240115,10:48:40,189.9,200,34100
20240115,10:48:46,189.0,50,34100
20240115,10:48:52,190.3,250,34100
20240115,10:48:53,190.1,300,34100
20240115,10:48:54,189.8,50,34100
20240115,10:49:01,189.0,50,34100
20240115,10:49:17,188.8,200,34100
20240115,10:49:29,188.8,50,34100
20240115,10:49:30,188.6,200,34100
20240115,10:49:40,190.0,100,34100
20240115,10:50:01,190.8,50,34100
20240115,10:50:21,188.5,50,34100
20240115,10:51:32,188.5,50,32950
20240115,10:51:42,188.75,100,32950
20240115,10:51:58,188.5,100,32950
20240115,10:52:15,187.2,50,32950
20240115,10:52:30,189.45,50,32950
20240115,10:53:27,188.65,200,32950
20240115,10:54:42,187.0,50,32800
20240115,10:55:14,187.85,100,32800
20240115,10:56:04,188.8,50,32800
20240115,10:56:16,188.4,200,32800
20240115,10:56:29,188.05,200,32800
20240115,10:56:53,188.75,200,33050
20240115,10:57:34,189.9,50,33050
20240115,10:58:00,189.1,100,33050
20240115,10:58:17,188.5,50,33050
20240115,10:58:21,188.05,50,33050
20240115,10:59:37,185.1,50,33050
20240115,10:59:38,185.65,100,33050
20240115,10:59:50,184.0,50,33150
20240115,10:59:53,184.65,50,33150
20240115,11:00:15,183.9,50,33150
20240115,11:00:18,184.65,100,33150
20240115,11:01:13,183.2,50,33150
20240115,11:01:15,183.2,50,33150
20240115,11:02:57,188.65,50,33150
20240115,11:05:26,189.45,50,33300
20240115,11:05:31,188.65,100,33300
20240115,11:05:38,187.55,100,33300
20240115,11:06:54,188.65,50,33450
20240115,11:09:04,185.5,50,33450
20240115,11:09:24,185.8,50,33450
20240115,11:09:44,185.05,50,33450
20240115,11:11:11,185.9,50,33450
20240115,11:11:18,185.5,150,33450
20240115,11:11:32,185.3,50,33450
20240115,11:12:18,186.45,100,33650
20240115,11:13:02,186.95,100,33650
20240115,11:13:35,186.65,50,33650
20240115,11:14:22,187.0,50,33650
20240115,11:14:40,185.7,100,33650
20240115,11:14:56,186.0,100,33600
20240115,11:14:58,186.0,400,33600
20240115,11:16:35,185.5,50,33600
20240115,11:16:37,185.9,50,33600
20240115,11:17:25,184.7,50,33600
20240115,11:18:08,183.05,50,33700
20240115,11:18:12,182.95,50,33700
20240115,11:18:34,185.35,50,33700
20240115,11:21:10,183.0,50,33750
20240115,11:22:16,183.05,150,33750
20240115,11:23:43,180.0,200,33750
20240115,11:24:39,180.5,100,34050
20240115,11:24:44,180.0,50,34050
20240115,11:25:06,179.8,150,34050
20240115,11:25:38,179.2,150,34050
20240115,11:25:38,179.1,700,34050
20240115,11:25:39,179.1,200,34050
20240115,11:25:49,179.1,1200,34050
20240115,11:25:50,180.4,350,34050
20240115,11:25:51,180.9,50,34050
20240115,11:25:52,180.8,50,34050
20240115,11:25:54,180.0,500,34050
20240115,11:26:01,180.7,200,34050
20240115,11:26:03,180.85,150,34050
20240115,11:26:28,181.6,100,34050
20240115,11:27:12,182.8,250,31900
20240115,11:27:14,182.9,100,31900
20240115,11:27:58,182.9,400,31900
20240115,11:30:43,182.3,250,32050
20240115,11:31:09,182.4,100,32050
20240115,11:34:20,184.45,50,32150
20240115,11:34:40,184.55,50,32150
20240115,11:34:41,184.75,50,32150
20240115,11:35:08,184.15,50,32150
20240115,11:35:20,184.15,50,32150
20240115,11:35:37,185.9,100,32150
20240115,11:36:29,185.25,50,32250
20240115,11:37:17,186.55,50,32250
20240115,11:38:27,191.0,50,32250
20240115,11:40:30,187.25,100,32250
20240115,11:40:43,187.95,50,32250
20240115,11:40:51,186.7,100,32250
20240115,11:41:04,185.45,50,32250
20240115,11:42:31,185.0,50,32150
20240115,11:42:53,183.15,100,32150
20240115,11:42:58,183.0,50,32150
20240115,11:43:18,183.05,50,32150
20240115,11:43:46,182.5,50,32150
20240115,11:44:32,182.1,50,32150
20240115,11:46:07,182.1,250,32400
20240115,11:48:36,180.8,50,32400
20240115,11:48:58,182.1,50,32400
20240115,11:49:07,181.9,50,32400
20240115,11:49:08,181.8,150,32400
20240115,11:49:21,181.0,100,32400
20240115,11:49:25,181.4,100,32400
20240115,11:49:26,181.5,100,32400
20240115,11:49:37,182.0,50,32400
20240115,11:49:39,182.5,50,32400
20240115,11:50:49,181.85,250,32400
20240115,11:51:46,180.55,100,32600
20240115,11:51:51,180.0,150,32600
20240115,11:52:04,180.0,50,32600
20240115,11:53:58,180.3,50,32500
20240115,11:54:00,180.0,150,32500
20240115,11:54:01,180.2,200,32500
20240115,11:54:21,180.85,300,32500
20240115,11:56:56,181.7,200,33000
20240115,11:58:11,181.7,50,33000
20240115,11:59:51,179.45,150,33000
20240115,12:01:27,180.75,50,32900
20240115,12:05:53,181.35,50,32900
20240115,12:07:06,179.95,50,32900
20240115,12:07:59,179.55,50,32900
20240115,12:08:57,178.25,100,32900
20240115,12:09:40,176.6,100,33000
20240115,12:09:42,176.05,50,33000
20240115,12:09:47,176.0,100,33000
20240115,12:10:28,177.55,250,33000
20240115,12:10:31,177.55,200,33000
20240115,12:10:37,178.1,50,33000
20240115,12:10:44,178.2,50,33000
20240115,12:11:13,177.8,50,33000
20240115,12:11:44,178.2,50,33000
20240115,12:13:06,179.3,50,33000
20240115,12:14:15,180.3,50,32900
20240115,12:14:35,179.4,50,32900
20240115,12:15:17,180.95,50,32850
20240115,12:16:19,177.8,100,32850
20240115,12:16:20,177.4,50,32850
20240115,12:16:32,177.2,50,32850
20240115,12:16:34,177.0,1100,32850
20240115,12:17:01,176.0,50,32850
20240115,12:19:25,177.6,50,32850
20240115,12:19:36,176.5,100,32850
20240115,12:19:45,176.9,200,32850
20240115,12:21:59,176.65,50,33100
20240115,12:24:08,175.0,50,33100
20240115,12:25:13,174.6,350,33100
20240115,12:25:19,175.45,100,33100
20240115,12:25:40,175.6,100,33100
20240115,12:26:52,175.6,100,33100
20240115,12:27:15,176.5,50,33300
20240115,12:31:45,178.6,50,33250
20240115,12:33:00,178.25,50,33250
20240115,12:35:59,179.55,500,33300
20240115,12:36:24,179.1,150,33300
20240115,12:37:44,181.0,50,33700
20240115,12:38:03,180.05,50,33700
20240115,12:39:03,177.55,100,33700
20240115,12:39:20,178.05,50,33800
20240115,12:39:30,177.55,50,33800
20240115,12:39:52,176.75,50,33800
20240115,12:41:03,176.05,50,33800
20240115,12:41:26,176.1,100,33800
20240115,12:41:31,175.5,200,33800
20240115,12:41:31,175.35,50,33800
20240115,12:41:34,175.95,100,33800
20240115,12:43:18,177.55,50,33900
20240115,12:43:49,178.4,50,33900
20240115,12:44:20,177.35,100,33900
20240115,12:46:32,177.25,250,33850
20240115,12:52:07,177.25,50,33700
20240115,12:57:39,176.0,100,33750
20240115,13:00:14,176.0,200,33850
20240115,13:02:56,175.05,50,33850
20240115,13:02:58,175.05,50,33850
20240115,13:02:59,176.0,500,33850
20240115,13:03:07,176.0,300,34250
20240115,13:03:22,174.7,200,34250
20240115,13:03:31,174.4,50,34250
20240115,13:03:40,173.25,150,34250
20240115,13:03:57,173.25,50,34250
20240115,13:04:05,173.95,50,34250
20240115,13:05:08,175.5,50,34250
20240115,13:06:26,177.5,50,34600
20240115,13:06:49,177.5,250,34600
20240115,13:09:22,177.9,50,34850
20240115,13:09:51,176.7,100,34850
20240115,13:11:05,176.95,150,34850
20240115,13:11:16,176.9,50,34850
20240115,13:12:15,175.7,100,34900
20240115,13:13:20,175.65,50,34900
20240115,13:13:28,175.05,350,34900
20240115,13:15:21,173.95,100,35000
20240115,13:15:25,175.05,50,35000
20240115,13:15:46,174.65,100,35000
20240115,13:15:46,174.65,50,35000
20240115,13:16:36,174.35,50,35000
20240115,13:16:50,174.35,50,35000
20240115,13:16:58,174.3,50,35000
20240115,13:18:41,171.5,250,35200
20240115,13:19:54,173.2,100,35200
20240115,13:20:10,173.1,50,35200
20240115,13:20:26,173.15,50,35200
20240115,13:20:33,172.4,50,35200
20240115,13:20:41,172.4,50,35200
20240115,13:21:09,173.15,100,35150
20240115,13:21:10,173.05,50,35150
20240115,13:21:11,173.1,50,35150
20240115,13:21:17,173.1,100,35150
20240115,13:21:18,173.1,300,35150
20240115,13:22:31,173.15,50,35150
20240115,13:23:18,173.8,250,35150
20240115,13:24:11,174.75,100,35350
20240115,13:24:32,173.95,50,35350
20240115,13:25:16,174.75,150,35350
20240115,13:25:33,174.6,50,35350
20240115,13:26:03,174.35,250,35350
20240115,13:26:08,174.7,100,35350
20240115,13:26:09,174.45,50,35350
20240115,13:26:15,174.6,50,35350
20240115,13:26:22,174.75,50,35350
20240115,13:26:24,174.25,50,35350
20240115,13:26:28,174.15,100,35350
20240115,13:26:29,174.05,50,35350
20240115,13:26:34,174.0,50,35350
20240115,13:26:45,175.0,100,35350
20240115,13:27:24,173.9,50,35800
20240115,13:27:25,173.85,50,35800
20240115,13:27:44,174.1,50,35800
20240115,13:28:04,175.35,100,35800
20240115,13:28:36,175.25,50,35800
20240115,13:28:52,174.7,100,35800
20240115,13:29:05,175.5,350,35800
20240115,13:29:32,173.95,50,35800
20240115,13:29:56,173.6,100,35800
20240115,13:30:03,174.0,150,35800
20240115,13:30:36,175.15,50,36050
20240115,13:30:49,176.0,50,36050
20240115,13:31:26,176.4,200,36050
20240115,13:31:35,175.25,50,36050
20240115,13:31:40,174.7,50,36050
20240115,13:31:43,174.65,50,36050
20240115,13:31:54,174.3,50,36050
20240115,13:34:59,177.75,50,36400
20240115,13:35:10,176.5,50,36400
20240115,13:35:11,176.25,50,36400
20240115,13:35:14,176.2,50,36400
20240115,13:35:17,176.5,50,36400
20240115,13:35:18,176.7,50,36400
20240115,13:35:19,176.35,100,36400
20240115,13:35:26,176.3,200,36400
20240115,13:35:34,176.25,50,36400
20240115,13:35:35,175.65,100,36400
20240115,13:35:37,175.65,100,36400
20240115,13:35:58,175.5,50,36400
20240115,13:36:18,175.45,50,37200
20240115,13:37:48,175.1,50,37200
20240115,13:40:44,173.15,50,37300
20240115,13:41:30,173.25,50,37300
20240115,13:41:53,174.0,50,37300
20240115,13:42:38,174.0,50,37450
20240115,13:43:10,174.1,300,37450
20240115,13:44:06,175.05,350,37450
20240115,13:44:13,176.0,800,37450
20240115,13:44:38,174.95,100,37450
20240115,13:46:39,177.9,50,37550
20240115,13:48:29,179.65,50,37500
20240115,13:49:17,181.65,50,37500
20240115,13:49:27,182.35,150,37500
20240115,13:49:37,183.25,150,37500
20240115,13:49:57,182.0,50,37500
20240115,13:50:23,179.85,200,37500
20240115,13:50:53,177.95,50,37500
20240115,13:51:25,173.95,100,37600
20240115,13:53:06,174.35,50,37600
20240115,13:53:20,175.2,50,37600
20240115,13:54:35,174.15,50,37600
20240115,13:55:46,173.35,50,37550
20240115,13:56:20,173.0,50,37550
20240115,13:56:43,174.4,50,37550
20240115,13:57:02,173.05,50,37550
20240115,13:57:57,172.7,50,37600
20240115,13:58:47,172.45,50,37600
20240115,13:59:38,171.0,50,37600
20240115,14:00:01,169.4,150,37600
20240115,14:00:40,169.4,50,37600
20240115,14:02:03,172.25,150,37600
20240115,14:02:12,173.15,50,37600
20240115,14:02:28,172.0,100,37600
20240115,14:02:45,171.55,50,37600
20240115,14:03:28,171.55,50,37900
20240115,14:03:44,170.1,100,37900
20240115,14:04:26,168.1,50,37900
20240115,14:04:35,167.5,50,37900
20240115,14:04:37,167.5,300,37900
20240115,14:04:52,166.0,50,37900
20240115,14:05:01,165.8,50,37900
20240115,14:05:04,165.8,50,37900
20240115,14:05:05,165.8,100,37900
20240115,14:05:14,166.4,250,37900
20240115,14:05:22,165.7,100,37900
20240115,14:05:24,165.7,50,37900
20240115,14:05:26,167.1,250,37900
20240115,14:05:35,167.1,100,37900
20240115,14:05:43,166.75,50,37900
20240115,14:05:54,165.25,100,37900
20240115,14:05:58,165.0,200,37900
20240115,14:06:02,165.0,50,37900
20240115,14:06:26,168.0,50,38300
20240115,14:06:28,167.7,500,38300
20240115,14:06:35,167.5,50,38300
20240115,14:07:29,168.0,50,38300
20240115,14:07:56,169.0,100,38300
20240115,14:08:23,168.65,50,38300
20240115,14:08:31,168.05,50,38300
20240115,14:08:47,168.0,50,38300
20240115,14:09:10,167.0,50,38300
20240115,14:09:38,166.1,50,38650
20240115,14:09:56,165.15,50,38650
20240115,14:11:38,168.75,50,38650
20240115,14:11:43,168.15,100,38650
20240115,14:11:55,168.4,50,38650
20240115,14:11:59,168.3,50,38650
20240115,14:12:12,169.1,150,38650
20240115,14:12:13,169.15,150,38650
20240115,14:12:16,169.6,150,38650
20240115,14:12:26,169.3,250,38650
20240115,14:12:41,171.2,200,38650
20240115,14:12:57,171.5,100,38650
20240115,14:13:08,171.6,50,38650
20240115,14:13:14,171.0,50,38650
20240115,14:13:57,171.5,50,38650
20240115,14:16:15,174.45,150,38850
20240115,14:16:24,173.15,100,38850
20240115,14:16:33,172.45,50,38850
20240115,14:16:42,172.35,200,38850
20240115,14:16:58,171.9,50,38850
20240115,14:17:07,171.45,250,38850
20240115,14:17:57,171.85,50,38850
20240115,14:18:04,172.0,50,38850
20240115,14:18:22,172.05,50,39100
20240115,14:18:34,172.0,50,39100
20240115,14:19:00,170.7,50,39100
20240115,14:19:22,171.15,50,39100
20240115,14:19:27,171.4,300,39100
20240115,14:20:57,170.6,150,39100
20240115,14:21:23,169.5,50,39300
20240115,14:21:40,169.2,100,39300
20240115,14:24:01,171.0,50,39300
20240115,14:24:54,169.85,150,39350
20240115,14:27:06,171.6,50,39350
20240115,14:27:33,172.45,50,39350
20240115,14:27:51,174.2,50,39350
20240115,14:28:08,174.15,50,39350
20240115,14:28:37,172.1,100,39350
20240115,14:30:01,173.2,50,39350
20240115,14:30:50,172.9,50,39550
20240115,14:31:19,174.3,100,39550
20240115,14:31:29,174.25,100,39550
20240115,14:31:58,174.2,50,39550
20240115,14:32:19,175.3,50,39550
20240115,14:32:40,176.8,50,39550
20240115,14:32:43,177.0,50,39550
20240115,14:33:09,177.0,950,39550
20240115,14:33:38,175.95,500,40150
20240115,14:33:41,175.9,50,40150
20240115,14:34:06,175.7,50,40150
20240115,14:34:08,176.8,50,40150
20240115,14:34:11,177.0,400,40150
20240115,14:34:54,177.65,50,40150
20240115,14:35:00,177.6,900,40150
20240115,14:36:13,172.25,100,40150
20240115,14:36:15,172.25,50,40150
20240115,14:36:59,170.6,50,41050
20240115,14:37:05,170.8,250,41050
20240115,14:37:08,171.35,50,41050
20240115,14:37:12,171.3,50,41050
20240115,14:37:15,171.05,50,41050
20240115,14:37:38,170.0,50,41050
20240115,14:37:41,169.95,50,41050
20240115,14:37:44,170.35,50,41050
20240115,14:38:02,169.05,50,41050
20240115,14:39:05,169.95,50,41050
20240115,14:39:29,168.95,200,41550
20240115,14:39:37,169.25,100,41550
20240115,14:40:00,169.75,100,41550
20240115,14:40:07,169.5,50,41550
20240115,14:40:22,169.05,100,41550
20240115,14:40:26,168.65,100,41550
20240115,14:40:27,168.7,100,41550
20240115,14:40:41,168.1,50,41550
20240115,14:40:42,168.0,200,41550
20240115,14:40:44,167.65,200,41550
20240115,14:40:54,168.05,50,41550
20240115,14:41:05,169.0,50,41550
20240115,14:42:09,170.25,50,41550
20240115,14:42:43,170.35,50,41550
20240115,14:44:25,170.15,50,41750
20240115,14:44:39,170.8,50,41750
20240115,14:46:31,168.4,50,41850
20240115,14:46:43,168.15,100,41850
20240115,14:46:53,167.35,100,41850
20240115,14:46:54,167.0,150,41850
20240115,14:47:02,166.95,50,41850
20240115,14:47:04,166.65,50,41850
20240115,14:47:45,166.0,150,41850
20240115,14:47:52,165.95,50,41850
20240115,14:47:53,165.55,50,41850
20240115,14:47:57,165.55,100,41850
20240115,14:48:09,165.2,50,41850
20240115,14:48:14,164.95,50,41850
20240115,14:48:22,164.8,100,43250
20240115,14:48:25,164.8,200,43250
20240115,14:48:43,165.2,50,43250
20240115,14:48:48,165.95,100,43250
20240115,14:48:53,164.95,50,43250
20240115,14:49:07,163.85,100,43250
20240115,14:49:07,163.7,100,43250
20240115,14:49:09,163.6,50,43250
20240115,14:49:12,163.6,150,43250
20240115,14:49:13,163.6,50,43250
20240115,14:49:14,163.5,50,43250
20240115,14:49:17,163.5,50,43250
20240115,14:49:19,164.85,50,43250
20240115,14:49:25,164.8,50,43250
20240115,14:49:26,165.4,50,43250
20240115,14:49:28,164.75,50,43250
20240115,14:49:30,164.55,50,43250
20240115,14:49:42,164.1,50,43250
20240115,14:49:44,164.4,50,43250
20240115,14:49:51,164.85,50,43250
20240115,14:49:52,165.9,50,43250
20240115,14:50:06,166.0,50,43250
20240115,14:50:12,166.0,200,43250
20240115,14:50:15,166.8,50,43250
20240115,14:50:20,166.8,50,43250
20240115,14:50:27,166.95,50,43250
20240115,14:50:35,166.95,50,43250
20240115,14:50:40,167.4,50,43250
20240115,14:52:04,165.05,150,43750
20240115,14:52:04,165.0,50,43750
20240115,14:52:12,165.0,50,43750
20240115,14:52:15,164.85,50,43750
20240115,14:52:19,165.0,100,43750
20240115,14:52:22,164.95,50,43750
20240115,14:53:14,164.8,400,43750
20240115,14:53:33,165.4,50,43750
20240115,14:53:35,164.7,100,43750
20240115,14:54:46,163.1,50,43900
20240115,14:55:00,162.75,50,43900
20240115,14:55:05,162.75,100,43900
20240115,14:55:06,163.6,50,43900
20240115,14:55:10,164.2,50,43900
20240115,14:55:20,163.9,50,43900
20240115,14:55:28,163.45,50,43900
20240115,14:55:37,164.6,50,43900
20240115,14:55:46,164.8,50,43900
20240115,14:56:01,165.25,50,43900
20240115,14:56:06,165.3,100,43900
20240115,14:56:07,165.2,50,43900
20240115,14:56:24,165.2,50,43900
20240115,14:57:01,163.8,300,43900
20240115,14:57:10,163.4,50,43900
20240115,14:57:28,161.55,100,43750
20240115,14:57:51,160.15,50,43750
20240115,14:57:57,160.15,250,43750
20240115,14:57:59,160.65,50,43750
20240115,14:58:01,160.05,50,43750
20240115,14:58:14,160.05,50,43750
20240115,14:58:22,161.45,150,43750
20240115,14:58:30,161.75,100,43750
20240115,14:58:34,161.7,100,43750
20240115,14:58:50,161.7,200,43750
20240115,14:58:53,161.0,100,43750
20240115,14:59:30,163.0,50,43750
20240115,14:59:53,161.7,50,43750
20240115,15:00:05,162.3,50,43750
20240115,15:00:18,160.0,350,43750
20240115,15:00:26,160.0,50,43750
20240115,15:00:38,163.0,300,43750
20240115,15:00:40,163.85,150,43750
20240115,15:00:55,163.75,200,43750
20240115,15:00:56,163.7,50,43750
20240115,15:01:02,164.8,250,43750
20240115,15:01:04,165.55,100,43750
20240115,15:01:05,165.55,900,43750
20240115,15:01:06,165.6,250,43750
20240115,15:01:07,165.85,850,43750
20240115,15:01:15,164.0,50,43750
20240115,15:01:28,164.0,50,43750
20240115,15:01:33,164.8,50,43750
20240115,15:01:36,164.9,50,43750
20240115,15:01:43,164.7,250,43750
20240115,15:01:55,164.2,50,43750
20240115,15:02:05,165.8,50,43750
20240115,15:02:06,165.85,50,43750
20240115,15:03:16,164.35,50,43750
20240115,15:03:30,165.0,50,44500
20240115,15:03:39,164.95,50,44500
20240115,15:04:43,164.9,50,44500
20240115,15:04:59,164.45,50,44500
20240115,15:05:02,165.0,450,44500
20240115,15:05:53,163.1,50,44500
20240115,15:05:54,162.95,50,44500
20240115,15:05:55,162.95,50,44500
20240115,15:06:05,163.85,50,44500
20240115,15:06:14,163.15,50,44500
20240115,15:06:51,162.1,50,45200
20240115,15:06:52,162.05,50,45200
20240115,15:06:53,161.75,100,45200
20240115,15:06:54,162.2,50,45200
20240115,15:06:59,163.8,50,45200
20240115,15:07:06,163.5,50,45200
20240115,15:07:16,163.45,50,45200
20240115,15:07:36,163.7,50,45200
20240115,15:07:52,163.8,50,45200
20240115,15:07:54,163.5,50,45200
20240115,15:08:04,163.25,50,45200
20240115,15:08:20,164.1,100,45200
20240115,15:08:28,163.4,100,45200
20240115,15:08:53,163.6,50,45200
20240115,15:09:33,164.95,100,45900
20240115,15:09:44,163.85,50,45900
20240115,15:09:45,163.65,50,45900
20240115,15:10:00,164.4,300,45900
20240115,15:10:01,164.4,50,45900
20240115,15:10:02,164.7,200,45900
20240115,15:10:12,165.95,50,45900
20240115,15:10:21,166.0,50,45900
20240115,15:10:23,166.35,50,45900
20240115,15:10:31,166.7,50,45900
20240115,15:10:34,166.8,1000,45900
20240115,15:10:38,167.75,50,45900
20240115,15:10:50,167.75,50,45900
20240115,15:11:14,167.5,500,45900
20240115,15:11:39,165.85,50,45900
20240115,15:11:43,165.0,50,45900
20240115,15:11:45,165.0,200,45900
20240115,15:11:49,164.8,50,45900
20240115,15:11:55,164.75,50,45900
20240115,15:12:29,166.0,100,46050
20240115,15:13:11,165.05,100,46050
20240115,15:13:28,164.15,150,46050
20240115,15:14:55,164.15,50,46050
20240115,15:14:56,163.8,50,46050
20240115,15:15:54,162.0,50,46050
20240115,15:16:01,161.0,50,46050
20240115,15:16:16,161.8,50,46050
20240115,15:16:49,161.75,50,46050
20240115,15:17:37,160.0,50,46050
20240115,15:17:50,159.25,250,46050
20240115,15:18:25,159.25,200,46050
20240115,15:18:33,159.65,100,46000
20240115,15:18:42,159.25,50,46000
20240115,15:19:06,159.0,150,46000
20240115,15:19:08,158.45,50,46000
20240115,15:19:45,158.45,50,46000
20240115,15:20:03,158.95,100,46000
20240115,15:20:04,158.95,200,46000
20240115,15:20:05,159.2,200,46000
20240115,15:20:06,159.2,200,46000
20240115,15:20:07,159.15,50,46000
20240115,15:20:08,159.2,150,46000
20240115,15:20:09,159.25,200,46000
20240115,15:20:10,159.3,50,46000
20240115,15:20:11,159.05,200,46000
20240115,15:20:12,159.0,50,46000
20240115,15:20:13,159.15,50,46000
20240115,15:20:14,159.15,50,46000
20240115,15:20:17,159.55,50,46000
20240115,15:20:20,159.8,50,46000
20240115,15:20:21,159.9,50,46000
20240115,15:20:22,159.25,350,46000
20240115,15:20:23,159.7,100,46000
20240115,15:20:52,158.8,550,46000
20240115,15:21:19,158.25,50,46000
20240115,15:21:20,158.2,250,46000
20240115,15:21:29,157.6,50,44650
20240115,15:21:45,157.45,150,44650
20240115,15:22:11,157.05,50,44650
20240115,15:22:28,157.05,50,44650
20240115,15:23:05,158.25,100,44650
20240115,15:23:27,158.75,150,44650
20240115,15:23:36,158.25,50,44650
20240115,15:23:45,157.75,150,44650
20240115,15:23:54,156.85,700,44650
20240115,15:24:02,156.35,700,44650
20240115,15:24:08,156.15,250,44650
20240115,15:24:10,157.0,50,44650
20240115,15:24:11,157.0,50,44650
20240115,15:24:14,156.0,150,44650
20240115,15:24:16,156.0,50,44650
20240115,15:24:19,155.75,50,44650
20240115,15:24:20,155.5,50,44650
20240115,15:24:21,155.5,50,44650
20240115,15:24:23,156.1,250,44650
20240115,15:24:24,157.05,200,44650
20240115,15:24:26,156.0,50,44650
20240115,15:24:27,156.85,50,45650
20240115,15:24:34,156.7,100,45650
20240115,15:24:35,156.7,100,45650
20240115,15:24:37,156.7,50,45650
20240115,15:24:41,156.8,50,45650
20240115,15:24:43,156.45,50,45650
20240115,15:24:44,156.8,100,45650
20240115,15:24:47,156.8,100,45650
20240115,15:25:38,156.65,50,45650
20240115,15:25:43,156.45,50,45650
20240115,15:26:20,155.05,300,45650
20240115,15:26:26,155.05,50,45650
20240115,15:26:27,156.4,50,45650
20240115,15:26:46,156.45,50,45650
20240115,15:27:14,155.05,50,45650
20240115,15:27:23,155.25,100,45650
20240115,15:27:32,155.0,900,45250
20240115,15:27:51,155.0,150,45250
20240115,15:28:01,154.55,200,45250
20240115,15:28:38,154.5,250,45250
20240115,15:29:00,153.35,200,45250
20240115,15:29:16,155.7,50,45250
20240115,15:29:18,155.75,50,45250
20240115,15:29:30,155.75,100,45250
20240115,15:29:32,155.75,50,45250
20240115,15:29:46,156.0,100,45250
20240115,15:29:53,156.0,50,45250
20240116,09:15:16,168.4,1,45250
20240116,09:15:16,179.95,150,45250
20240116,09:15:26,168.05,550,45250
20240116,09:15:57,168.05,350,45250
20240116,09:16:28,172.4,300,45250
20240116,09:16:38,171.2,800,45250
20240116,09:16:47,175.5,250,45250
20240116,09:16:56,175.5,150,45250
20240116,09:17:15,172.5,100,45250
20240116,09:17:24,171.55,50,45250
20240116,09:17:35,170.15,900,45250
20240116,09:17:45,170.0,350,46750
20240116,09:18:06,170.15,100,46750
20240116,09:18:18,171.1,100,46750
20240116,09:18:21,170.4,250,46750
20240116,09:18:21,170.4,100,46750
20240116,09:19:20,171.5,250,46750
20240116,09:20:00,172.0,50,46750
20240116,09:20:10,173.45,50,46750
20240116,09:20:20,175.45,450,46750
20240116,09:20:30,175.0,100,46750
20240116,09:20:41,174.6,350,47350
20240116,09:21:03,174.0,300,47350
20240116,09:21:05,174.55,100,47350
20240116,09:21:08,174.9,100,47350
20240116,09:22:11,180.0,100,47350
20240116,09:22:22,181.0,150,47350
20240116,09:22:33,181.0,50,47350
20240116,09:23:01,177.7,50,47350
20240116,09:23:10,176.85,950,47350
20240116,09:23:15,176.3,100,47350
20240116,09:23:18,176.75,100,47350
20240116,09:23:23,178.0,50,47350
20240116,09:23:31,178.3,50,47350
20240116,09:23:49,178.3,450,46900
20240116,09:24:08,177.2,50,46900
20240116,09:24:14,177.2,50,46900
20240116,09:24:25,176.8,500,46900
20240116,09:24:52,175.45,100,46900
20240116,09:25:06,175.8,100,46900
20240116,09:26:24,178.8,50,46900
20240116,09:27:05,175.8,100,47400
20240116,09:27:16,174.0,50,47400
20240116,09:27:39,173.25,50,47400
20240116,09:27:45,172.1,500,47400
20240116,09:27:54,172.55,50,47400
20240116,09:28:04,172.3,100,47400
20240116,09:28:09,172.3,150,47400
20240116,09:28:12,173.7,100,47400
20240116,09:28:55,173.5,50,47400
20240116,09:29:02,174.2,100,47400
20240116,09:29:17,174.0,250,47400
20240116,09:29:41,175.75,100,47200
20240116,09:29:55,176.7,100,47200
20240116,09:30:14,175.75,650,47200
20240116,09:30:39,175.75,350,47200
20240116,09:31:03,175.2,300,47200
20240116,09:31:56,173.25,50,47200
20240116,09:33:33,173.15,100,47550
20240116,09:34:01,175.2,100,47550
20240116,09:34:50,175.6,100,47550
20240116,09:34:59,176.45,100,47550
20240116,09:35:42,176.8,50,47400
20240116,09:36:09,176.0,350,47400
20240116,09:37:00,175.7,50,47400
20240116,09:37:20,175.3,200,47400
20240116,09:37:25,176.0,50,47400
20240116,09:37:48,177.3,200,47400
20240116,09:39:10,175.5,150,47850
20240116,09:39:38,173.0,50,47850
20240116,09:39:43,172.0,50,47850
20240116,09:40:52,174.1,100,47850
20240116,09:41:20,176.5,50,47850
20240116,09:41:28,177.0,950,47850
20240116,09:41:42,178.0,50,48400
20240116,09:43:07,175.0,100,48400
20240116,09:43:31,173.0,250,48400
20240116,09:43:38,172.35,250,48400
20240116,09:44:20,174.4,250,48400
20240116,09:44:41,173.35,100,48400
20240116,09:45:14,174.5,50,48700
20240116,09:45:29,173.85,50,48700
20240116,09:45:30,172.9,950,48700
20240116,09:45:54,173.45,50,48700
20240116,09:46:24,172.75,50,48700
20240116,09:46:25,172.0,50,48700
20240116,09:46:47,169.4,450,48700
20240116,09:46:51,169.85,50,48700
20240116,09:46:56,168.65,150,48700
20240116,09:46:58,168.7,50,48700
20240116,09:47:54,169.35,50,48700
20240116,09:48:11,168.7,50,48700
20240116,09:48:23,164.85,50,48700
20240116,09:48:35,164.55,600,48700
20240116,09:48:47,165.5,50,48700
20240116,09:48:58,164.95,400,48700
20240116,09:49:00,164.95,50,48700
20240116,09:49:57,165.85,50,48700
20240116,09:49:58,165.2,50,48700
20240116,09:50:13,166.7,50,48700
20240116,09:52:04,166.0,50,48850
20240116,09:52:08,166.0,200,48850
20240116,09:54:08,163.7,100,48850
20240116,09:54:12,163.7,50,48850
20240116,09:54:13,164.2,100,48850
20240116,09:54:23,164.45,50,48850
20240116,09:55:23,164.5,100,48850
20240116,09:55:28,164.5,100,48850
20240116,09:55:35,166.1,50,48850
20240116,09:56:00,167.8,100,48850
20240116,09:56:59,167.4,150,48800
20240116,09:57:06,167.85,100,48800
20240116,09:57:14,169.85,50,48800
20240116,09:57:33,169.4,50,48800
20240116,09:59:29,170.3,100,48800
20240116,10:00:09,169.9,1000,48800
20240116,10:00:57,172.7,400,48800
20240116,10:01:04,173.0,50,48800
20240116,10:01:17,173.95,50,48800
20240116,10:01:33,176.0,50,48800
20240116,10:01:46,175.2,250,48800
20240116,10:02:38,171.65,50,48800
20240116,10:04:02,166.15,700,49650
20240116,10:04:57,168.05,250,49650
20240116,10:06:07,168.2,50,50550
20240116,10:06:09,168.35,950,50550
20240116,10:07:05,170.4,1000,50550
20240116,10:07:07,170.45,150,50550
20240116,10:08:16,169.35,200,50550
20240116,10:09:55,171.0,300,50700
20240116,10:13:53,166.4,50,51000
20240116,10:14:31,167.15,100,51000
20240116,10:14:42,166.75,100,51000
20240116,10:14:45,166.0,300,51000
20240116,10:14:57,165.55,100,51150
20240116,10:15:49,167.2,50,51150
20240116,10:18:37,170.0,50,51200
20240116,10:18:55,171.0,50,51200
20240116,10:19:08,171.45,100,51200
20240116,10:19:39,169.05,150,51200
20240116,10:20:03,168.55,1000,51200
20240116,10:20:17,169.65,50,51200
20240116,10:20:34,169.1,50,51200
20240116,10:20:40,169.3,50,51200
20240116,10:22:43,168.4,100,51100
20240116,10:22:45,168.4,50,51100
20240116,10:22:48,168.4,50,51100
20240116,10:22:49,168.4,50,51100
20240116,10:22:56,167.95,150,51100
20240116,10:24:00,170.0,50,51150
20240116,10:25:23,169.4,100,51150
20240116,10:27:08,169.0,100,51200
20240116,10:29:12,168.9,200,51200
20240116,10:29:34,167.85,250,51200
20240116,10:29:36,167.4,100,51200
20240116,10:31:32,167.6,100,51100
20240116,10:32:22,167.45,350,51100
20240116,10:34:10,166.5,500,50750
20240116,10:35:39,164.0,50,50750
20240116,10:35:58,163.95,50,50750
20240116,10:36:00,164.45,100,50750
20240116,10:36:30,164.7,100,50750
20240116,10:36:32,165.8,200,50750
20240116,10:36:52,165.15,50,50750
20240116,10:38:58,162.5,50,50900
20240116,10:39:18,161.05,100,50900
20240116,10:39:53,159.65,100,50900
20240116,10:40:06,159.0,200,50900
20240116,10:40:25,159.0,50,50900
20240116,10:40:29,160.65,250,50900
20240116,10:40:31,161.0,100,50900
20240116,10:41:42,162.8,50,50900
20240116,10:42:26,161.4,50,50650
20240116,10:43:17,161.1,50,50650
20240116,10:44:32,162.0,50,50650
20240116,10:46:07,162.0,50,50700
20240116,10:46:16,160.9,100,50700
20240116,10:46:25,160.6,100,50700
20240116,10:48:02,158.3,100,50800
20240116,10:48:22,158.3,100,50800
20240116,10:49:35,159.2,50,50800
20240116,10:50:38,159.6,50,50800
20240116,10:50:55,158.9,50,50800
20240116,10:52:26,160.9,250,50950
20240116,10:53:46,163.15,950,50950
20240116,10:54:48,161.6,950,51900
20240116,10:57:54,159.9,50,51800
20240116,10:58:59,159.15,450,51800
20240116,11:00:21,159.0,50,51900
20240116,11:00:29,159.35,100,51900
20240116,11:00:54,160.6,50,51900
20240116,11:01:00,159.4,250,51900
20240116,11:02:07,159.05,50,51900
20240116,11:02:23,158.8,50,51900
20240116,11:02:33,158.75,50,51900
20240116,11:03:00,158.6,100,52250
20240116,11:06:40,156.3,100,52350
20240116,11:07:54,155.45,50,52350
20240116,11:08:19,155.45,50,52350
20240116,11:08:59,158.2,50,52400
20240116,11:09:10,157.5,50,52400
20240116,11:09:18,157.65,50,52400
20240116,11:09:43,158.0,100,52400
20240116,11:09:49,157.65,50,52400
20240116,11:10:57,157.3,50,52400
20240116,11:11:50,155.7,50,52400
20240116,11:12:38,152.95,100,52400
20240116,11:13:03,152.95,100,52400
20240116,11:14:39,155.55,150,52400
20240116,11:15:04,154.7,50,52400
20240116,11:17:13,154.7,50,52450
20240116,11:18:13,156.45,50,52500
20240116,11:18:55,156.45,50,52500
20240116,11:19:31,158.95,200,52500
20240116,11:19:45,157.85,50,52500
20240116,11:20:13,157.0,50,52500
20240116,11:20:31,157.15,50,52500
20240116,11:21:40,160.0,50,52550
20240116,11:22:11,158.65,50,52550
20240116,11:24:51,158.55,950,52600
20240116,11:25:19,159.15,50,52600
20240116,11:26:16,159.15,100,52600
20240116,11:26:24,160.15,300,52600
20240116,11:26:37,160.0,700,52600
20240116,11:27:14,158.8,50,53700
20240116,11:28:20,160.1,50,53700
20240116,11:30:36,160.1,50,53650
20240116,11:31:06,161.0,150,53650
20240116,11:32:11,160.55,450,53650
20240116,11:33:07,159.75,50,54100
20240116,11:33:28,160.45,50,54100
20240116,11:33:35,160.4,50,54100
20240116,11:33:40,160.55,50,54100
20240116,11:33:42,160.55,200,54100
20240116,11:33:45,160.55,150,54100
20240116,11:33:56,159.95,100,54100
20240116,11:33:57,159.05,50,54100
20240116,11:34:35,158.05,50,54100
20240116,11:34:36,158.1,50,54100
20240116,11:35:38,157.4,50,54100
20240116,11:36:33,158.5,250,54250
20240116,11:37:20,160.0,50,54250
20240116,11:40:53,160.0,50,54000
20240116,11:42:31,162.0,250,54050
20240116,11:43:03,163.95,50,54050
20240116,11:43:04,164.25,200,54050
20240116,11:43:18,164.95,150,54050
20240116,11:45:32,165.0,150,54250
20240116,11:46:09,165.7,50,54250
20240116,11:46:12,166.3,100,54250
20240116,11:47:24,166.3,50,54250
20240116,11:47:48,164.7,400,54250
20240116,11:49:08,162.45,100,54400
20240116,11:49:15,161.15,150,54400
20240116,11:49:24,161.0,50,54400
20240116,11:49:28,161.0,50,54400
20240116,11:50:03,161.0,100,54400
20240116,11:50:20,160.9,50,54400
20240116,11:52:15,165.0,50,54550
20240116,11:52:59,165.95,50,54550
20240116,11:53:13,164.3,50,54550
20240116,11:53:50,164.45,200,54550
20240116,11:54:43,163.45,50,54650
20240116,11:58:11,159.0,50,54700
20240116,11:58:13,159.6,150,54700
20240116,11:58:49,156.85,100,54700
20240116,11:58:56,156.95,50,54700
20240116,11:59:54,155.6,50,54700
20240116,12:00:24,157.7,50,54750
20240116,12:01:47,157.85,50,54750
20240116,12:03:51,160.0,50,54750
20240116,12:04:18,161.0,300,54750
20240116,12:07:27,161.1,50,55000
20240116,12:07:51,163.0,50,55000
20240116,12:08:45,167.9,100,55000
20240116,12:08:52,168.75,250,55000
20240116,12:09:53,169.65,50,55150
20240116,12:09:58,170.7,50,55150
20240116,12:10:14,172.0,100,55150
20240116,12:10:15,171.5,200,55150
20240116,12:10:28,172.8,50,55150
20240116,12:10:36,171.05,50,55150
20240116,12:10:51,170.7,50,55150
20240116,12:12:33,168.25,1800,55350
20240116,12:12:40,168.0,1800,55350
20240116,12:12:42,168.4,1800,55350
20240116,12:12:43,167.3,50,55350
20240116,12:12:44,169.15,1800,55350
20240116,12:13:03,170.0,1150,55350
20240116,12:13:05,168.9,200,55350
20240116,12:13:24,170.0,50,55350
20240116,12:13:36,169.6,1800,55350
20240116,12:13:39,169.75,1800,55350
20240116,12:13:41,170.4,1800,55350
20240116,12:14:00,169.25,1800,55350
20240116,12:14:04,168.35,100,55350
20240116,12:14:06,168.3,100,55350
20240116,12:14:07,168.05,150,55350
20240116,12:14:12,168.0,300,55350
20240116,12:14:13,168.0,250,55350
20240116,12:14:15,168.0,1250,55350
20240116,12:15:24,170.55,100,64800
20240116,12:15:54,171.2,250,64800
20240116,12:15:56,171.05,350,64800
20240116,12:16:30,172.25,50,64800
20240116,12:17:35,171.1,100,64800
20240116,12:19:00,171.4,100,64350
20240116,12:19:27,174.85,450,64350
20240116,12:19:28,174.75,50,64350
20240116,12:19:39,174.75,100,64350
20240116,12:19:40,174.15,350,64350
20240116,12:19:43,173.8,50,64350
20240116,12:19:55,173.25,100,64350
20240116,12:19:56,173.6,50,64350
20240116,12:20:02,172.75,100,64350
20240116,12:20:04,172.0,100,64350
20240116,12:20:12,172.3,100,64350
20240116,12:20:33,170.6,150,64350
20240116,12:20:44,171.0,1850,64350
20240116,12:20:45,171.0,50,64350
20240116,12:20:49,171.3,1800,64350
20240116,12:20:53,171.35,300,64350
20240116,12:20:54,171.35,1500,64350
20240116,12:20:58,171.0,50,64350
20240116,12:21:00,170.2,200,64350
20240116,12:21:15,170.05,50,67900
20240116,12:22:42,169.1,200,67900
20240116,12:22:57,168.45,50,67900
20240116,12:24:06,168.0,50,68100
20240116,12:24:10,167.5,350,68100
20240116,12:25:05,167.5,50,68100
20240116,12:26:41,166.5,50,68100
20240116,12:27:09,168.0,100,67800
20240116,12:28:56,169.65,50,67800
20240116,12:29:43,169.0,100,67800
20240116,12:30:10,167.25,350,68050
20240116,12:31:11,165.0,100,68050
20240116,12:31:13,163.8,50,68050
20240116,12:31:14,164.65,500,68050
20240116,12:31:18,164.35,100,68050
20240116,12:31:53,165.8,50,68050
20240116,12:32:17,164.8,100,68050
20240116,12:32:29,164.25,100,68050
20240116,12:33:26,167.6,50,68450
20240116,12:34:24,168.7,150,68450
20240116,12:34:53,166.95,100,68450
20240116,12:38:15,170.55,100,68550
20240116,12:38:19,170.0,2700,68550
20240116,12:39:38,170.65,150,69800
20240116,12:42:16,170.0,150,69800
20240116,12:42:29,169.85,200,69800
20240116,12:43:28,170.65,500,69800
20240116,12:43:45,171.15,50,69800
20240116,12:43:51,171.85,50,69800
20240116,12:48:52,176.7,50,69800
20240116,12:48:57,176.95,100,69800
20240116,12:49:14,176.95,50,69800
20240116,12:49:36,178.0,150,69800
20240116,12:49:57,177.25,400,69800
20240116,12:50:22,177.4,100,69800
20240116,12:50:31,176.0,100,69800
20240116,12:50:43,174.0,250,69800
20240116,12:51:01,175.4,100,69800
20240116,12:51:27,177.3,300,69500
20240116,12:51:32,178.0,50,69500
20240116,12:52:50,175.35,50,69500
20240116,12:52:55,173.15,50,69500
20240116,12:53:09,173.0,50,69500
20240116,12:53:22,172.6,50,69500
20240116,12:53:32,171.85,150,69500
20240116,12:55:04,171.1,300,69500
20240116,12:56:24,171.5,600,69500
20240116,12:57:28,172.8,150,69600
20240116,12:58:08,175.15,450,69600
20240116,12:58:20,173.2,50,69600
20240116,13:00:18,177.25,50,70100
20240116,13:00:36,178.4,150,70100
20240116,13:00:46,179.0,100,70100
20240116,13:00:57,180.0,200,70100
20240116,13:01:01,179.55,150,70100
20240116,13:01:04,180.3,350,70100
20240116,13:01:05,180.4,50,70100
20240116,13:01:17,179.5,50,70100
20240116,13:01:25,179.5,50,70100
20240116,13:01:40,177.45,500,70100
20240116,13:01:53,177.45,50,70100
20240116,13:02:03,176.75,50,70100
20240116,13:02:06,175.0,100,70100
20240116,13:02:28,176.8,50,70100
20240116,13:03:04,178.7,500,70100
20240116,13:03:36,176.8,50,71650
20240116,13:03:52,179.0,100,71650
20240116,13:04:03,178.8,100,71650
20240116,13:04:22,178.8,50,71650
20240116,13:04:38,178.8,350,71650
20240116,13:05:06,178.8,150,71650
20240116,13:05:50,176.95,50,71650
20240116,13:06:27,179.0,150,72000
20240116,13:06:36,180.75,600,72000
20240116,13:06:55,181.05,50,72000
20240116,13:07:08,181.05,300,72000
20240116,13:07:30,180.5,150,72000
20240116,13:07:48,181.0,50,72000
20240116,13:07:50,181.0,50,72000
20240116,13:07:55,180.6,150,72000
20240116,13:08:28,180.5,200,72000
20240116,13:08:28,180.0,150,72000
20240116,13:08:49,180.0,300,72000
20240116,13:09:37,180.5,50,72050
20240116,13:09:44,181.0,100,72050
20240116,13:09:58,182.35,50,72050
20240116,13:10:31,182.35,100,72050
20240116,13:10:39,180.4,100,72050
20240116,13:12:49,180.4,200,72000
20240116,13:12:57,182.0,50,72000
20240116,13:13:01,183.0,50,72000
20240116,13:13:17,184.0,200,72000
20240116,13:13:23,185.0,200,72000
20240116,13:13:37,185.0,150,72000
20240116,13:13:40,182.9,50,72000
20240116,13:13:41,182.75,100,72000
20240116,13:14:05,184.5,50,72000
20240116,13:14:32,184.0,50,72000
20240116,13:14:52,182.5,250,72000
20240116,13:15:31,184.5,250,71950
20240116,13:15:42,185.0,450,71950
20240116,13:15:51,182.3,50,71950
20240116,13:16:14,182.95,200,71950
20240116,13:16:20,184.1,100,71950
20240116,13:16:28,183.45,50,71950
20240116,13:16:58,178.1,100,71950
20240116,13:17:04,177.0,50,71950
20240116,13:18:28,178.45,50,71100
20240116,13:19:45,183.45,450,71100
20240116,13:19:55,185.0,450,71100
20240116,13:20:04,184.0,250,71100
20240116,13:20:11,185.0,100,71100
20240116,13:20:17,184.0,50,71100
20240116,13:20:36,184.95,100,71100
20240116,13:20:50,184.5,200,71100
20240116,13:20:57,184.0,50,71100
20240116,13:20:58,184.0,50,71100
20240116,13:21:10,183.45,50,71100
20240116,13:21:15,184.75,50,71100
20240116,13:21:27,185.05,100,71700
20240116,13:21:38,185.05,100,71700
20240116,13:21:39,184.45,50,71700
20240116,13:22:05,183.25,50,71700
20240116,13:22:08,183.65,100,71700
20240116,13:22:10,183.6,250,71700
20240116,13:23:16,182.4,50,71700
20240116,13:24:00,185.0,300,71700
20240116,13:24:52,185.5,50,71700
20240116,13:25:06,187.05,50,71900
20240116,13:25:31,188.35,50,71900
20240116,13:25:56,188.35,150,71900
20240116,13:25:58,184.05,500,71900
20240116,13:27:25,183.75,50,71600
20240116,13:29:41,183.0,150,71600
20240116,13:30:03,184.0,100,71600
20240116,13:30:07,185.1,50,71600
20240116,13:30:31,185.6,50,71700
20240116,13:30:49,185.55,50,71700
20240116,13:31:07,184.0,400,71700
20240116,13:31:17,185.55,50,71700
20240116,13:31:26,187.0,50,71700
20240116,13:31:48,186.15,50,71700
20240116,13:33:00,190.0,400,71700
20240116,13:33:12,191.0,50,71700
20240116,13:33:25,192.0,100,71600
20240116,13:33:49,195.0,150,71600
20240116,13:33:58,196.0,150,71600
20240116,13:34:03,199.25,250,71600
20240116,13:34:05,199.25,200,71600
20240116,13:34:07,197.2,200,71600
20240116,13:34:08,197.9,100,71600
20240116,13:34:13,197.65,100,71600
20240116,13:34:15,199.35,250,71600
20240116,13:34:18,199.35,50,71600
20240116,13:34:21,199.45,50,71600
20240116,13:34:24,199.45,50,71600
20240116,13:34:25,200.0,50,71600
20240116,13:34:27,200.0,50,71600
20240116,13:34:29,199.75,50,71600
20240116,13:34:31,200.05,50,71600
20240116,13:34:32,200.05,50,71600
20240116,13:34:39,197.85,250,71600
20240116,13:34:59,198.35,400,71600
20240116,13:35:00,197.8,50,71600
20240116,13:35:08,199.1,50,71600
20240116,13:35:13,199.1,100,71600
20240116,13:35:18,200.0,50,71600
20240116,13:35:23,201.0,100,71600
20240116,13:35:59,201.0,150,71600
20240116,13:36:13,201.9,100,71600
20240116,13:36:39,206.5,100,72500
20240116,13:36:43,206.5,100,72500
20240116,13:36:45,205.4,100,72500
20240116,13:36:47,204.1,50,72500
20240116,13:36:55,203.9,50,72500
20240116,13:37:02,204.0,150,72500
20240116,13:37:05,204.95,100,72500
20240116,13:37:06,204.75,250,72500
20240116,13:37:22,202.7,900,72500
20240116,13:37:37,203.75,100,72500
20240116,13:37:41,204.8,50,72500
20240116,13:37:54,206.0,100,72500
20240116,13:38:04,206.0,50,72500
20240116,13:38:05,206.8,100,72500
20240116,13:38:24,207.85,50,72500
20240116,13:38:30,207.85,50,72500
20240116,13:38:32,206.3,450,72500
20240116,13:38:37,203.95,50,72500
20240116,13:39:01,202.8,250,72500
20240116,13:39:04,202.9,150,72500
20240116,13:39:05,201.4,50,72500
20240116,13:39:15,202.35,50,72500
20240116,13:39:43,201.0,50,72450
20240116,13:39:46,201.1,150,72450
20240116,13:39:53,200.8,200,72450
20240116,13:40:00,198.2,50,72450
20240116,13:40:06,198.2,50,72450
20240116,13:40:11,197.7,50,72450
20240116,13:40:25,192.8,100,72450
20240116,13:40:29,193.8,100,72450
20240116,13:40:37,193.0,100,72450
20240116,13:40:41,193.65,150,72450
20240116,13:40:42,193.0,50,72450
20240116,13:40:44,192.95,100,72450
20240116,13:40:53,194.65,300,72450
20240116,13:41:02,194.65,200,72450
20240116,13:41:03,195.1,250,72450
20240116,13:41:19,194.4,500,72450
20240116,13:41:23,194.1,100,72450
20240116,13:41:28,193.4,100,72450
20240116,13:41:46,198.0,50,72450
20240116,13:41:52,197.05,50,72450
20240116,13:42:14,197.75,100,72450
20240116,13:42:55,195.15,250,72350
20240116,13:43:25,195.7,50,72350
20240116,13:43:53,194.45,50,72350
20240116,13:44:05,193.5,50,72350
20240116,13:44:08,193.65,50,72350
20240116,13:44:16,192.95,150,72350
20240116,13:44:39,187.55,150,72350
20240116,13:44:57,189.7,200,72350
20240116,13:45:06,190.0,50,72350
20240116,13:45:10,190.15,250,72350
20240116,13:45:15,192.0,500,72350
20240116,13:45:33,191.5,350,72000
20240116,13:45:47,189.1,100,72000
20240116,13:46:38,185.0,400,72000
20240116,13:46:55,185.0,50,72000
20240116,13:47:07,182.05,150,72000
20240116,13:47:24,182.7,50,72000
20240116,13:47:33,182.85,50,72000
20240116,13:47:38,182.7,50,72000
20240116,13:47:39,181.55,50,72000
20240116,13:47:44,182.45,50,72000
20240116,13:47:53,182.45,100,72000
20240116,13:48:00,183.45,200,72000
20240116,13:48:24,185.9,100,72000
20240116,13:48:27,184.0,50,72700
20240116,13:48:34,184.75,300,72700
20240116,13:48:41,185.0,300,72700
20240116,13:49:03,184.3,100,72700
20240116,13:49:45,185.6,50,72700
20240116,13:50:21,187.25,50,72700
20240116,13:50:36,189.5,50,72700
20240116,13:50:39,189.35,100,72700
20240116,13:50:47,190.0,250,72700
20240116,13:50:59,190.7,50,72700
20240116,13:51:09,191.35,350,72700
20240116,13:51:10,192.25,150,72700
20240116,13:51:14,192.25,250,72700
20240116,13:51:15,193.45,250,72700
20240116,13:51:16,193.5,50,72700
20240116,13:51:21,191.85,400,73450
20240116,13:51:33,192.4,1500,73450
20240116,13:51:34,190.8,150,73450
20240116,13:51:41,188.45,50,73450
20240116,13:51:43,187.85,200,73450
20240116,13:51:55,184.05,50,73450
20240116,13:52:40,179.7,250,73450
20240116,13:55:33,180.75,100,75250
20240116,13:55:38,179.9,100,75250
20240116,13:55:56,180.05,1800,75250
20240116,13:56:23,180.0,200,75250
20240116,13:56:24,179.35,50,75250
20240116,13:56:25,180.1,50,75250
20240116,13:56:47,177.9,50,75250
20240116,13:56:57,176.0,1000,75250
20240116,13:56:58,176.0,50,75250
20240116,13:58:09,176.0,200,74400
20240116,13:58:19,175.65,50,74400
20240116,13:59:09,174.3,50,74400
20240116,13:59:13,174.95,350,74400
20240116,13:59:14,175.0,950,74400
20240116,13:59:27,175.25,100,74400
20240116,13:59:32,175.25,50,74400
20240116,13:59:51,174.6,1500,74400
20240116,13:59:53,176.75,100,74400
20240116,13:59:56,176.05,100,74400
20240116,14:00:07,176.95,50,74400
20240116,14:00:40,178.4,50,72950
20240116,14:00:43,178.6,50,72950
20240116,14:01:19,175.6,400,72950
20240116,14:01:29,173.75,50,72950
20240116,14:02:02,176.4,50,72950
20240116,14:02:17,177.95,50,72950
20240116,14:02:19,178.0,200,72950
20240116,14:02:42,180.0,100,72950
20240116,14:02:54,181.85,50,72950
20240116,14:03:03,181.05,100,72950
20240116,14:03:28,180.0,300,72950
20240116,14:03:36,178.9,50,72550
20240116,14:03:52,179.75,100,72550
20240116,14:04:00,179.85,50,72550
20240116,14:04:19,181.3,50,72550
20240116,14:04:31,181.25,200,72550
20240116,14:06:48,185.0,50,72650
20240116,14:06:49,183.6,500,72650
20240116,14:06:51,184.45,50,72650
20240116,14:06:57,182.3,50,72650
20240116,14:08:53,180.0,200,72650
20240116,14:08:59,178.15,50,72650
20240116,14:09:02,178.0,100,72650
20240116,14:09:46,175.65,100,72800
20240116,14:10:09,175.4,50,72800
20240116,14:10:18,175.85,50,72800
20240116,14:10:53,177.05,50,72800
20240116,14:11:24,176.05,50,72800
20240116,14:11:24,176.15,50,72800
20240116,14:11:55,174.75,50,72800
20240116,14:12:14,173.25,100,72800
20240116,14:12:31,173.0,300,72900
20240116,14:12:49,172.0,50,72900
20240116,14:12:58,171.0,200,72900
20240116,14:13:19,171.6,300,72900
20240116,14:13:30,169.65,150,72900
20240116,14:13:41,168.35,300,72900
20240116,14:13:51,170.25,50,72900
20240116,14:14:14,172.75,50,72900
20240116,14:14:18,174.35,100,72900
20240116,14:14:29,173.8,50,72900
20240116,14:15:37,173.65,50,72600
20240116,14:16:00,175.0,100,72600
20240116,14:16:11,174.65,50,72600
20240116,14:16:22,176.45,100,72600
20240116,14:16:44,176.75,50,72600
20240116,14:17:18,174.35,50,72600
20240116,14:18:03,174.2,100,72600
20240116,14:18:10,173.1,50,72600
20240116,14:18:25,172.25,50,72750
20240116,14:19:13,172.7,50,72750
20240116,14:19:48,171.1,200,72750
20240116,14:20:30,169.0,50,72750
20240116,14:21:01,170.2,100,72750
20240116,14:21:23,171.6,50,72700
20240116,14:21:44,173.85,50,72700
20240116,14:22:05,172.1,50,72700
20240116,14:22:06,171.25,50,72700
20240116,14:23:49,175.0,50,72700
20240116,14:26:00,176.8,350,72750
20240116,14:27:11,177.15,50,72750
20240116,14:27:56,175.7,50,72750
20240116,14:28:50,176.75,50,72750
20240116,14:29:37,173.65,50,72750
20240116,14:30:00,173.65,400,72750
20240116,14:30:05,173.4,100,72750
20240116,14:30:24,172.05,50,72800
20240116,14:31:01,171.85,50,72800
20240116,14:31:30,172.65,50,72800
20240116,14:32:35,176.8,50,72800
20240116,14:33:43,176.0,50,72850
20240116,14:35:50,181.85,150,72850
20240116,14:36:33,187.65,1150,72850
20240116,14:36:40,188.4,150,72700
20240116,14:37:00,189.5,750,72700
20240116,14:37:18,187.65,300,72700
20240116,14:37:24,187.25,50,72700
20240116,14:37:51,181.65,50,72700
20240116,14:38:02,180.0,50,72700
20240116,14:38:27,181.2,250,72700
20240116,14:38:46,181.05,50,72700
20240116,14:39:11,181.35,50,72700
20240116,14:39:12,181.25,500,72700
20240116,14:39:24,179.55,100,72700
20240116,14:39:45,178.75,100,74550
20240116,14:40:21,176.5,50,74550
20240116,14:40:28,175.5,250,74550
20240116,14:40:43,176.7,50,74550
20240116,14:40:58,177.05,50,74550
20240116,14:41:19,177.45,100,74550
20240116,14:41:53,178.45,50,74550
20240116,14:42:07,176.05,100,74550
20240116,14:42:38,175.6,200,74350
20240116,14:43:15,174.5,50,74350
20240116,14:44:02,173.65,50,74350
20240116,14:44:46,175.0,200,74350
20240116,14:45:38,173.65,50,74400
20240116,14:45:43,173.25,50,74400
20240116,14:46:23,173.8,50,74400
20240116,14:46:46,171.6,700,74400
20240116,14:47:45,173.3,50,74400
20240116,14:48:03,173.6,100,74400
20240116,14:48:55,175.2,50,74300
20240116,14:49:02,174.55,50,74300
20240116,14:49:52,174.6,50,74300
20240116,14:50:52,173.95,100,74300
20240116,14:51:43,173.45,150,74150
20240116,14:51:56,171.8,100,74150
20240116,14:51:57,171.4,50,74150
20240116,14:52:53,171.5,50,74150
20240116,14:53:33,174.25,100,74150
20240116,14:54:21,175.5,100,74150
20240116,14:55:00,176.35,150,74050
20240116,14:55:01,175.5,1050,74050
20240116,14:55:03,175.55,100,74050
20240116,14:55:14,175.05,400,74050
20240116,14:55:25,175.95,3000,74050
20240116,14:57:02,177.25,100,74050
20240116,14:57:34,175.95,200,74050
20240116,14:57:40,176.5,100,75350
20240116,14:59:41,174.0,50,75350
20240116,14:59:43,172.55,1550,75350
20240116,15:00:12,174.1,500,75350
20240116,15:00:14,174.05,50,75350
20240116,15:01:43,177.3,350,77000
20240116,15:02:52,173.85,50,77000
20240116,15:04:35,173.15,50,76850
20240116,15:05:00,172.85,150,76850
20240116,15:05:46,174.05,350,76850
20240116,15:05:50,174.9,200,76850
20240116,15:06:35,174.6,200,76900
20240116,15:06:55,173.5,250,76900
20240116,15:06:56,174.0,350,76900
20240116,15:07:30,175.4,500,76900
20240116,15:07:43,176.4,200,76900
20240116,15:08:59,173.25,50,76900
20240116,15:09:36,175.65,250,77800
20240116,15:09:58,174.1,250,77800
20240116,15:10:00,175.05,200,77800
20240116,15:10:12,174.6,200,77800
20240116,15:10:51,175.95,100,77800
20240116,15:12:39,175.95,1000,77750
20240116,15:12:56,175.5,50,77750
20240116,15:13:12,175.95,100,77750
20240116,15:13:38,176.65,400,77750
20240116,15:14:06,178.2,350,77750
20240116,15:15:24,179.0,50,77750
20240116,15:15:43,179.0,50,78650
20240116,15:16:01,179.25,200,78650
20240116,15:16:23,180.0,50,78650
20240116,15:17:07,185.0,100,78650
20240116,15:17:09,184.7,700,78650
20240116,15:17:15,185.4,150,78650
20240116,15:17:21,183.9,250,78650
20240116,15:17:49,183.0,450,78650
20240116,15:17:59,182.0,50,78650
20240116,15:18:03,182.0,50,78650
20240116,15:18:08,182.6,50,78650
20240116,15:18:23,183.95,150,78650
20240116,15:18:25,183.4,50,78650
20240116,15:18:26,183.4,50,78650
20240116,15:18:30,183.9,100,78700
20240116,15:19:05,183.5,200,78700
20240116,15:19:16,183.3,50,78700
20240116,15:19:23,182.5,50,78700
20240116,15:19:38,181.85,50,78700
20240116,15:19:38,181.25,550,78700
20240116,15:19:53,182.5,350,78700
20240116,15:20:01,183.0,150,78700
20240116,15:20:02,183.5,200,78700
20240116,15:20:04,183.7,250,78700
20240116,15:20:06,183.0,250,78700
20240116,15:20:08,183.5,200,78700
20240116,15:20:10,184.0,300,78700
20240116,15:20:11,184.0,200,78700
20240116,15:20:18,184.4,100,78700
20240116,15:20:24,183.65,50,78700
20240116,15:20:40,183.95,50,78700
20240116,15:20:48,183.5,150,78700
20240116,15:20:50,184.0,50,78700
20240116,15:20:54,183.6,50,78700
20240116,15:21:31,181.6,400,78050
20240116,15:21:57,182.65,50,78050
20240116,15:22:16,181.8,50,78050
20240116,15:22:25,180.3,300,78050
20240116,15:22:52,180.25,50,78050
20240116,15:22:59,179.75,50,78050
20240116,15:23:07,178.9,300,78050
20240116,15:23:11,180.3,450,78050
20240116,15:23:44,180.0,50,78050
20240116,15:24:12,180.4,50,78050
20240116,15:25:12,179.45,50,77800
20240116,15:25:24,178.6,200,77800
20240116,15:25:30,179.55,50,77800
20240116,15:26:16,179.95,50,77800
20240116,15:26:32,180.0,100,77800
20240116,15:26:34,179.55,100,77800
20240116,15:26:46,180.2,100,77800
20240116,15:27:32,179.7,400,77850
20240116,15:27:34,179.6,50,77850
20240116,15:27:35,179.55,500,77850
20240116,15:27:39,179.4,50,77850
20240116,15:28:14,179.1,50,77850
20240116,15:28:16,179.05,50,77850
20240116,15:28:19,178.95,100,77850
20240116,15:28:22,178.9,350,77850
20240116,15:28:25,178.55,50,77850
20240116,15:29:08,179.8,50,77850
20240116,15:29:17,180.55,550,77850
20240116,15:29:25,180.9,550,77850
20240116,15:29:45,180.85,50,77850
20240116,15:29:56,181.25,200,77850
20240117,09:15:19,223.0,1,77550
20240117,09:15:19,223.0,50,77550
20240117,09:15:23,266.0,50,77550
20240117,09:15:28,266.0,100,77550
20240117,09:15:32,265.85,400,77550
20240117,09:15:48,200.35,500,77550
20240117,09:15:53,181.25,1050,77550
20240117,09:16:02,173.15,1300,77550
20240117,09:16:07,230.0,1750,77550
20240117,09:16:12,203.35,100,77550
20240117,09:16:17,233.15,1400,77550
20240117,09:16:22,232.95,500,77550
20240117,09:16:26,232.3,600,77550
20240117,09:16:31,232.05,400,77550
20240117,09:16:35,227.15,300,77550
20240117,09:16:40,231.9,1300,77550
20240117,09:16:45,227.15,1150,77550
20240117,09:16:50,232.0,500,77550
20240117,09:16:55,229.95,400,77550
20240117,09:17:05,228.75,1900,77550
20240117,09:17:11,229.8,800,77550
20240117,09:17:17,228.15,600,77550
20240117,09:17:21,226.3,150,77550
20240117,09:17:26,227.1,250,77550
20240117,09:17:31,229.95,450,77550
20240117,09:17:35,229.95,500,77550
20240117,09:17:39,231.05,650,77550
20240117,09:17:44,233.3,100,74050
20240117,09:17:48,231.75,250,74050
20240117,09:17:52,232.95,200,74050
20240117,09:17:56,233.65,100,74050
20240117,09:18:01,231.05,700,74050
20240117,09:18:06,235.0,350,74050
20240117,09:18:12,234.5,1050,74050
20240117,09:18:17,237.0,350,74050
20240117,09:18:22,237.1,200,74050
20240117,09:18:30,237.1,100,74050
20240117,09:18:35,236.8,100,74050
20240117,09:18:45,236.5,100,74050
20240117,09:18:51,236.85,50,74050
20240117,09:18:57,237.45,650,74050
20240117,09:19:03,236.2,750,74050
20240117,09:19:10,236.0,150,74050
20240117,09:19:14,235.95,200,74050
20240117,09:19:15,235.8,150,74050
20240117,09:19:16,236.75,100,74050
20240117,09:19:18,237.0,50,74050
20240117,09:19:20,237.55,50,74050
20240117,09:19:20,237.6,100,74050
20240117,09:19:24,237.0,450,74050
20240117,09:19:26,238.9,300,74050
20240117,09:19:29,240.6,950,74050
20240117,09:19:30,240.95,500,74050
20240117,09:19:30,240.0,50,74050
20240117,09:19:31,242.35,2750,74050
20240117,09:19:33,247.85,6550,74050
20240117,09:19:36,249.7,1050,74050
20240117,09:19:37,250.05,200,74050
20240117,09:19:39,250.15,200,74050
20240117,09:19:40,248.25,1100,74050
20240117,09:19:41,247.0,550,74050
20240117,09:19:45,247.3,50,74050
20240117,09:19:46,247.35,2300,74050
20240117,09:19:52,248.15,300,74050
20240117,09:19:55,248.25,50,74050
20240117,09:19:56,248.2,1550,74050
20240117,09:20:04,248.8,200,74050
20240117,09:20:06,250.05,200,74050
20240117,09:20:07,250.1,50,74050
20240117,09:20:09,249.65,50,74050
20240117,09:20:12,250.25,50,74050
20240117,09:20:13,250.65,100,74050
20240117,09:20:14,251.95,50,74050
20240117,09:20:19,253.0,200,74050
20240117,09:20:20,252.55,50,74050
20240117,09:20:25,254.7,250,74050
20240117,09:20:26,253.55,200,74050
20240117,09:20:28,254.85,100,74050
20240117,09:20:29,254.1,50,74050
20240117,09:20:30,253.35,100,74050
20240117,09:20:33,253.6,50,74050
20240117,09:20:35,253.55,100,74050
20240117,09:20:37,252.25,50,74050
20240117,09:20:38,252.0,150,74050
