date,time,tick_price,volume,open_interest
20231228,09:15:19,30.0,50,25500
20231228,09:15:29,28.0,300,25500
20231228,09:15:38,32.65,8650,25500
20231228,09:15:38,27.9,8650,25500
20231228,09:15:47,29.2,5350,25500
20231228,09:15:55,30.5,1550,25500
20231228,09:16:02,30.55,2550,25500
20231228,09:16:11,31.8,1750,25500
20231228,09:16:21,32.3,450,25500
20231228,09:16:30,32.65,450,25500
20231228,09:16:39,32.75,350,25500
20231228,09:16:48,33.05,2200,25500
20231228,09:16:56,33.25,2200,25500
20231228,09:17:05,33.25,2600,25500
20231228,09:17:13,33.4,700,25500
20231228,09:17:21,33.6,2500,25500
20231228,09:17:29,33.6,2350,25500
20231228,09:17:38,33.8,2200,25500
20231228,09:17:46,33.95,300,25500
20231228,09:17:54,34.1,550,25500
20231228,09:18:02,34.2,650,25500
20231228,09:18:19,34.3,200,25500
20231228,09:18:27,34.4,50,25500
20231228,09:18:35,34.95,300,25500
20231228,09:18:44,34.95,50,25500
20231228,09:19:25,35.05,650,25500
20231228,09:19:34,35.4,250,25500
20231228,09:19:43,35.4,250,25500
20231228,09:19:59,35.55,1050,25500
20231228,09:20:08,35.6,250,25500
20231228,09:20:25,35.85,850,25500
20231228,09:20:35,36.05,200,25500
20231228,09:20:55,36.75,1250,25500
20231228,09:21:05,36.95,500,26700
20231228,09:21:14,37.2,1300,26700
20231228,09:21:24,37.45,300,26700
20231228,09:21:33,37.85,100,26700
20231228,09:21:43,38.0,1950,26700
20231228,09:21:52,37.95,1100,26700
20231228,09:22:01,38.5,100,26700
20231228,09:22:12,38.75,150,26700
20231228,09:22:23,38.95,2650,26700
20231228,09:22:34,39.55,850,26700
20231228,09:22:54,39.15,250,26700
20231228,09:23:13,39.0,200,26700
20231228,09:23:36,39.1,250,26700
20231228,09:23:46,39.6,1000,26700
20231228,09:23:55,39.35,200,26700
20231228,09:24:50,39.5,150,28600
20231228,09:25:07,39.4,200,28600
20231228,09:25:17,39.3,50,28600
20231228,09:25:44,39.5,50,28600
20231228,09:25:53,39.5,50,28600
20231228,09:26:02,39.6,150,28600
20231228,09:27:05,38.65,200,28550
20231228,09:27:33,38.7,1450,28550
20231228,09:27:42,38.65,50,28550
20231228,09:27:52,38.6,50,28550
20231228,09:28:02,38.6,100,28550
20231228,09:28:13,38.5,600,28550
20231228,09:28:23,38.35,450,28550
20231228,09:28:32,38.45,50,28550
20231228,09:28:41,38.45,600,28550
20231228,09:29:00,38.4,50,28550
20231228,09:29:09,38.45,1050,28550
20231228,09:29:18,38.3,250,28550
20231228,09:29:27,38.55,650,28550
20231228,09:29:37,38.3,300,28550
20231228,09:29:46,38.25,50,28550
20231228,09:30:04,38.25,1000,31500
20231228,09:30:14,38.25,300,31500
20231228,09:30:23,38.35,1900,31500
20231228,09:30:33,38.5,50,31500
20231228,09:30:42,38.5,3350,31500
20231228,09:31:02,38.6,200,31500
20231228,09:31:29,38.65,2150,31500
20231228,09:31:56,38.6,50,31500
20231228,09:32:04,38.4,50,31500
20231228,09:32:13,38.6,200,31500
20231228,09:32:22,38.5,150,31500
20231228,09:32:32,38.85,100,31500
20231228,09:33:17,38.95,250,33900
20231228,09:33:26,39.0,50,33900
20231228,09:33:34,38.7,150,33900
20231228,09:33:43,38.6,800,33900
20231228,09:33:52,38.8,600,33900
20231228,09:34:18,39.0,350,33900
20231228,09:34:29,38.15,650,33900
20231228,09:34:39,38.2,3050,33900
20231228,09:34:49,37.7,1400,33900
20231228,09:34:59,37.9,550,33900
20231228,09:35:08,38.15,100,33900
20231228,09:35:18,37.85,150,33900
20231228,09:35:27,37.6,50,33900
20231228,09:35:46,37.55,100,33900
20231228,09:35:56,37.35,200,33900
20231228,09:36:05,36.7,50,35150
20231228,09:36:15,36.85,1850,35150
20231228,09:36:24,36.85,200,35150
20231228,09:36:33,36.85,750,35150
20231228,09:36:42,36.65,1800,35150
20231228,09:36:51,36.65,750,35150
20231228,09:37:00,36.65,150,35150
20231228,09:37:09,36.6,250,35150
20231228,09:37:18,36.4,200,35150
20231228,09:37:27,36.3,100,35150
20231228,09:37:37,36.05,150,35150
20231228,09:37:46,36.05,50,35150
20231228,09:37:55,36.0,150,35150
20231228,09:38:13,36.1,150,35150
20231228,09:38:31,36.0,500,35150
20231228,09:38:40,36.05,150,35150
20231228,09:38:49,36.0,800,35150
20231228,09:39:16,36.0,250,38700
20231228,09:39:25,36.65,950,38700
20231228,09:39:35,36.9,550,38700
20231228,09:39:44,36.8,300,38700
20231228,09:40:02,36.95,650,38700
20231228,09:40:20,36.9,350,38700
20231228,09:40:29,36.95,100,38700
20231228,09:40:38,36.85,250,38700
20231228,09:40:48,36.95,50,38700
20231228,09:40:57,37.1,650,38700
20231228,09:41:06,37.05,50,38700
20231228,09:41:15,37.0,150,38700
20231228,09:41:24,36.85,100,38700
20231228,09:41:33,37.0,50,38700
20231228,09:42:08,37.05,400,36800
20231228,09:42:17,37.0,200,36800
20231228,09:42:35,37.1,50,36800
20231228,09:42:54,37.65,50,36800
20231228,09:43:04,37.95,1200,36800
20231228,09:43:36,37.75,450,36800
20231228,09:43:45,38.05,500,36800
20231228,09:44:04,38.2,500,36800
20231228,09:44:14,38.1,450,36800
20231228,09:44:41,38.4,50,36800
20231228,09:44:50,38.25,750,36800
20231228,09:44:59,38.35,100,36800
20231228,09:45:08,38.4,100,39100
20231228,09:45:36,38.5,200,39100
20231228,09:45:45,38.75,550,39100
20231228,09:46:30,38.4,6200,39100
20231228,09:46:48,38.55,700,39100
20231228,09:47:15,38.0,1400,39100
20231228,09:47:25,38.25,500,39100
20231228,09:47:34,38.15,200,39100
20231228,09:47:44,38.75,850,39100
20231228,09:47:56,39.0,600,39100
20231228,09:48:08,38.75,450,45450
20231228,09:48:18,39.2,300,45450
20231228,09:48:28,39.6,550,45450
20231228,09:48:37,39.3,100,45450
20231228,09:48:56,39.4,50,45450
20231228,09:49:05,39.25,50,45450
20231228,09:49:24,39.4,400,45450
20231228,09:49:33,39.5,450,45450
20231228,09:49:42,39.35,100,45450
20231228,09:50:01,39.5,200,45450
20231228,09:50:10,39.2,50,45450
20231228,09:50:19,39.35,50,45450
20231228,09:50:28,39.4,200,45450
20231228,09:50:47,39.65,200,45450
20231228,09:50:56,39.65,200,45450
20231228,09:51:06,39.75,250,47600
20231228,09:51:15,40.05,150,47600
20231228,09:51:34,40.05,200,47600
20231228,09:51:44,39.85,250,47600
20231228,09:51:53,39.5,600,47600
20231228,09:52:02,39.7,1100,47600
20231228,09:52:31,39.6,400,47600
20231228,09:52:49,39.8,900,47600
20231228,09:53:17,39.8,100,47600
20231228,09:53:27,39.65,1250,47600
20231228,09:53:36,39.65,50,47600
20231228,09:53:55,39.65,50,47600
20231228,09:55:07,39.6,50,52200
20231228,09:55:43,39.3,200,52200
20231228,09:55:54,38.15,3250,52200
20231228,09:56:05,38.3,1400,52200
20231228,09:56:15,39.05,450,52200
20231228,09:56:25,39.0,450,52200
20231228,09:56:35,38.4,1300,52200
20231228,09:56:44,38.35,200,52200
20231228,09:56:53,38.4,350,52200
20231228,09:58:06,37.65,50,58100
20231228,09:58:24,37.8,100,58100
20231228,09:58:32,38.0,600,58100
20231228,09:58:50,37.8,300,58100
20231228,09:58:59,37.6,1250,58100
20231228,09:59:07,37.7,150,58100
20231228,09:59:16,37.5,250,58100
20231228,09:59:25,37.45,200,58100
20231228,09:59:34,37.5,3050,58100
20231228,09:59:52,37.7,200,58100
20231228,10:00:10,37.65,100,60550
20231228,10:00:19,37.75,150,60550
20231228,10:00:37,37.2,200,60550
20231228,10:00:46,37.3,50,60550
20231228,10:00:56,37.6,300,60550
20231228,10:01:13,37.6,50,60550
20231228,10:01:31,37.25,50,60550
20231228,10:01:40,37.6,50,60550
20231228,10:02:16,37.35,150,60550
20231228,10:02:51,37.3,50,60550
20231228,10:02:59,37.05,200,60550
20231228,10:03:09,36.9,100,60550
20231228,10:03:18,36.8,300,61700
20231228,10:03:29,35.6,400,61700
20231228,10:03:41,35.6,100,61700
20231228,10:03:52,35.5,1250,61700
20231228,10:04:22,35.55,1900,61700
20231228,10:04:31,35.4,100,61700
20231228,10:04:40,35.7,100,61700
20231228,10:05:00,35.5,300,61700
20231228,10:05:11,35.6,600,61700
20231228,10:05:21,36.0,50,61700
20231228,10:05:30,36.6,100,61700
20231228,10:05:49,37.55,2550,61700
20231228,10:05:58,37.65,100,61700
20231228,10:06:08,37.6,250,61700
20231228,10:06:36,37.55,50,64050
20231228,10:06:47,37.25,350,64050
20231228,10:06:57,36.6,100,64050
20231228,10:07:08,36.45,200,64050
20231228,10:07:18,36.2,200,64050
20231228,10:07:29,35.6,750,64050
20231228,10:07:39,34.7,150,64050
20231228,10:07:49,34.8,150,64050
20231228,10:07:59,34.75,400,64050
20231228,10:08:09,34.75,150,64050
20231228,10:08:21,35.05,400,64050
20231228,10:08:31,35.05,100,64050
20231228,10:08:41,34.95,50,64050
20231228,10:08:51,35.15,50,64050
20231228,10:09:00,35.0,200,64050
20231228,10:09:10,35.2,450,65300
20231228,10:09:19,35.3,300,65300
20231228,10:09:29,35.25,150,65300
20231228,10:09:38,35.4,400,65300
20231228,10:09:47,35.35,300,65300
20231228,10:10:06,35.55,250,65300
20231228,10:10:16,35.8,450,65300
20231228,10:10:27,36.2,400,65300
20231228,10:10:38,36.55,100,65300
20231228,10:10:49,36.15,50,65300
20231228,10:11:09,35.5,100,65300
20231228,10:11:20,35.65,50,65300
20231228,10:11:59,35.1,50,65300
20231228,10:12:19,35.0,100,66300
20231228,10:14:01,35.1,350,66300
20231228,10:14:10,35.35,350,66300
20231228,10:14:47,35.45,200,66300
20231228,10:15:24,35.15,200,66950
20231228,10:15:33,35.35,250,66950
20231228,10:15:42,35.45,300,66950
20231228,10:15:52,35.45,100,66950
20231228,10:16:01,35.15,50,66950
20231228,10:16:10,35.7,200,66950
20231228,10:16:21,35.9,250,66950
20231228,10:16:49,36.0,250,66950
20231228,10:16:58,35.6,100,66950
20231228,10:17:07,35.7,100,66950
20231228,10:17:36,36.05,100,66950
20231228,10:18:04,36.35,50,66950
20231228,10:18:14,36.85,400,67550
20231228,10:18:24,36.8,100,67550
20231228,10:18:33,36.55,50,67550
20231228,10:18:52,36.65,50,67550
20231228,10:19:10,36.45,50,67550
20231228,10:20:04,36.45,50,67550
20231228,10:20:42,36.25,50,67550
20231228,10:21:01,36.1,100,67550
20231228,10:21:10,35.95,50,67550
20231228,10:21:29,35.7,1050,67200
20231228,10:21:38,35.85,100,67200
20231228,10:22:34,35.2,100,67200
20231228,10:22:43,35.1,50,67200
20231228,10:23:11,35.55,100,67200
20231228,10:23:20,35.65,50,67200
20231228,10:23:38,35.6,100,67200
20231228,10:23:48,36.0,150,67200
20231228,10:23:58,35.95,100,67200
20231228,10:25:02,35.95,50,67750
20231228,10:27:14,35.4,50,67750
20231228,10:27:33,35.4,150,67750
20231228,10:28:10,35.5,100,67750
20231228,10:28:47,35.7,250,67750
20231228,10:29:24,35.5,150,67750
20231228,10:30:42,36.3,1100,67650
20231228,10:31:20,36.2,200,67650
20231228,10:31:29,36.1,150,67650
20231228,10:31:57,36.0,100,67650
20231228,10:32:24,35.8,150,67650
20231228,10:33:02,35.75,50,67650
20231228,10:34:15,35.75,50,68650
20231228,10:35:16,35.95,100,68650
20231228,10:35:25,35.7,50,68650
20231228,10:36:24,35.45,50,68750
20231228,10:36:33,35.1,350,68750
20231228,10:36:43,35.1,100,68750
20231228,10:36:52,35.25,850,68750
20231228,10:37:27,35.05,50,68750
20231228,10:37:45,35.4,100,68750
20231228,10:37:54,35.5,150,68750
20231228,10:38:29,34.95,50,68750
20231228,10:39:57,34.35,50,68750
20231228,10:40:14,34.25,50,68750
20231228,10:40:23,34.2,750,68750
20231228,10:40:32,34.0,100,68750
20231228,10:40:42,33.85,250,68750
20231228,10:40:51,34.05,100,68750
20231228,10:41:19,34.15,250,68750
20231228,10:41:47,34.1,150,68750
20231228,10:42:41,34.15,150,69500
20231228,10:42:50,34.3,150,69500
20231228,10:43:09,34.15,50,69500
20231228,10:43:36,34.2,50,69500
20231228,10:43:45,34.05,50,69500
20231228,10:43:54,34.2,100,69500
20231228,10:44:03,33.85,100,69500
20231228,10:44:21,33.9,50,69500
20231228,10:44:30,34.2,200,69500
20231228,10:44:39,34.0,50,69500
20231228,10:44:48,34.15,150,69500
20231228,10:45:23,34.55,50,70050
20231228,10:45:31,34.25,50,70050
20231228,10:45:58,34.45,50,70050
20231228,10:46:15,34.4,50,70050
20231228,10:46:24,34.25,50,70050
20231228,10:47:01,34.7,50,70050
20231228,10:47:10,34.5,50,70050
20231228,10:47:19,34.5,250,70050
20231228,10:47:36,34.45,100,70050
20231228,10:47:55,34.45,50,70050
20231228,10:48:59,34.4,100,70200
20231228,10:49:07,34.0,50,70200
20231228,10:49:16,33.95,150,70200
20231228,10:49:34,34.0,50,70200
20231228,10:50:09,34.25,150,70200
20231228,10:50:18,34.2,200,70200
20231228,10:50:28,34.0,200,70200
20231228,10:50:46,34.15,100,70200
20231228,10:50:55,34.4,100,70200
20231228,10:51:04,33.95,150,70200
20231228,10:51:13,33.85,100,70900
20231228,10:51:22,34.0,300,70900
20231228,10:51:40,33.6,5350,70900
20231228,10:52:07,33.6,150,70900
20231228,10:52:16,33.8,1150,70900
20231228,10:52:42,33.85,150,70900
20231228,10:53:36,33.45,50,70900
20231228,10:54:39,33.25,50,73900
20231228,10:55:06,33.2,50,73900
20231228,10:55:15,33.25,100,73900
20231228,10:56:01,33.25,600,73900
20231228,10:56:28,33.55,50,73900
20231228,10:56:55,33.55,150,73900
20231228,10:57:30,33.95,50,74300
20231228,10:57:48,33.95,100,74300
20231228,10:58:06,33.55,100,74300
20231228,10:59:23,33.35,250,74300
20231228,10:59:32,33.65,100,74300
20231228,11:00:37,33.0,50,74500
20231228,11:00:55,33.15,250,74500
20231228,11:02:46,33.4,150,74500
20231228,11:03:04,33.35,300,74500
20231228,11:03:13,33.2,100,74500
20231228,11:03:41,33.0,300,75350
20231228,11:03:50,33.0,1850,75350
20231228,11:03:59,33.0,1600,75350
20231228,11:04:08,33.0,1400,75350
20231228,11:04:36,33.4,50,75350
20231228,11:05:03,33.25,50,75350
20231228,11:05:48,33.6,100,75350
20231228,11:06:25,33.45,100,79800
20231228,11:06:34,33.15,50,79800
20231228,11:07:10,33.1,100,79800
20231228,11:07:28,33.3,50,79800
20231228,11:08:07,33.6,200,79800
20231228,11:08:17,33.25,250,79800
20231228,11:08:27,33.4,100,79800
20231228,11:08:58,34.2,50,79800
20231228,11:09:09,34.65,250,79800
20231228,11:09:20,34.2,100,79750
20231228,11:09:31,33.8,50,79750
20231228,11:09:41,34.0,600,79750
20231228,11:09:50,33.4,450,79750
20231228,11:10:00,33.6,100,79750
20231228,11:10:20,34.3,100,79750
20231228,11:10:30,34.05,50,79750
20231228,11:10:39,34.3,50,79750
20231228,11:10:49,34.35,50,79750
20231228,11:11:08,34.65,50,79750
20231228,11:11:44,34.35,50,79750
20231228,11:12:22,34.7,50,80050
20231228,11:12:31,34.8,50,80050
20231228,11:12:41,34.7,100,80050
20231228,11:12:50,34.65,200,80050
20231228,11:13:08,34.95,200,80050
20231228,11:13:17,34.8,650,80050
20231228,11:13:27,34.65,150,80050
20231228,11:14:04,34.9,50,80050
20231228,11:14:13,34.5,150,80050
20231228,11:14:32,34.6,50,80050
20231228,11:15:01,34.45,50,80050
20231228,11:15:50,33.7,150,81200
20231228,11:16:10,34.3,50,81200
20231228,11:16:29,34.2,100,81200
20231228,11:17:25,34.2,50,81200
20231228,11:18:31,33.85,100,81450
20231228,11:18:40,34.15,250,81450
20231228,11:18:49,34.05,150,81450
20231228,11:20:19,34.45,50,81450
20231228,11:20:28,34.45,100,81450
20231228,11:21:12,34.05,50,81450
20231228,11:21:31,34.3,50,81800
20231228,11:22:00,34.25,50,81800
20231228,11:22:09,34.3,150,81800
20231228,11:23:21,34.15,150,81800
20231228,11:23:49,34.4,300,81800
20231228,11:24:55,34.0,50,82400
20231228,11:25:13,34.1,50,82400
20231228,11:25:22,34.1,50,82400
20231228,11:25:58,34.1,50,82400
20231228,11:26:07,34.1,200,82400
20231228,11:29:02,33.95,50,82650
20231228,11:30:25,34.0,50,82650
20231228,11:30:44,34.1,100,82650
20231228,11:31:31,34.3,200,82650
20231228,11:32:16,34.25,50,82650
20231228,11:32:42,34.35,200,82650
20231228,11:32:51,34.3,50,82650
20231228,11:33:28,34.15,50,82900
20231228,11:33:37,33.95,50,82900
20231228,11:34:39,34.5,200,82900
20231228,11:34:48,34.05,100,82900
20231228,11:34:57,34.05,150,82900
20231228,11:36:25,34.45,100,83250
20231228,11:36:35,33.95,250,83250
20231228,11:36:44,34.0,100,83250
20231228,11:36:53,33.75,100,83250
20231228,11:37:03,33.7,950,83250
20231228,11:37:12,33.75,2050,83250
20231228,11:37:30,34.05,50,83250
20231228,11:38:05,34.0,100,83250
20231228,11:39:31,34.0,1000,86650
20231228,11:41:16,34.05,50,86650
20231228,11:41:34,34.25,100,86650
20231228,11:41:52,34.05,50,86650
20231228,11:42:35,34.0,1800,87300
20231228,11:42:52,33.7,100,87300
20231228,11:43:52,33.4,50,87300
20231228,11:44:00,33.5,150,87300
20231228,11:44:18,33.6,100,87300
20231228,11:45:00,33.55,50,87300
20231228,11:45:25,33.85,50,89100
20231228,11:45:34,34.1,50,89100
20231228,11:45:42,34.05,50,89100
20231228,11:46:08,33.9,100,89100
20231228,11:46:43,34.1,50,89100
20231228,11:46:52,33.95,50,89100
20231228,11:47:08,33.85,200,89100
20231228,11:47:24,33.75,600,89100
20231228,11:47:32,33.7,100,89100
20231228,11:47:41,33.3,400,89100
20231228,11:47:50,33.6,100,89100
20231228,11:47:58,33.35,50,89100
20231228,11:49:04,33.15,350,89300
20231228,11:49:27,33.25,500,89300
20231228,11:50:17,33.25,700,89300
20231228,11:50:25,33.35,50,89300
20231228,11:52:39,33.2,50,89800
20231228,11:53:30,33.4,50,89800
20231228,11:53:55,33.55,50,89800
20231228,11:56:25,33.8,50,89000
20231228,11:56:42,33.7,50,89000
20231228,11:57:48,33.9,50,88400
20231228,11:57:56,33.95,50,88400
20231228,11:58:04,34.0,150,88400
20231228,11:59:10,33.85,50,88400
20231228,12:00:06,34.05,50,88400
20231228,12:00:15,34.1,50,88400
20231228,12:00:24,33.85,150,88350
20231228,12:00:32,33.65,50,88350
20231228,12:00:41,33.75,50,88350
20231228,12:01:06,33.85,200,88350
20231228,12:01:31,34.0,50,88350
20231228,12:02:20,34.4,300,88350
20231228,12:02:28,34.55,50,88350
20231228,12:02:38,34.5,350,88350
20231228,12:02:47,34.6,100,88350
20231228,12:03:04,34.45,50,88350
20231228,12:04:37,34.6,200,87800
20231228,12:05:10,34.55,50,87800
20231228,12:05:37,34.7,50,87800
20231228,12:05:54,34.9,50,87800
20231228,12:07:42,34.8,50,87900
20231228,12:08:00,34.75,100,87900
20231228,12:08:08,34.7,50,87900
20231228,12:09:32,34.6,100,87750
20231228,12:09:48,34.55,150,87750
20231228,12:10:05,34.4,150,87750
20231228,12:10:28,34.4,100,87750
20231228,12:10:44,34.65,500,87750
20231228,12:14:23,34.2,50,88250
20231228,12:15:04,34.95,100,88250
20231228,12:15:12,34.85,50,88250
20231228,12:15:21,34.75,50,88250
20231228,12:16:02,34.85,50,88150
20231228,12:16:17,34.8,50,88150
20231228,12:16:26,34.75,100,88150
20231228,12:16:50,34.65,50,88150
20231228,12:17:46,34.55,50,88150
20231228,12:18:02,34.65,50,88150
20231228,12:18:10,34.75,250,88150
20231228,12:18:17,34.7,50,88150
20231228,12:18:33,34.6,250,87550
20231228,12:18:49,34.7,50,87550
20231228,12:19:05,34.7,550,87550
20231228,12:19:12,34.75,650,87550
20231228,12:19:58,34.75,100,87550
20231228,12:20:22,34.8,100,87550
20231228,12:20:39,34.8,200,87550
20231228,12:21:56,34.8,50,87600
20231228,12:22:04,34.75,50,87600
20231228,12:22:57,34.85,300,87600
20231228,12:23:23,34.8,50,87600
20231228,12:23:49,34.95,50,87600
20231228,12:24:07,34.95,300,87600
20231228,12:24:28,34.8,250,87150
20231228,12:25:41,35.05,100,87150
20231228,12:26:33,35.0,50,87150
20231228,12:26:41,35.0,50,87150
20231228,12:26:50,35.1,50,87150
20231228,12:27:50,35.0,250,87400
20231228,12:28:09,35.7,250,87400
20231228,12:28:30,35.55,100,87400
20231228,12:28:49,35.85,100,87400
20231228,12:28:58,35.85,50,87400
20231228,12:29:28,35.8,850,87400
20231228,12:29:47,36.45,50,87400
20231228,12:29:56,36.8,50,87400
20231228,12:30:15,36.5,50,87400
20231228,12:31:09,36.5,50,86750
20231228,12:31:45,36.65,50,86750
20231228,12:31:53,36.8,100,86750
20231228,12:32:02,36.5,550,86750
20231228,12:32:12,36.6,100,86750
20231228,12:32:39,36.5,100,86750
20231228,12:33:31,36.5,50,86450
20231228,12:33:40,36.7,200,86450
20231228,12:33:57,36.35,50,86450
20231228,12:34:22,36.5,200,86450
20231228,12:34:48,36.05,50,86450
20231228,12:35:06,35.95,50,86450
20231228,12:35:15,35.95,50,86450
20231228,12:35:24,35.8,50,86450
20231228,12:35:45,35.55,50,86450
20231228,12:35:55,35.2,100,86450
20231228,12:37:15,35.45,100,86750
20231228,12:38:27,35.35,100,86750
20231228,12:38:36,35.4,50,86750
20231228,12:39:02,35.35,100,86750
20231228,12:39:28,35.4,50,86900
20231228,12:40:11,35.3,50,86900
20231228,12:41:12,35.3,100,86900
20231228,12:41:29,35.15,50,86900
20231228,12:41:38,35.3,150,86900
20231228,12:42:20,35.35,50,86900
20231228,12:42:35,35.1,100,87150
20231228,12:42:44,35.05,550,87150
20231228,12:42:52,35.25,50,87150
20231228,12:43:17,35.3,250,87150
20231228,12:44:42,35.25,150,87150
20231228,12:46:10,35.6,150,87750
20231228,12:46:18,35.65,50,87750
20231228,12:46:36,35.75,50,87750
20231228,12:46:45,36.0,150,87750
20231228,12:47:42,36.0,400,87750
20231228,12:47:51,36.0,750,87750
20231228,12:48:08,36.0,300,87750
20231228,12:48:35,36.0,100,88450
20231228,12:49:10,35.65,100,88450
20231228,12:49:18,35.65,50,88450
20231228,12:50:37,34.35,950,88450
20231228,12:50:57,33.95,200,88450
20231228,12:51:07,33.5,650,88450
20231228,12:51:35,33.8,50,89950
20231228,12:51:54,33.8,150,89950
20231228,12:52:03,33.75,850,89950
20231228,12:52:12,33.75,50,89950
20231228,12:52:21,33.8,50,89950
20231228,12:52:39,33.9,50,89950
20231228,12:52:48,33.95,50,89950
20231228,12:53:23,34.35,100,89950
20231228,12:55:15,33.6,600,89000
20231228,12:56:16,34.2,100,89000
20231228,12:56:58,33.85,50,89000
20231228,12:57:33,33.85,50,89000
20231228,12:57:59,33.9,50,89100
20231228,12:58:16,33.8,150,89100
20231228,12:58:33,33.75,50,89100
20231228,12:59:06,33.7,50,89100
20231228,12:59:15,33.7,50,89100
20231228,12:59:24,33.7,150,89100
20231228,12:59:51,34.15,50,89100
20231228,13:00:00,34.15,50,89100
20231228,13:00:09,33.6,200,89100
20231228,13:00:29,33.45,50,89050
20231228,13:00:55,33.75,50,89050
20231228,13:01:39,33.8,50,89050
20231228,13:01:56,33.75,100,89050
20231228,13:02:38,33.65,100,89050
20231228,13:02:55,33.65,150,89050
20231228,13:03:04,33.55,50,89050
20231228,13:03:53,33.55,100,89150
20231228,13:04:01,33.55,50,89150
20231228,13:04:10,33.55,100,89150
20231228,13:04:26,33.65,150,89150
20231228,13:04:34,33.65,100,89150
20231228,13:05:08,33.7,50,89150
20231228,13:05:16,33.65,100,89150
20231228,13:05:25,33.55,50,89150
20231228,13:05:33,33.6,50,89150
20231228,13:06:54,33.8,50,89600
20231228,13:08:12,34.1,300,89600
20231228,13:08:21,34.0,250,89600
20231228,13:08:38,34.1,100,89600
20231228,13:09:03,34.05,50,89600
20231228,13:09:29,34.0,50,89600
20231228,13:09:56,34.3,50,89600
20231228,13:10:05,34.45,100,89650
20231228,13:10:13,34.35,50,89650
20231228,13:10:30,34.6,50,89650
20231228,13:10:39,34.6,450,89650
20231228,13:10:47,34.6,150,89650
20231228,13:11:03,34.6,250,89650
20231228,13:11:12,34.6,50,89650
20231228,13:11:27,34.6,200,89650
20231228,13:11:43,34.65,100,89650
20231228,13:11:52,34.6,200,89650
20231228,13:12:32,34.85,50,89650
20231228,13:12:49,35.05,250,90750
20231228,13:13:08,35.15,100,90750
20231228,13:13:17,35.55,1800,90750
20231228,13:13:26,35.55,150,90750
20231228,13:13:54,35.4,50,90750
20231228,13:14:04,35.5,250,90750
20231228,13:14:40,35.15,50,90750
20231228,13:14:49,35.0,50,90750
20231228,13:15:07,35.0,200,90750
20231228,13:15:16,35.0,50,90750
20231228,13:15:25,35.0,200,90750
20231228,13:15:41,35.0,250,92750
20231228,13:15:50,34.95,150,92750
20231228,13:15:58,35.1,1000,92750
20231228,13:16:07,34.85,100,92750
20231228,13:16:25,34.95,100,92750
20231228,13:16:33,34.55,100,92750
20231228,13:16:51,34.5,500,92750
20231228,13:17:08,34.75,100,92750
20231228,13:17:16,34.6,200,92750
20231228,13:17:24,34.6,50,92750
20231228,13:17:57,34.75,50,92750
20231228,13:18:50,34.5,600,93400
20231228,13:18:58,34.5,300,93400
20231228,13:19:23,34.4,50,93400
20231228,13:19:48,34.5,50,93400
20231228,13:20:05,34.6,50,93400
20231228,13:20:52,34.35,50,93400
20231228,13:22:04,35.1,500,94300
20231228,13:22:51,34.8,200,94300
20231228,13:24:30,34.8,50,94300
20231228,13:24:38,34.8,50,94950
20231228,13:24:47,34.85,50,94950
20231228,13:25:12,34.9,100,94950
20231228,13:25:21,35.15,100,94950
20231228,13:25:54,35.3,50,94950
20231228,13:26:03,35.4,150,94950
20231228,13:26:36,35.4,50,94950
20231228,13:26:53,35.4,50,94950
20231228,13:27:25,34.65,150,94950
20231228,13:28:02,34.1,50,95650
20231228,13:28:13,33.65,50,95650
20231228,13:28:24,33.65,50,95650
20231228,13:29:44,33.9,150,95650
20231228,13:30:02,34.0,2200,95650
20231228,13:32:17,33.3,300,97050
20231228,13:33:08,33.0,1800,97050
20231228,13:33:16,33.25,50,97050
20231228,13:33:25,32.95,250,97050
20231228,13:33:34,32.95,1600,99900
20231228,13:33:43,32.75,250,99900
20231228,13:35:50,32.3,50,99900
20231228,13:35:59,32.3,50,99900
20231228,13:36:41,32.05,50,100300
20231228,13:36:59,32.0,50,100300
20231228,13:37:17,32.35,50,100300
20231228,13:39:07,32.7,300,100300
20231228,13:39:32,32.45,100,100300
20231228,13:39:56,32.45,50,100950
20231228,13:41:01,32.15,300,100950
20231228,13:41:09,32.35,100,100950
20231228,13:41:25,32.2,600,100950
20231228,13:41:33,32.2,500,100950
20231228,13:41:42,32.4,400,100950
20231228,13:41:58,32.4,550,100950
20231228,13:42:06,32.45,150,100950
20231228,13:42:15,32.45,450,100950
20231228,13:42:23,32.4,100,100950
20231228,13:42:57,32.6,1000,101600
20231228,13:43:06,32.35,900,101600
20231228,13:43:14,32.2,2050,101600
20231228,13:43:23,32.45,150,101600
20231228,13:43:39,32.5,400,101600
20231228,13:43:48,32.5,100,101600
20231228,13:43:57,32.5,50,101600
20231228,13:44:05,32.5,50,101600
20231228,13:44:52,32.5,50,101600
20231228,13:45:25,32.5,50,101600
20231228,13:45:59,32.4,450,104400
20231228,13:46:35,32.5,50,104400
20231228,13:47:09,33.0,50,104400
20231228,13:47:27,33.0,50,104400
20231228,13:48:10,32.75,50,104400
20231228,13:48:34,32.45,2950,104400
20231228,13:48:56,32.5,550,106250
20231228,13:49:04,32.5,100,106250
20231228,13:49:27,32.5,200,106250
20231228,13:49:34,32.5,200,106250
20231228,13:51:07,32.85,100,106250
20231228,13:51:23,33.15,50,106250
20231228,13:52:04,32.9,150,106800
20231228,13:52:12,33.15,100,106800
20231228,13:53:00,33.45,500,106800
20231228,13:53:24,33.45,150,106800
20231228,13:54:03,33.6,100,106800
20231228,13:54:17,33.8,500,106800
20231228,13:55:31,33.8,50,108050
20231228,13:56:14,33.75,150,108050
20231228,13:57:41,33.4,50,107700
20231228,13:57:50,33.3,50,107700
20231228,14:00:11,33.3,50,107700
20231228,14:00:29,33.2,400,107700
20231228,14:00:38,33.2,50,107700
20231228,14:02:37,33.45,50,107600
20231228,14:02:46,33.55,50,107600
20231228,14:02:55,33.6,50,107600
20231228,14:03:04,34.0,50,107600
20231228,14:03:13,34.05,50,107600
20231228,14:03:41,34.45,400,107550
20231228,14:03:59,34.5,500,107550
20231228,14:04:17,34.8,100,107550
20231228,14:04:53,34.95,550,107550
20231228,14:05:03,34.75,50,107550
20231228,14:05:12,34.75,50,107550
20231228,14:05:20,34.8,100,107550
20231228,14:05:29,34.7,50,107550
20231228,14:09:58,34.2,250,107600
20231228,14:10:46,33.8,500,107600
20231228,14:10:55,33.4,1200,107600
20231228,14:11:04,33.6,100,107600
20231228,14:11:12,33.5,50,107600
20231228,14:11:21,33.4,50,107600
20231228,14:11:46,33.45,50,107600
20231228,14:11:54,33.45,100,107600
20231228,14:12:45,33.4,50,108700
20231228,14:12:53,33.05,50,108700
20231228,14:13:01,33.2,100,108700
20231228,14:13:09,33.4,50,108700
20231228,14:13:25,33.3,300,108700
20231228,14:13:41,33.35,50,108700
20231228,14:13:50,33.3,350,108700
20231228,14:13:58,33.35,250,108700
20231228,14:14:15,33.35,50,108700
20231228,14:14:23,33.05,100,108700
20231228,14:14:33,33.0,50,108700
20231228,14:15:26,33.0,50,108700
20231228,14:15:51,33.05,250,108500
20231228,14:16:15,33.2,200,108500
20231228,14:16:31,32.75,250,108500
20231228,14:17:05,32.75,400,108500
20231228,14:17:54,32.85,50,108500
20231228,14:19:05,32.35,50,108650
20231228,14:19:15,32.0,50,108650
20231228,14:19:51,31.9,100,108650
20231228,14:20:00,31.9,500,108650
20231228,14:20:10,32.15,150,108650
20231228,14:20:44,32.35,250,108650
20231228,14:21:09,32.1,500,108650
20231228,14:21:42,32.65,50,108650
20231228,14:22:40,33.15,650,108250
20231228,14:22:49,33.3,50,108250
20231228,14:23:37,33.5,50,108250
20231228,14:23:45,33.8,250,108250
20231228,14:26:44,33.8,250,108950
20231228,14:27:22,33.75,50,108950
20231228,14:27:37,33.75,100,108950
20231228,14:27:46,33.9,250,108600
20231228,14:28:11,33.75,50,108600
20231228,14:29:10,34.0,50,108600
20231228,14:29:26,34.05,50,108600
20231228,14:30:18,33.35,50,108600
20231228,14:31:49,33.4,50,108050
20231228,14:31:58,33.5,50,108050
20231228,14:32:15,33.75,200,108050
20231228,14:32:23,33.75,100,108050
20231228,14:32:40,33.6,500,108050
20231228,14:32:48,33.55,50,108050
20231228,14:32:57,33.45,150,108050
20231228,14:33:13,33.45,100,108050
20231228,14:33:22,33.45,50,108050
20231228,14:35:19,33.5,50,107250
20231228,14:35:28,33.6,50,107250
20231228,14:35:44,33.65,100,107250
20231228,14:35:52,33.5,100,107250
20231228,14:36:01,33.6,50,107250
20231228,14:36:09,33.5,100,107250
20231228,14:36:17,33.5,150,107250
20231228,14:36:26,33.55,500,107250
20231228,14:36:58,33.55,200,107600
20231228,14:37:07,33.3,150,107600
20231228,14:37:15,33.55,50,107600
20231228,14:37:32,33.5,200,107600
20231228,14:37:40,33.55,100,107600
20231228,14:37:48,33.3,200,107600
20231228,14:38:22,33.2,100,107600
20231228,14:38:31,33.15,100,107600
20231228,14:38:40,33.1,150,107600
20231228,14:38:49,32.95,150,107600
20231228,14:39:23,33.0,100,107600
20231228,14:39:48,33.0,500,107800
20231228,14:39:56,33.0,100,107800
20231228,14:40:04,32.6,300,107800
20231228,14:40:40,32.15,200,107800
20231228,14:40:57,32.0,100,107800
20231228,14:41:05,31.9,200,107800
20231228,14:41:14,31.9,100,107800
20231228,14:41:22,31.85,100,107800
20231228,14:41:31,31.9,200,107800
20231228,14:41:39,32.0,150,107800
20231228,14:41:56,32.1,50,107800
20231228,14:42:46,32.05,50,107950
20231228,14:43:03,32.2,50,107950
20231228,14:43:19,31.9,150,107950
20231228,14:43:36,31.9,50,107950
20231228,14:43:45,31.8,150,107950
20231228,14:43:53,31.95,50,107950
20231228,14:44:11,31.7,1650,107950
20231228,14:44:19,31.7,100,107950
20231228,14:44:28,31.7,50,107950
20231228,14:45:01,31.85,50,107950
20231228,14:46:06,31.7,100,109350
20231228,14:46:31,31.55,300,109350
20231228,14:46:57,31.5,50,109350
20231228,14:47:39,31.45,100,109350
20231228,14:47:48,31.35,50,109350
20231228,14:48:13,31.1,50,109350
20231228,14:48:22,30.95,100,109350
20231228,14:48:42,30.8,50,109350
20231228,14:48:52,30.15,250,107450
20231228,14:49:04,30.1,150,107450
20231228,14:49:25,30.0,300,107450
20231228,14:49:35,30.1,50,107450
20231228,14:49:53,30.1,150,107450
20231228,14:50:02,30.1,50,107450
20231228,14:50:20,30.2,50,107450
20231228,14:50:29,30.05,100,107450
20231228,14:50:47,30.05,50,107450
20231228,14:51:31,29.95,200,107450
20231228,14:51:40,30.0,200,107450
20231228,14:51:48,30.0,300,107700
20231228,14:51:56,30.0,50,107700
20231228,14:52:20,29.6,1550,107700
20231228,14:52:53,29.65,500,107700
20231228,14:53:02,29.85,700,107700
20231228,14:53:11,29.3,500,107700
20231228,14:53:19,29.65,100,107700
20231228,14:53:35,29.4,400,107700
20231228,14:53:44,29.4,1600,107700
20231228,14:53:52,29.45,300,107700
20231228,14:54:09,29.5,50,107700
20231228,14:54:18,29.5,2050,107700
20231228,14:54:44,29.7,200,107700
20231228,14:55:17,29.95,350,109100
20231228,14:55:27,30.1,750,109100
20231228,14:55:37,30.15,100,109100
20231228,14:55:46,30.45,1150,109100
20231228,14:56:12,30.4,250,109100
20231228,14:56:21,30.3,800,109100
20231228,14:57:21,30.6,200,109100
20231228,14:57:31,30.25,700,109100
20231228,14:57:41,30.6,200,109100
20231228,14:57:50,30.6,150,109100
20231228,14:57:59,30.4,100,110750
20231228,14:58:08,30.65,50,110750
20231228,14:58:45,30.9,800,110750
20231228,14:59:02,30.4,300,110750
20231228,14:59:20,30.6,100,110750
20231228,15:00:12,31.35,450,110750
20231228,15:00:21,31.35,1550,110750
20231228,15:00:31,31.45,150,110750
20231228,15:00:40,31.5,50,110750
20231228,15:01:09,30.85,950,110350
20231228,15:01:19,31.05,350,110350
20231228,15:01:46,31.25,50,110350
20231228,15:01:56,30.7,400,110350
20231228,15:02:06,30.3,200,110350
20231228,15:02:16,30.65,550,110350
20231228,15:03:00,30.9,200,110350
20231228,15:03:09,30.65,300,110350
20231228,15:03:43,30.5,150,110350
20231228,15:04:19,30.65,50,109750
20231228,15:04:28,30.85,50,109750
20231228,15:04:37,30.95,100,109750
20231228,15:04:46,30.85,100,109750
20231228,15:05:22,30.7,300,109750
20231228,15:05:34,31.05,400,109750
20231228,15:05:54,31.05,200,109750
20231228,15:06:13,31.0,400,109750
20231228,15:06:22,30.85,1250,109750
20231228,15:06:31,30.75,3050,109750
20231228,15:06:39,30.75,500,109750
20231228,15:06:57,30.8,200,110350
20231228,15:07:14,30.65,250,110350
20231228,15:07:41,30.65,750,110350
20231228,15:07:50,30.65,450,110350
20231228,15:08:00,30.7,50,110350
20231228,15:08:19,30.7,400,110350
20231228,15:08:29,30.5,250,110350
20231228,15:08:38,30.5,50,110350
20231228,15:08:47,30.15,7400,110350
20231228,15:08:56,30.2,450,110350
20231228,15:09:05,30.35,100,110350
20231228,15:09:25,30.2,150,110350
20231228,15:09:35,29.85,1350,110350
20231228,15:09:44,29.8,200,110350
20231228,15:09:53,29.45,150,117250
20231228,15:10:04,29.5,550,117250
20231228,15:10:15,29.15,50,117250
20231228,15:10:25,28.95,1000,117250
20231228,15:10:43,28.8,50,117250
20231228,15:10:51,28.8,400,117250
20231228,15:11:00,28.5,2050,117250
20231228,15:11:18,28.45,450,117250
20231228,15:11:27,28.5,550,117250
20231228,15:11:36,28.4,500,117250
20231228,15:11:53,28.1,950,117250
20231228,15:12:02,28.0,800,117250
20231228,15:12:11,27.95,50,117250
20231228,15:12:20,27.75,1050,117250
20231228,15:12:29,27.75,100,117250
20231228,15:12:38,27.7,50,117250
20231228,15:12:47,27.5,250,117250
20231228,15:13:04,27.4,50,122200
20231228,15:13:13,27.25,100,122200
20231228,15:13:22,27.1,50,122200
20231228,15:13:31,27.0,250,122200
20231228,15:13:40,26.95,150,122200
20231228,15:13:58,26.95,50,122200
20231228,15:14:06,26.85,50,122200
20231228,15:14:17,26.85,300,122200
20231228,15:14:28,26.9,100,122200
20231228,15:14:37,26.9,150,122200
20231228,15:15:14,27.5,100,122200
20231228,15:15:24,27.55,300,122200
20231228,15:15:33,27.45,300,122200
20231228,15:15:42,27.4,50,122200
20231228,15:15:52,27.3,1100,121700
20231228,15:16:01,27.3,100,121700
20231228,15:16:10,27.1,400,121700
20231228,15:16:19,27.25,150,121700
20231228,15:16:28,27.15,350,121700
20231228,15:16:37,27.2,200,121700
20231228,15:16:46,27.2,300,121700
20231228,15:16:58,27.25,150,121700
20231228,15:17:09,27.15,700,121700
20231228,15:17:19,27.15,350,121700
20231228,15:17:28,27.1,1050,121700
20231228,15:17:38,27.05,3300,121700
20231228,15:17:47,27.0,750,121700
20231228,15:18:05,27.05,50,121700
20231228,15:18:14,26.95,50,121700
20231228,15:18:23,26.95,50,121700
20231228,15:18:33,27.0,50,121700
20231228,15:18:44,27.0,100,121700
20231228,15:18:53,27.0,550,121700
20231228,15:19:12,27.0,650,125000
20231228,15:19:33,27.3,800,125000
20231228,15:19:59,27.35,200,125000
20231228,15:20:33,27.2,600,125000
20231228,15:20:59,27.1,50,125000
20231228,15:21:08,26.85,450,125000
20231228,15:21:16,26.9,100,125000
20231228,15:21:39,26.7,350,125000
20231228,15:21:48,26.6,150,125000
20231228,15:21:58,26.6,50,126050
20231228,15:22:08,26.75,250,126050
20231228,15:22:19,26.8,50,126050
20231228,15:22:30,26.8,100,126050
20231228,15:22:53,26.5,50,126050
20231228,15:23:04,26.5,600,126050
20231228,15:23:15,26.6,50,126050
20231228,15:23:38,26.65,1000,126050
20231228,15:23:50,26.75,50,126050
20231228,15:24:01,26.8,50,126050
20231228,15:24:12,26.65,1750,126050
20231228,15:24:23,26.5,400,126050
20231228,15:24:35,26.25,400,126050
20231228,15:24:56,26.9,200,123700
20231228,15:25:08,27.35,1600,123700
20231228,15:25:19,27.3,1350,123700
20231228,15:25:30,27.15,600,123700
20231228,15:25:40,27.2,500,123700
20231228,15:25:49,27.05,400,123700
20231228,15:25:58,27.05,400,123700
20231228,15:26:19,27.05,550,123700
20231228,15:26:29,26.3,450,123700
20231228,15:26:40,26.1,650,123700
20231228,15:27:10,26.3,900,123700
20231228,15:27:22,26.3,250,123700
20231228,15:27:45,25.95,50,123700
20231228,15:27:56,25.75,1150,123750
20231228,15:28:06,25.75,50,123750
20231228,15:28:15,25.7,50,123750
20231228,15:28:35,25.7,50,123750
20231228,15:28:45,26.1,200,123750
20231228,15:28:55,26.15,500,123750
20231228,15:29:05,26.0,300,123750
20231228,15:29:14,26.05,50,123750
20231228,15:29:33,26.2,50,123750
20231228,15:29:42,26.3,50,123750
20231228,15:29:51,26.4,50,123750
20231229,09:15:05,32.0,1,122850
20231229,09:15:05,28.5,300,122850
20231229,09:15:13,27.0,5500,122850
20231229,09:15:24,24.0,8500,122850
20231229,09:15:29,24.65,250,122850
20231229,09:15:34,25.3,450,122850
20231229,09:15:53,25.65,1700,122850
20231229,09:15:57,25.0,850,122850
20231229,09:16:02,24.8,50,122850
20231229,09:16:07,24.8,350,122850
20231229,09:16:12,24.9,500,122850
20231229,09:16:17,24.7,1350,122850
20231229,09:16:22,25.15,700,122850
20231229,09:16:32,25.3,200,122850
20231229,09:16:37,25.0,50,122850
20231229,09:16:49,24.9,450,122850
20231229,09:16:55,24.75,300,122850
20231229,09:17:00,24.85,150,122850
20231229,09:17:05,24.8,1700,122850
20231229,09:17:10,24.75,200,122850
20231229,09:17:15,24.6,900,114900
20231229,09:17:20,24.6,900,114900
20231229,09:17:25,24.55,1100,114900
20231229,09:17:35,24.5,2150,114900
20231229,09:17:40,24.35,900,114900
20231229,09:17:45,24.4,1150,114900
20231229,09:17:50,24.35,150,114900
20231229,09:18:05,24.3,100,114900
20231229,09:18:42,23.85,1000,114900
20231229,09:18:49,23.95,400,114900
20231229,09:19:17,23.7,100,114900
20231229,09:19:25,23.7,400,114900
20231229,09:19:31,23.8,800,114900
20231229,09:19:38,23.8,150,114900
20231229,09:19:44,23.85,450,114900
20231229,09:19:52,23.75,500,114900
20231229,09:19:59,23.75,500,114900
20231229,09:20:06,23.45,250,114900
20231229,09:20:12,23.45,50,114900
20231229,09:20:26,24.25,1350,117750
20231229,09:20:33,24.3,2000,117750
20231229,09:20:40,24.25,650,117750
20231229,09:20:47,24.45,50,117750
20231229,09:20:55,24.55,350,117750
20231229,09:21:02,24.4,500,117750
20231229,09:21:09,24.65,800,117750
20231229,09:21:16,24.6,250,117750
20231229,09:21:22,24.6,800,117750
20231229,09:21:29,24.55,300,117750
20231229,09:21:36,24.45,150,117750
20231229,09:21:42,24.1,550,117750
20231229,09:21:50,23.7,1650,117750
20231229,09:22:31,23.55,50,117750
20231229,09:22:37,23.45,1200,117750
20231229,09:22:58,23.55,450,117750
20231229,09:23:33,23.6,2000,120050
20231229,09:23:53,23.85,50,120050
20231229,09:24:01,23.7,400,120050
20231229,09:24:16,24.1,800,120050
20231229,09:24:30,24.0,1400,120050
20231229,09:24:45,23.9,150,120050
20231229,09:24:52,23.8,300,120050
20231229,09:24:59,23.85,300,120050
20231229,09:25:06,23.65,150,120050
20231229,09:25:14,23.9,500,120050
20231229,09:25:21,23.9,50,120050
20231229,09:25:28,24.1,50,120050
20231229,09:25:35,24.15,50,120050
20231229,09:25:42,24.05,300,120050
20231229,09:25:56,24.05,1000,120050
20231229,09:26:03,24.0,200,120050
20231229,09:26:18,24.1,200,120500
20231229,09:26:25,24.1,50,120500
20231229,09:26:40,24.1,1000,120500
20231229,09:27:02,24.45,400,120500
20231229,09:27:17,24.6,200,120500
20231229,09:27:32,24.75,250,120500
20231229,09:27:48,24.85,50,120500
20231229,09:28:18,24.9,350,120500
20231229,09:28:48,24.9,1200,120500
20231229,09:29:02,24.95,500,120500
20231229,09:29:10,25.05,200,120500
20231229,09:29:39,25.3,50,120750
20231229,09:29:46,25.3,50,120750
20231229,09:30:08,25.35,1000,120750
20231229,09:30:16,25.05,50,120750
20231229,09:30:31,25.25,50,120750
20231229,09:30:45,25.5,500,120750
20231229,09:30:53,25.4,50,120750
20231229,09:31:01,25.25,100,120750
20231229,09:31:08,25.2,50,120750
20231229,09:31:15,25.3,150,120750
20231229,09:31:38,25.05,150,120750
20231229,09:31:45,24.85,400,120750
20231229,09:31:52,24.8,100,120750
20231229,09:32:15,24.6,400,119550
20231229,09:32:29,24.75,950,119550
20231229,09:32:36,24.75,150,119550
20231229,09:33:07,24.75,300,119550
20231229,09:33:15,24.7,300,119550
20231229,09:33:38,24.45,300,119550
20231229,09:33:46,24.35,650,119550
20231229,09:34:01,24.5,300,119550
20231229,09:34:34,24.65,350,119550
20231229,09:34:52,25.1,400,119550
20231229,09:35:08,24.95,50,119550
20231229,09:35:24,25.3,250,120550
20231229,09:35:32,25.4,50,120550
20231229,09:35:54,25.35,50,120550
20231229,09:36:02,25.2,50,120550
20231229,09:36:10,25.2,50,120550
20231229,09:36:17,25.3,100,120550
20231229,09:36:25,25.55,50,120550
20231229,09:36:47,25.55,50,120550
20231229,09:37:01,25.35,350,120550
20231229,09:37:23,25.4,950,120550
20231229,09:37:31,25.2,150,120550
20231229,09:38:14,25.0,100,120550
20231229,09:38:45,24.95,250,121700
20231229,09:38:52,24.9,700,121700
20231229,09:38:59,24.85,250,121700
20231229,09:39:06,24.7,150,121700
20231229,09:39:21,24.75,200,121700
20231229,09:39:28,24.75,50,121700
20231229,09:39:35,24.7,350,121700
20231229,09:39:51,24.6,1000,121700
20231229,09:40:13,24.55,900,121700
20231229,09:40:22,24.1,200,121700
20231229,09:40:44,24.4,50,121700
20231229,09:40:51,24.4,50,121700
20231229,09:41:28,24.4,50,120600
20231229,09:41:42,24.25,100,120600
20231229,09:42:14,24.35,100,120600
20231229,09:42:22,24.45,100,120600
20231229,09:42:44,24.5,50,120600
20231229,09:42:51,24.6,50,120600
20231229,09:42:59,25.0,450,120600
20231229,09:43:06,25.0,50,120600
20231229,09:43:21,25.0,50,120600
20231229,09:43:44,24.8,50,120600
20231229,09:44:48,24.6,100,120550
20231229,09:44:55,24.6,250,120550
20231229,09:45:37,24.55,200,120550
20231229,09:45:57,24.55,350,120550
20231229,09:46:26,24.75,100,120550
20231229,09:46:39,24.4,100,120550
20231229,09:47:22,24.45,50,120100
20231229,09:47:35,24.4,450,120100
20231229,09:47:56,24.2,50,120100
20231229,09:48:09,24.3,500,120100
20231229,09:48:16,24.6,100,120100
20231229,09:48:37,24.85,350,120100
20231229,09:48:44,24.8,100,120100
20231229,09:48:51,24.8,50,120100
20231229,09:48:58,24.75,100,120100
20231229,09:49:49,24.85,50,120100
20231229,09:50:16,24.7,50,121100
20231229,09:50:30,24.85,50,121100
20231229,09:50:45,24.95,50,121100
20231229,09:51:20,24.55,100,121100
20231229,09:51:27,24.5,100,121100
20231229,09:52:24,24.6,50,121100
20231229,09:52:31,24.7,200,121100
20231229,09:53:29,24.55,50,121350
20231229,09:54:12,24.5,50,121350
20231229,09:54:20,24.6,50,121350
20231229,09:55:06,24.45,50,121350
20231229,09:55:28,24.35,50,121350
20231229,09:56:26,24.3,200,121400
20231229,09:56:41,24.3,250,121400
20231229,09:56:56,24.3,600,121400
20231229,09:58:03,24.1,100,121400
20231229,09:58:10,24.0,50,121400
20231229,09:58:27,23.7,250,121400
20231229,09:59:14,23.8,50,121400
20231229,09:59:28,23.65,50,121700
20231229,09:59:43,23.65,150,121700
20231229,09:59:51,23.5,250,121700
20231229,10:00:23,23.65,100,121700
20231229,10:00:34,23.65,50,121700
20231229,10:00:50,23.55,100,121700
20231229,10:00:57,23.2,50,121700
20231229,10:02:32,23.2,250,122250
20231229,10:03:37,23.75,50,122250
20231229,10:04:07,24.1,50,122250
20231229,10:04:14,23.95,50,122250
20231229,10:04:57,23.95,100,122250
20231229,10:06:15,23.95,350,122450
20231229,10:06:22,23.95,100,122450
20231229,10:06:29,23.9,50,122450
20231229,10:07:44,23.2,50,122450
20231229,10:07:52,22.85,400,122450
20231229,10:08:11,22.8,50,122450
20231229,10:08:20,22.6,800,122450
20231229,10:08:38,22.35,100,122600
20231229,10:08:56,22.3,500,122600
20231229,10:09:04,22.3,50,122600
20231229,10:09:12,22.1,100,122600
20231229,10:09:27,22.0,50,122600
20231229,10:10:04,21.55,150,122600
20231229,10:10:13,21.45,300,122600
20231229,10:10:23,21.45,300,122600
20231229,10:10:40,21.6,50,122600
20231229,10:11:20,21.25,50,123300
20231229,10:11:52,21.25,50,123300
20231229,10:11:59,21.3,400,123300
20231229,10:12:07,21.3,50,123300
20231229,10:12:29,21.2,50,123300
20231229,10:12:38,21.15,50,123300
20231229,10:14:31,21.0,800,123000
20231229,10:15:09,20.3,1850,123000
20231229,10:15:35,20.3,50,123000
20231229,10:15:43,20.5,100,123000
20231229,10:15:51,20.65,100,123000
20231229,10:16:23,20.6,150,123000
20231229,10:17:18,20.8,200,123000
20231229,10:17:49,20.95,50,122850
20231229,10:18:12,21.1,100,122850
20231229,10:18:21,21.0,1000,122850
20231229,10:18:28,21.0,1800,122850
20231229,10:18:59,21.0,50,122850
20231229,10:19:39,21.1,300,122850
20231229,10:19:48,21.2,550,122850
20231229,10:20:04,21.15,200,122850
20231229,10:20:12,21.2,50,122850
20231229,10:20:36,21.0,250,124550
20231229,10:20:44,21.0,50,124550
20231229,10:21:30,21.4,50,124550
20231229,10:21:54,21.25,50,124550
20231229,10:23:02,21.25,50,124550
20231229,10:23:10,21.15,200,124550
20231229,10:23:17,21.1,50,124550
20231229,10:23:39,21.2,100,124550
20231229,10:24:42,21.55,50,124550
20231229,10:25:05,21.75,50,124550
20231229,10:25:42,21.75,500,124550
20231229,10:25:50,21.75,1300,124550
20231229,10:26:04,21.65,50,124550
20231229,10:26:41,21.55,50,123050
20231229,10:26:49,21.3,200,123050
20231229,10:27:19,21.7,50,123050
20231229,10:27:55,21.5,200,123050
20231229,10:28:16,21.55,200,123050
20231229,10:28:30,21.5,50,123050
20231229,10:28:44,21.5,500,123050
20231229,10:29:15,21.35,50,123050
20231229,10:29:23,21.35,50,123050
20231229,10:30:16,21.3,550,123500
20231229,10:30:32,21.5,50,123500
20231229,10:30:48,21.1,100,123500
20231229,10:31:11,21.4,50,123500
20231229,10:31:19,21.35,150,123500
20231229,10:31:35,21.35,50,123500
20231229,10:31:42,21.25,50,123500
20231229,10:31:49,21.15,300,123500
20231229,10:32:04,21.1,100,123500
20231229,10:32:35,21.6,50,123950
20231229,10:32:43,21.3,50,123950
20231229,10:33:07,21.3,100,123950
20231229,10:33:37,21.25,50,123950
20231229,10:34:07,21.45,100,123950
20231229,10:34:15,21.4,200,123950
20231229,10:34:22,21.45,50,123950
20231229,10:34:43,21.55,100,123950
20231229,10:35:04,21.55,250,123950
20231229,10:35:11,21.5,50,123950
20231229,10:36:38,21.55,400,124550
20231229,10:37:00,21.9,200,124550
20231229,10:38:43,21.65,50,124400
20231229,10:38:58,21.7,50,124400
20231229,10:39:34,21.7,500,124400
20231229,10:40:10,21.9,50,124400
20231229,10:42:00,21.55,300,124400
20231229,10:42:07,21.65,50,124400
20231229,10:42:15,21.75,100,124400
20231229,10:42:45,21.7,50,124400
20231229,10:44:01,21.7,50,124400
20231229,10:46:02,22.0,100,124150
20231229,10:46:10,22.0,1200,124150
20231229,10:46:18,22.1,50,124150
20231229,10:46:43,22.35,50,124150
20231229,10:47:02,22.4,150,124150
20231229,10:47:10,22.25,50,124150
20231229,10:48:08,22.3,250,124150
20231229,10:49:50,22.0,50,124150
20231229,10:49:58,22.1,100,124150
20231229,10:50:07,22.25,50,124150
20231229,10:50:23,22.2,150,123950
20231229,10:50:31,22.1,150,123950
20231229,10:50:40,21.65,100,123950
20231229,10:51:20,22.1,1000,123950
20231229,10:52:07,21.8,50,123950
20231229,10:52:22,21.85,50,123950
20231229,10:52:46,21.85,500,123950
20231229,10:53:02,21.85,300,123950
20231229,10:54:06,21.8,200,125850
20231229,10:54:16,21.6,200,125850
20231229,10:54:25,21.5,300,125850
20231229,10:55:00,21.4,200,125850
20231229,10:55:08,21.45,50,125850
20231229,10:55:17,21.4,50,125850
20231229,10:56:22,21.4,100,125850
20231229,10:56:38,21.4,50,125050
20231229,10:56:54,21.7,1000,125050
20231229,10:57:10,21.7,50,125050
20231229,10:57:26,21.5,250,125050
20231229,10:57:42,21.45,200,125050
20231229,10:58:20,21.3,100,125050
20231229,10:58:28,21.3,900,125050
20231229,10:59:01,21.35,50,125050
20231229,10:59:49,21.15,100,125850
20231229,11:00:05,21.15,150,125850
20231229,11:01:08,21.15,50,125850
20231229,11:01:33,21.0,50,125850
20231229,11:01:57,21.1,400,125850
20231229,11:02:06,21.2,100,125850
20231229,11:02:22,21.3,500,125850
20231229,11:03:02,21.3,150,126550
20231229,11:03:26,21.25,50,126550
20231229,11:04:12,21.45,50,126550
20231229,11:05:54,21.4,50,126550
20231229,11:06:50,21.35,50,126550
20231229,11:09:16,21.0,250,126600
20231229,11:09:24,21.0,150,126600
20231229,11:09:48,21.2,100,126600
20231229,11:10:03,21.3,400,126600
20231229,11:10:26,21.3,50,126600
20231229,11:10:50,21.3,100,126600
20231229,11:11:05,21.3,50,126600
20231229,11:13:22,21.25,1150,127600
20231229,11:13:30,21.25,50,127600
20231229,11:13:45,21.3,50,127600
20231229,11:15:33,21.5,50,128750
20231229,11:16:05,21.6,50,128750
20231229,11:16:37,21.8,100,128750
20231229,11:17:02,22.0,150,128750
20231229,11:17:10,22.0,50,128750
20231229,11:17:27,22.0,200,128850
20231229,11:17:45,21.95,50,128850
20231229,11:17:53,21.8,50,128850
20231229,11:18:35,21.85,50,128850
20231229,11:19:23,22.0,50,128850
20231229,11:19:39,22.0,50,128850
20231229,11:19:47,22.0,350,128850
20231229,11:20:04,22.1,50,128850
20231229,11:20:13,22.25,50,128850
20231229,11:20:21,22.1,50,128850
20231229,11:21:02,22.15,100,128550
20231229,11:21:19,22.2,100,128550
20231229,11:21:27,22.1,200,128550
20231229,11:21:51,21.85,50,128550
20231229,11:22:07,21.9,100,128550
20231229,11:22:23,21.8,50,128550
20231229,11:22:38,21.9,3700,128550
20231229,11:22:46,21.85,150,128550
20231229,11:22:53,21.85,50,128550
20231229,11:23:01,21.8,100,128550
20231229,11:23:09,21.8,300,128550
20231229,11:23:17,21.7,250,128550
20231229,11:23:40,21.8,50,131850
20231229,11:24:35,22.1,100,131850
20231229,11:24:43,22.2,200,131850
20231229,11:24:51,22.2,50,131850
20231229,11:25:08,22.2,50,131850
20231229,11:25:16,22.15,400,131850
20231229,11:25:24,22.2,1200,131850
20231229,11:26:44,22.3,850,130700
20231229,11:27:08,22.2,250,130700
20231229,11:27:53,22.1,100,130700
20231229,11:28:39,22.3,200,130700
20231229,11:28:47,22.15,100,130700
20231229,11:28:56,22.0,100,130700
20231229,11:29:21,21.9,1800,130700
20231229,11:29:45,21.85,200,133200
20231229,11:29:53,21.85,50,133200
20231229,11:30:00,21.9,50,133200
20231229,11:30:16,21.95,100,133200
20231229,11:30:24,22.1,50,133200
20231229,11:30:32,22.1,1250,133200
20231229,11:30:40,22.0,50,133200
20231229,11:30:48,22.1,50,133200
20231229,11:30:55,22.1,50,133200
20231229,11:31:17,22.1,50,133200
20231229,11:31:40,22.15,50,133200
20231229,11:31:47,22.15,50,133200
20231229,11:32:18,22.05,50,133200
20231229,11:33:27,21.85,50,132100
20231229,11:34:29,22.2,100,132100
20231229,11:34:38,22.35,4450,132100
20231229,11:34:47,22.55,50,132100
20231229,11:35:06,22.45,250,132100
20231229,11:35:15,22.45,100,132100
20231229,11:36:04,22.8,100,127550
20231229,11:36:54,22.45,150,127550
20231229,11:37:02,22.5,50,127550
20231229,11:37:18,22.6,50,127550
20231229,11:37:26,22.65,700,127550
20231229,11:37:34,22.7,50,127550
20231229,11:37:42,22.7,150,127550
20231229,11:38:05,22.75,200,127550
20231229,11:38:47,23.0,250,127950
20231229,11:39:33,22.9,500,127950
20231229,11:39:49,22.85,50,127950
20231229,11:40:15,22.75,200,127950
20231229,11:40:39,22.65,150,127950
20231229,11:42:18,22.7,300,128650
20231229,11:42:34,22.7,550,128650
20231229,11:44:35,22.3,50,128350
20231229,11:45:08,22.0,50,128350
20231229,11:46:20,22.0,250,128350
20231229,11:47:06,22.0,50,128350
20231229,11:48:24,22.05,50,128100
20231229,11:48:55,21.85,50,128100
20231229,11:49:03,21.85,200,128100
20231229,11:49:20,21.8,250,128100
20231229,11:51:01,21.8,50,127150
20231229,11:51:39,21.8,50,127150
20231229,11:53:07,21.8,50,127150
20231229,11:53:21,21.8,100,127150
20231229,11:54:20,21.75,50,127150
20231229,11:55:04,21.75,50,127150
20231229,11:55:20,21.75,100,127150
20231229,11:55:28,21.75,600,127150
20231229,11:55:37,22.0,50,127150
20231229,11:55:53,22.0,100,127150
20231229,11:57:23,22.15,150,126750
20231229,11:58:13,22.15,100,126750
20231229,11:58:56,22.4,500,126750
20231229,11:59:05,22.35,100,126750
20231229,11:59:14,22.35,50,126750
20231229,11:59:23,22.35,200,126750
20231229,11:59:40,22.35,50,127000
20231229,12:01:15,22.05,100,127000
20231229,12:01:39,21.9,750,127000
20231229,12:01:55,21.9,1050,127000
20231229,12:02:02,21.8,150,127000
20231229,12:02:10,21.8,250,127000
20231229,12:04:29,22.0,100,127150
20231229,12:05:00,22.05,100,127150
20231229,12:05:38,22.0,50,126750
20231229,12:06:31,21.85,350,126750
20231229,12:06:54,21.95,50,126750
20231229,12:07:02,21.95,50,126750
20231229,12:09:59,22.15,150,126500
20231229,12:10:07,22.1,250,126500
20231229,12:11:51,22.2,50,126100
20231229,12:13:54,22.25,50,126100
20231229,12:14:01,22.1,750,126100
20231229,12:14:09,22.2,50,126100
20231229,12:15:01,21.8,50,125400
20231229,12:16:00,22.0,250,125400
20231229,12:16:30,22.1,150,125400
20231229,12:16:53,22.1,1300,125400
20231229,12:17:17,22.1,100,125400
20231229,12:17:53,22.1,50,123850
20231229,12:19:07,22.0,100,123850
20231229,12:19:31,22.3,1800,123850
20231229,12:21:17,22.4,350,122150
20231229,12:22:12,22.35,50,122150
20231229,12:22:19,22.3,50,122150
20231229,12:22:56,22.2,250,122150
20231229,12:23:27,22.25,50,122150
20231229,12:25:08,22.5,50,121550
20231229,12:25:44,22.4,500,121550
20231229,12:26:21,22.6,500,121550
20231229,12:26:37,22.4,250,121550
20231229,12:26:45,22.4,100,121350
20231229,12:28:32,22.25,50,121350
20231229,12:30:13,21.5,200,121200
20231229,12:30:47,21.3,700,121200
20231229,12:30:56,21.25,50,121200
20231229,12:31:06,21.15,450,121200
20231229,12:31:14,21.3,50,121200
20231229,12:31:23,21.6,50,121200
20231229,12:31:31,21.3,150,121200
20231229,12:32:12,21.65,50,121200
20231229,12:32:20,21.65,100,121200
20231229,12:32:36,21.6,200,121200
20231229,12:32:52,21.5,100,120750
20231229,12:33:00,21.5,50,120750
20231229,12:33:24,21.7,150,120750
20231229,12:33:39,21.55,50,120750
20231229,12:34:19,21.55,50,120750
20231229,12:34:27,21.6,200,120750
20231229,12:34:35,21.6,350,120750
20231229,12:34:58,21.75,300,120750
20231229,12:35:44,21.55,250,120700
20231229,12:35:59,21.55,50,120700
20231229,12:37:40,21.5,450,120700
20231229,12:38:33,21.5,100,120700
20231229,12:39:11,21.4,50,120100
20231229,12:39:18,21.3,50,120100
20231229,12:39:27,21.25,50,120100
20231229,12:39:43,20.9,200,120100
20231229,12:40:01,21.0,100,120100
20231229,12:40:26,20.9,200,120100
20231229,12:40:59,20.85,100,120100
20231229,12:41:06,21.0,100,120100
20231229,12:41:53,20.7,50,120100
20231229,12:42:18,20.7,100,120100
20231229,12:42:27,20.65,100,120100
20231229,12:42:35,20.85,150,120100
20231229,12:43:23,21.05,50,120100
20231229,12:44:20,20.85,100,120100
20231229,12:45:26,20.85,100,119700
20231229,12:45:42,20.65,50,119700
20231229,12:45:50,20.65,150,119700
20231229,12:46:46,20.65,50,119700
20231229,12:52:25,20.2,900,119250
20231229,12:52:47,20.2,50,119250
20231229,12:53:02,19.95,100,119250
20231229,12:54:05,19.95,50,120250
20231229,12:57:07,20.35,50,120050
20231229,12:57:37,20.1,900,120050
20231229,12:58:29,20.35,300,120050
20231229,12:59:28,20.05,100,120050
20231229,12:59:43,20.1,900,120050
20231229,13:00:30,20.0,200,120350
20231229,13:01:02,20.0,100,120350
20231229,13:02:46,20.0,400,120650
20231229,13:02:54,20.0,200,120650
20231229,13:03:10,19.75,100,120650
20231229,13:04:17,19.75,100,120650
20231229,13:04:50,20.05,50,120650
20231229,13:05:15,20.05,250,120650
20231229,13:09:24,20.35,500,120150
20231229,13:10:10,20.05,50,120150
20231229,13:10:18,20.05,450,120150
20231229,13:10:25,20.0,450,120150
20231229,13:10:49,20.0,500,120150
20231229,13:10:57,20.0,50,120150
20231229,13:11:59,20.15,50,118350
20231229,13:12:22,20.15,250,118350
20231229,13:12:38,20.15,1150,118350
20231229,13:12:53,20.2,50,118350
20231229,13:13:09,20.25,50,118350
20231229,13:13:32,20.35,350,118350
20231229,13:13:39,20.4,450,118350
20231229,13:13:47,20.4,500,118350
20231229,13:15:22,20.65,100,118000
20231229,13:15:38,20.6,50,118000
20231229,13:15:46,20.7,50,118000
20231229,13:20:49,20.35,50,117900
20231229,13:23:05,20.2,250,117900
20231229,13:26:42,20.2,300,117950
20231229,13:27:46,20.2,100,118250
20231229,13:27:54,20.2,900,118250
20231229,13:28:56,20.2,2300,118250
20231229,13:29:04,20.05,50,118250
20231229,13:29:35,20.0,100,118250
20231229,13:30:01,19.8,50,119900
20231229,13:30:35,19.75,500,119900
20231229,13:30:44,19.65,650,119900
20231229,13:30:52,19.65,150,119900
20231229,13:31:00,19.65,300,119900
20231229,13:32:23,19.5,350,119900
20231229,13:32:38,19.5,100,119900
20231229,13:32:46,19.5,100,120050
20231229,13:33:51,19.7,50,120050
20231229,13:34:23,19.4,500,120050
20231229,13:35:34,19.4,1200,120050
20231229,13:36:25,19.9,2300,120100
20231229,13:37:26,19.75,50,120100
20231229,13:39:33,19.65,50,118750
20231229,13:41:47,19.5,50,118750
20231229,13:42:12,19.65,50,118750
20231229,13:42:51,19.8,150,118750
20231229,13:43:47,19.85,50,118750
20231229,13:44:04,20.0,100,118750
20231229,13:44:36,20.0,450,118750
20231229,13:45:47,20.0,1550,118950
20231229,13:47:15,20.25,50,118950
20231229,13:47:23,20.25,50,118950
20231229,13:55:17,20.15,1000,118900
20231229,13:57:56,20.25,50,118900
20231229,13:59:18,20.0,150,118900
20231229,14:00:48,20.0,50,119000
20231229,14:01:03,20.05,50,119000
20231229,14:01:11,20.0,50,119000
20231229,14:01:26,19.95,50,119000
20231229,14:01:42,20.0,50,119000
20231229,14:02:04,19.9,50,119000
20231229,14:04:30,19.9,50,119000
20231229,14:05:56,20.05,50,119000
20231229,14:06:03,19.85,50,119000
20231229,14:06:34,19.7,50,119000
20231229,14:07:20,19.7,50,119000
20231229,14:07:28,19.65,450,119000
20231229,14:08:31,19.55,50,119000
20231229,14:08:39,19.5,1800,119000
20231229,14:09:26,19.1,50,120250
20231229,14:09:51,19.1,200,120250
20231229,14:09:59,19.0,50,120250
20231229,14:10:14,19.0,250,120250
20231229,14:10:22,19.0,50,120250
20231229,14:11:01,18.95,100,120250
20231229,14:11:40,18.95,100,120250
20231229,14:12:20,18.85,50,120100
20231229,14:12:28,18.8,100,120100
20231229,14:12:36,18.8,50,120100
20231229,14:14:00,18.4,50,120100
20231229,14:14:36,18.1,50,120100
20231229,14:15:03,18.0,50,120250
20231229,14:15:12,18.0,250,120250
20231229,14:15:29,17.95,50,120250
20231229,14:16:12,17.8,50,120250
20231229,14:17:05,17.8,100,120250
20231229,14:17:31,17.8,100,120250
20231229,14:17:39,17.7,350,120250
20231229,14:17:48,17.7,350,120250
20231229,14:19:34,17.4,100,119900
20231229,14:19:43,17.45,50,119900
20231229,14:20:07,17.4,50,119900
20231229,14:20:24,17.2,50,119900
20231229,14:20:50,17.2,2100,119900
20231229,14:21:07,17.35,250,120050
20231229,14:21:15,17.45,200,120050
20231229,14:21:56,17.45,50,120050
20231229,14:22:54,17.3,50,120050
20231229,14:23:36,17.6,1650,120050
20231229,14:23:44,17.6,750,120050
20231229,14:25:22,17.1,50,118200
20231229,14:26:30,17.1,50,118200
20231229,14:27:04,17.25,50,118250
20231229,14:28:19,17.25,50,118250
20231229,14:29:00,17.35,350,118250
20231229,14:29:07,17.4,100,118250
20231229,14:29:15,17.4,300,118250
20231229,14:29:24,17.4,2050,118250
20231229,14:29:32,17.45,850,118250
20231229,14:29:40,17.45,950,118250
20231229,14:29:48,17.45,50,118250
20231229,14:29:56,17.55,1950,118250
20231229,14:30:04,17.45,50,116250
20231229,14:31:01,17.65,200,116250
20231229,14:32:08,17.65,500,116250
20231229,14:33:05,17.85,50,116050
20231229,14:33:39,18.05,100,116050
20231229,14:34:26,18.0,50,116050
20231229,14:34:51,18.3,300,116050
20231229,14:35:00,18.4,150,116050
20231229,14:35:10,18.4,500,116050
20231229,14:35:19,18.45,200,116050
20231229,14:35:44,18.5,250,116050
20231229,14:37:01,19.05,200,116000
20231229,14:37:11,19.35,150,116000
20231229,14:37:20,19.25,750,116000
20231229,14:37:29,19.6,150,116000
20231229,14:38:20,19.35,50,116000
20231229,14:38:53,19.1,50,116000
20231229,14:39:01,19.1,150,115950
20231229,14:39:09,19.1,100,115950
20231229,14:39:32,19.0,50,115950
20231229,14:44:01,19.0,50,115850
20231229,14:44:18,19.05,50,115850
20231229,14:44:41,19.0,50,115850
20231229,14:44:49,19.0,150,115850
20231229,14:44:57,18.9,100,115850
20231229,14:45:29,19.0,50,116050
20231229,14:46:33,19.1,600,116050
20231229,14:46:41,19.1,50,116050
20231229,14:46:56,18.95,150,116050
20231229,14:47:52,19.05,50,116050
20231229,14:49:45,19.1,50,116550
20231229,14:50:17,19.0,200,116550
20231229,14:51:52,19.2,300,116550
20231229,14:52:45,19.8,150,116550
20231229,14:52:54,19.8,50,116550
20231229,14:53:20,20.0,300,116550
20231229,14:54:01,19.9,150,116650
20231229,14:54:43,20.0,1850,116650
20231229,14:55:35,20.65,50,116650
20231229,14:55:59,20.55,50,116650
20231229,14:56:08,20.65,300,116650
20231229,14:56:24,20.6,50,116650
20231229,14:56:32,20.6,100,116650
20231229,14:56:47,20.65,100,116650
20231229,14:57:04,20.6,200,114700
20231229,14:59:44,21.05,300,114700
20231229,15:00:28,21.0,100,114750
20231229,15:00:55,21.15,50,114750
20231229,15:02:07,21.6,50,114750
20231229,15:02:27,20.7,50,114750
20231229,15:02:37,20.85,100,114750
20231229,15:02:46,20.7,100,114750
20231229,15:02:55,20.5,350,114750
20231229,15:03:30,20.9,750,114850
20231229,15:03:38,20.8,250,114850
20231229,15:03:47,21.0,750,114850
20231229,15:04:13,20.85,150,114850
20231229,15:04:22,20.85,200,114850
20231229,15:04:31,20.85,200,114850
20231229,15:04:51,21.1,50,114850
20231229,15:05:01,20.65,50,114850
20231229,15:05:27,20.6,200,114850
20231229,15:05:52,20.4,100,114850
20231229,15:06:28,20.2,200,114900
20231229,15:06:38,20.25,50,114900
20231229,15:07:49,20.3,100,114900
20231229,15:08:42,20.25,100,114900
20231229,15:09:28,19.7,250,114950
20231229,15:09:38,19.8,300,114950
20231229,15:09:55,19.95,50,114950
20231229,15:10:12,20.2,50,114950
20231229,15:10:39,19.95,50,114950
20231229,15:10:47,20.15,50,114950
20231229,15:11:29,20.35,50,114950
20231229,15:14:52,19.6,400,114800
20231229,15:16:02,19.85,50,115000
20231229,15:17:01,19.9,500,115000
20231229,15:17:50,19.75,250,115000
20231229,15:18:33,19.8,200,115550
20231229,15:19:48,19.6,50,115550
20231229,15:20:17,19.5,100,115550
20231229,15:20:37,19.55,350,115550
20231229,15:20:55,19.45,50,115550
20231229,15:21:03,19.45,100,115650
20231229,15:21:12,19.6,350,115650
20231229,15:21:54,19.6,50,115650
20231229,15:24:42,19.05,50,115500
20231229,15:25:00,18.9,100,115500
20231229,15:25:34,18.75,100,115500
20231229,15:25:43,18.75,1450,115500
20231229,15:25:52,18.7,200,115500
20231229,15:26:09,18.65,50,115500
20231229,15:26:50,18.65,100,115500
20231229,15:27:06,18.65,500,115500
20231229,15:27:15,18.7,300,115400
20231229,15:27:32,18.7,200,115400
20231229,15:27:58,19.1,200,115400
20231229,15:28:06,19.15,300,115400
20231229,15:28:15,19.3,600,115400
20231229,15:28:24,19.3,200,115400
20231229,15:29:06,19.5,100,115400
20231229,15:29:15,19.3,150,115400
20231229,15:29:36,18.9,50,115400
20231229,15:29:47,19.25,100,115400
20240101,09:17:15,17.3,1,112100
20240101,09:17:15,17.55,1,112100
20240101,09:17:15,17.3,450,112100
20240101,09:17:23,17.55,150,112000
20240101,09:17:32,17.6,1150,112000
20240101,09:17:40,17.25,650,112000
20240101,09:17:48,17.25,100,112000
20240101,09:18:06,16.95,150,112000
20240101,09:18:15,16.95,250,112000
20240101,09:18:53,16.6,250,112000
20240101,09:19:03,16.3,1800,112000
20240101,09:19:12,16.3,50,112000
20240101,09:19:29,16.4,100,112000
20240101,09:19:38,16.35,150,112000
20240101,09:19:46,16.35,50,112000
20240101,09:19:56,16.0,600,112000
20240101,09:20:06,16.0,100,112000
20240101,09:20:25,15.8,100,113350
20240101,09:20:34,15.8,350,113350
20240101,09:20:43,15.95,1000,113350
20240101,09:21:19,16.0,150,113350
20240101,09:21:28,16.0,100,113350
20240101,09:21:36,16.2,100,113350
20240101,09:21:53,16.15,200,113350
20240101,09:22:03,16.2,250,113350
20240101,09:22:14,16.3,150,113350
20240101,09:22:35,16.3,50,113350
20240101,09:22:52,16.25,150,113350
20240101,09:23:00,16.25,50,113350
20240101,09:23:09,16.2,350,113350
20240101,09:23:50,16.25,250,114350
20240101,09:23:59,16.2,100,114350
20240101,09:24:07,16.25,550,114350
20240101,09:24:23,16.25,50,114350
20240101,09:24:48,16.2,50,114350
20240101,09:25:04,16.4,500,114350
20240101,09:25:37,16.2,300,114350
20240101,09:25:54,16.25,350,114350
20240101,09:26:20,16.1,50,114350
20240101,09:26:28,16.05,150,115500
20240101,09:26:52,16.0,150,115500
20240101,09:27:17,16.05,650,115500
20240101,09:27:26,16.15,250,115500
20240101,09:28:00,16.1,350,115500
20240101,09:28:08,16.1,1000,115500
20240101,09:28:25,16.1,550,115500
20240101,09:28:33,16.05,200,115500
20240101,09:28:57,15.8,1800,115500
20240101,09:29:48,15.65,50,117600
20240101,09:30:11,15.4,100,117600
20240101,09:30:45,15.4,50,117600
20240101,09:31:19,15.4,50,117600
20240101,09:31:29,15.25,100,117600
20240101,09:31:37,15.3,50,117600
20240101,09:32:51,15.45,750,117600
20240101,09:34:32,15.5,450,117600
20240101,09:34:40,15.7,500,117600
20240101,09:35:12,15.7,100,117600
20240101,09:35:38,15.75,1000,117900
20240101,09:35:47,15.75,1500,117900
20240101,09:35:55,15.75,1000,117900
20240101,09:36:04,15.75,50,117900
20240101,09:36:29,15.7,650,117900
20240101,09:36:38,15.65,50,117900
20240101,09:36:55,15.8,550,117900
20240101,09:37:19,15.75,200,117900
20240101,09:37:35,15.7,100,117900
20240101,09:37:44,15.65,100,117900
20240101,09:38:09,15.5,450,117900
20240101,09:38:17,15.5,50,117900
20240101,09:38:26,15.6,300,117900
20240101,09:38:34,15.5,50,116900
20240101,09:38:42,15.55,50,116900
20240101,09:38:50,15.45,200,116900
20240101,09:38:58,15.45,350,116900
20240101,09:39:07,15.25,200,116900
20240101,09:39:15,15.3,700,116900
20240101,09:39:32,15.3,100,116900
20240101,09:39:40,15.3,50,116900
20240101,09:39:48,15.3,50,116900
20240101,09:39:57,15.25,150,116900
20240101,09:40:05,15.2,300,116900
20240101,09:40:15,15.2,350,116900
20240101,09:40:31,15.2,50,116900
20240101,09:41:51,15.35,900,117350
20240101,09:42:07,15.45,250,117350
20240101,09:42:23,15.35,400,117350
20240101,09:42:56,15.35,200,117350
20240101,09:44:27,15.2,50,117350
20240101,09:44:35,15.3,150,117400
20240101,09:44:44,15.2,100,117400
20240101,09:44:52,15.1,50,117400
20240101,09:45:01,15.1,100,117400
20240101,09:45:09,15.2,950,117400
20240101,09:45:18,15.25,50,117400
20240101,09:45:59,15.3,100,117400
20240101,09:46:07,15.3,50,117400
20240101,09:46:15,15.25,50,117400
20240101,09:46:31,15.25,50,117400
20240101,09:46:40,15.35,50,117400
20240101,09:46:50,15.45,500,117400
20240101,09:46:59,15.45,150,117400
20240101,09:47:08,15.4,350,117400
20240101,09:47:17,15.4,50,117400
20240101,09:47:51,15.1,100,117550
20240101,09:48:15,15.2,50,117550
20240101,09:48:23,15.2,50,117550
20240101,09:48:56,15.25,200,117550
20240101,09:49:31,15.55,300,117550
20240101,09:49:40,15.65,50,117550
20240101,09:49:49,15.65,400,117550
20240101,09:50:06,15.75,50,117550
20240101,09:50:56,15.85,50,117400
20240101,09:51:24,16.05,50,117400
20240101,09:51:33,15.95,50,117400
20240101,09:51:48,15.9,150,117400
20240101,09:51:56,15.8,50,117400
20240101,09:53:10,16.0,200,117400
20240101,09:53:27,15.9,250,117650
20240101,09:53:45,15.95,300,117650
20240101,09:53:54,15.9,50,117650
20240101,09:54:02,16.05,250,117650
20240101,09:54:11,16.1,250,117650
20240101,09:54:53,15.9,400,117650
20240101,09:55:02,15.85,250,117650
20240101,09:55:11,16.1,150,117650
20240101,09:55:19,16.1,100,117650
20240101,09:55:28,16.1,50,117650
20240101,09:55:53,16.1,550,117650
20240101,09:56:01,16.05,150,117650
20240101,09:56:09,16.1,150,117650
20240101,09:56:18,16.15,300,117650
20240101,09:56:27,16.15,200,118050
20240101,09:56:35,16.1,100,118050
20240101,09:57:10,15.95,50,118050
20240101,09:58:33,16.15,50,118050
20240101,10:00:43,16.0,50,118300
20240101,10:01:41,16.05,150,118300
20240101,10:01:57,16.05,50,118300
20240101,10:03:01,16.0,250,118200
20240101,10:04:10,16.05,300,118200
20240101,10:05:05,16.05,50,118200
20240101,10:05:13,16.1,150,118200
20240101,10:05:21,15.95,50,118200
20240101,10:05:29,15.95,150,118200
20240101,10:05:53,15.8,50,118350
20240101,10:06:42,15.7,50,118350
20240101,10:07:04,15.6,50,118350
20240101,10:07:45,15.5,300,118350
20240101,10:08:02,15.45,100,118350
20240101,10:09:08,15.6,950,118600
20240101,10:09:25,15.5,700,118600
20240101,10:10:05,15.5,50,118600
20240101,10:10:47,15.45,100,118600
20240101,10:12:10,15.25,50,117250
20240101,10:12:27,15.25,50,117250
20240101,10:13:22,15.35,50,117250
20240101,10:13:55,15.5,50,117250
20240101,10:14:03,15.5,50,117250
20240101,10:16:24,15.3,50,117100
20240101,10:16:56,15.45,100,117100
20240101,10:17:21,15.35,50,117100
20240101,10:17:37,15.45,50,117050
20240101,10:18:09,15.4,50,117050
20240101,10:19:20,15.05,200,117050
20240101,10:21:23,15.05,300,117150
20240101,10:21:39,15.0,1650,117150
20240101,10:21:47,15.0,4050,117150
20240101,10:21:56,15.0,4550,117150
20240101,10:22:05,14.95,150,117150
20240101,10:22:14,14.95,50,117150
20240101,10:22:22,14.9,100,117150
20240101,10:23:13,14.9,150,117150
20240101,10:23:20,14.9,50,117150
20240101,10:23:29,14.9,50,117150
20240101,10:23:52,14.85,650,127650
20240101,10:23:59,14.85,50,127650
20240101,10:24:07,14.9,50,127650
20240101,10:24:37,14.8,250,127650
20240101,10:24:55,14.8,50,127650
20240101,10:25:03,14.8,250,127650
20240101,10:25:11,15.0,150,127650
20240101,10:25:20,15.0,50,127650
20240101,10:25:35,15.1,50,127650
20240101,10:26:14,15.2,50,127650
20240101,10:27:04,15.3,100,127550
20240101,10:28:41,15.3,300,127550
20240101,10:30:40,15.2,50,127250
20240101,10:30:56,15.2,50,127250
20240101,10:32:07,15.35,50,127250
20240101,10:32:52,15.45,250,127200
20240101,10:33:01,15.45,250,127200
20240101,10:34:07,15.45,250,127200
20240101,10:34:16,15.35,50,127200
20240101,10:37:32,15.05,50,127200
20240101,10:40:38,15.2,50,127200
20240101,10:42:04,15.15,100,127200
20240101,10:42:46,15.15,100,127200
20240101,10:43:09,15.2,100,127200
20240101,10:44:44,15.4,400,127000
20240101,10:46:45,15.55,50,127000
20240101,10:47:52,15.3,150,127000
20240101,10:50:17,15.9,500,127000
20240101,10:50:50,15.7,100,127100
20240101,10:51:53,15.8,50,127100
20240101,10:52:47,15.8,50,127100
20240101,10:53:33,15.8,200,127100
20240101,10:54:17,15.8,50,127100
20240101,10:54:56,15.95,50,127100
20240101,10:55:04,16.0,250,127100
20240101,10:55:51,15.9,400,127100
20240101,10:57:02,15.7,100,126700
20240101,10:57:10,15.75,150,126700
20240101,10:57:56,15.8,50,126700
20240101,10:59:15,15.7,550,126700
20240101,11:00:15,15.6,150,127550
20240101,11:00:22,15.6,400,127550
20240101,11:00:39,15.65,50,127550
20240101,11:01:12,15.7,50,127550
20240101,11:01:20,15.75,50,127550
20240101,11:01:37,15.7,450,127550
20240101,11:01:45,15.7,50,127550
20240101,11:02:10,15.85,200,127550
20240101,11:02:27,15.8,50,127550
20240101,11:03:15,15.6,50,127100
20240101,11:03:49,15.5,150,127100
20240101,11:04:13,15.35,100,127100
20240101,11:05:32,15.5,50,127100
20240101,11:05:39,15.5,50,127300
20240101,11:07:12,15.65,50,127300
20240101,11:07:35,15.8,50,127300
20240101,11:08:58,15.55,400,127300
20240101,11:09:21,15.6,50,127300
20240101,11:09:28,15.6,100,127300
20240101,11:09:36,15.6,50,127300
20240101,11:12:22,15.8,50,127350
20240101,11:16:55,15.6,50,127300
20240101,11:17:25,15.7,100,127300
20240101,11:18:56,15.65,350,127450
20240101,11:19:20,15.75,100,127450
20240101,11:21:06,15.95,800,127450
20240101,11:21:20,16.0,2450,127450
20240101,11:21:28,16.0,250,127450
20240101,11:21:49,15.95,200,127450
20240101,11:22:04,15.9,150,127450
20240101,11:23:26,15.55,3950,127450
20240101,11:23:34,15.65,200,127450
20240101,11:24:04,15.6,50,122050
20240101,11:25:31,15.6,150,122050
20240101,11:25:38,15.55,150,122050
20240101,11:25:53,15.5,50,122050
20240101,11:26:22,15.5,100,122050
20240101,11:27:30,15.5,50,121850
20240101,11:27:59,15.5,200,121850
20240101,11:29:08,15.45,50,121850
20240101,11:30:59,15.55,200,121950
20240101,11:31:07,15.65,50,121950
20240101,11:31:48,15.4,50,121950
20240101,11:32:02,15.35,50,121950
20240101,11:33:03,15.45,150,121850
20240101,11:33:40,15.35,150,121850
20240101,11:35:45,15.35,250,121550
20240101,11:37:33,15.3,100,121550
20240101,11:39:40,15.35,300,121250
20240101,11:40:24,15.3,50,121250
20240101,11:42:20,15.35,100,121050
20240101,11:43:18,15.25,50,121050
20240101,11:44:01,15.25,50,121050
20240101,11:44:15,15.25,150,121050
20240101,11:44:22,15.15,100,121050
20240101,11:44:50,15.15,50,121050
20240101,11:45:57,15.1,50,121050
20240101,11:47:09,15.05,100,121050
20240101,11:48:07,15.1,50,121000
20240101,11:48:29,14.95,50,121000
20240101,11:49:04,14.85,150,121000
20240101,11:49:21,14.85,100,121000
20240101,11:49:52,15.05,200,121000
20240101,11:51:15,15.05,50,120900
20240101,11:51:44,14.9,500,120900
20240101,11:55:57,14.8,450,120550
20240101,11:56:13,14.8,300,120550
20240101,12:00:58,14.7,50,120650
20240101,12:01:54,14.5,100,120650
20240101,12:03:08,14.5,100,120650
20240101,12:05:37,14.55,50,120650
20240101,12:05:45,14.55,400,120650
20240101,12:06:42,14.7,50,120200
20240101,12:07:14,14.6,50,120200
20240101,12:07:31,14.55,100,120200
20240101,12:08:43,14.5,500,120200
20240101,12:11:05,14.4,150,120500
20240101,12:11:14,14.4,50,120500
20240101,12:14:04,14.4,50,120650
20240101,12:14:21,14.5,100,120650
20240101,12:14:29,14.6,400,120650
20240101,12:14:39,14.6,700,120650
20240101,12:14:47,14.45,150,120650
20240101,12:15:12,14.55,200,120650
20240101,12:15:39,14.5,50,120650
20240101,12:15:55,14.55,100,120650
20240101,12:16:12,14.5,50,120650
20240101,12:16:21,14.5,50,120650
20240101,12:17:23,14.5,250,120650
20240101,12:18:17,14.4,200,120950
20240101,12:18:25,14.4,150,120950
20240101,12:18:41,14.45,500,120950
20240101,12:18:56,14.3,800,120950
20240101,12:19:05,14.1,700,120950
20240101,12:19:13,14.1,550,120950
20240101,12:19:29,14.05,50,120950
20240101,12:19:45,14.05,250,120950
20240101,12:20:00,14.05,200,120950
20240101,12:22:10,14.0,400,122750
20240101,12:22:51,14.0,50,122750
20240101,12:23:25,13.9,150,122750
20240101,12:24:05,13.9,200,123000
20240101,12:24:46,14.05,50,123000
20240101,12:24:54,14.05,450,123000
20240101,12:25:10,14.05,50,123000
20240101,12:26:41,13.75,100,123000
20240101,12:26:57,13.75,50,122400
20240101,12:27:29,13.75,200,122400
20240101,12:30:39,13.65,50,122350
20240101,12:30:54,13.55,50,122350
20240101,12:31:02,13.45,50,122350
20240101,12:33:38,13.45,50,122350
20240101,12:33:53,13.6,250,122350
20240101,12:34:23,13.4,300,122350
20240101,12:35:03,13.4,150,122350
20240101,12:36:30,13.65,100,122100
20240101,12:37:44,13.5,800,122100
20240101,12:38:13,13.45,250,122100
20240101,12:39:05,13.35,300,122250
20240101,12:39:13,13.35,700,122250
20240101,12:40:22,13.3,50,122250
20240101,12:40:30,13.3,500,122250
20240101,12:42:21,13.3,50,122450
20240101,12:44:03,13.35,200,122450
20240101,12:44:36,13.4,350,122450
20240101,12:44:49,13.4,50,122450
20240101,12:44:56,13.45,50,122150
20240101,12:46:03,13.5,250,122150
20240101,12:46:11,13.55,50,122150
20240101,12:46:20,13.55,50,122150
20240101,12:46:36,13.55,50,122150
20240101,12:48:11,13.65,100,122200
20240101,12:48:42,13.6,50,122200
20240101,12:50:12,13.65,250,122200
20240101,12:50:21,13.65,200,122200
20240101,12:51:11,13.6,100,122200
20240101,12:51:56,13.55,50,122200
20240101,12:53:02,13.6,50,122200
20240101,12:53:24,13.7,50,122200
20240101,12:53:31,13.8,50,122200
20240101,12:54:00,13.85,250,122250
20240101,12:54:23,13.95,50,122250
20240101,12:55:24,13.85,50,122250
20240101,12:55:32,13.9,50,122250
20240101,12:56:39,14.05,50,122250
20240101,12:56:47,14.1,50,122250
20240101,12:56:55,14.1,50,122250
20240101,12:57:17,14.15,300,122300
20240101,12:58:24,14.05,250,122300
20240101,12:59:25,14.1,50,122300
20240101,13:01:09,13.95,350,122100
20240101,13:01:26,13.95,200,122100
20240101,13:02:13,14.05,300,122100
20240101,13:03:01,14.2,250,122100
20240101,13:03:09,14.25,50,122100
20240101,13:03:50,14.2,50,122100
20240101,13:04:14,14.05,100,122100
20240101,13:04:21,13.9,50,122100
20240101,13:04:29,13.75,450,122100
20240101,13:04:44,13.7,50,122100
20240101,13:04:52,13.6,450,122100
20240101,13:05:00,13.65,450,122100
20240101,13:05:07,13.55,250,122100
20240101,13:05:23,13.65,50,122100
20240101,13:05:31,13.7,450,122100
20240101,13:06:13,13.7,2800,123100
20240101,13:07:08,13.7,1200,123100
20240101,13:07:17,13.7,200,123100
20240101,13:07:24,13.7,1200,123100
20240101,13:07:32,13.7,50,123100
20240101,13:10:58,13.5,100,123150
20240101,13:11:58,13.6,300,123150
20240101,13:13:08,13.6,50,123150
20240101,13:16:25,13.7,50,121850
20240101,13:16:56,13.85,50,121850
20240101,13:17:28,13.85,50,121850
20240101,13:19:13,13.8,100,121900
20240101,13:19:43,13.7,100,121900
20240101,13:20:45,13.85,450,121900
20240101,13:22:24,13.85,300,122100
20240101,13:25:54,13.9,50,122100
20240101,13:28:46,13.8,50,122150
20240101,13:28:53,13.85,50,122150
20240101,13:29:57,13.75,100,122150
20240101,13:30:06,13.95,150,122100
20240101,13:30:35,13.9,200,122100
20240101,13:31:18,13.75,50,122100
20240101,13:32:06,13.75,50,122100
20240101,13:32:14,13.9,550,122100
20240101,13:32:39,14.0,850,122100
20240101,13:32:47,14.1,50,122100
20240101,13:32:55,14.15,100,122100
20240101,13:33:10,14.1,600,122950
20240101,13:33:33,14.15,450,122950
20240101,13:34:34,14.0,500,122950
20240101,13:34:57,13.95,50,122950
20240101,13:35:06,13.95,50,122950
20240101,13:35:45,14.0,50,122950
20240101,13:39:09,14.05,50,122650
20240101,13:39:52,13.95,200,122650
20240101,13:40:37,14.0,1000,122650
20240101,13:40:59,14.05,50,122650
20240101,13:41:42,14.15,500,122650
20240101,13:42:12,14.05,50,122650
20240101,13:44:33,14.0,1800,122750
20240101,13:45:11,14.0,50,123950
20240101,13:45:55,13.95,50,123950
20240101,13:47:21,13.9,200,123950
20240101,13:50:05,14.0,400,123750
20240101,13:50:32,14.15,50,123750
20240101,13:51:55,13.85,400,123700
20240101,13:52:25,13.85,100,123700
20240101,13:54:27,14.1,350,123800
20240101,13:55:50,14.05,250,123800
20240101,13:57:12,14.15,200,124150
20240101,13:57:21,14.2,850,124150
20240101,13:57:32,14.3,50,124150
20240101,13:57:42,14.15,150,124150
20240101,13:58:28,14.3,200,124150
20240101,13:58:54,14.3,700,124150
20240101,13:59:03,14.4,50,124150
20240101,13:59:55,14.25,100,124150
20240101,14:00:19,14.35,50,123900
20240101,14:00:45,14.5,950,123900
20240101,14:00:54,14.5,1000,123900
20240101,14:01:21,14.55,250,123900
20240101,14:01:29,14.6,50,123900
20240101,14:01:47,14.75,200,123900
20240101,14:02:07,14.95,950,123900
20240101,14:02:30,15.1,100,123900
20240101,14:02:49,15.4,50,123900
20240101,14:02:59,15.4,300,123900
20240101,14:03:28,15.25,50,121150
20240101,14:03:36,15.3,150,121150
20240101,14:04:10,15.25,50,121150
20240101,14:04:28,15.6,100,121150
20240101,14:04:54,15.55,50,121150
20240101,14:05:11,15.65,400,121150
20240101,14:05:51,15.55,50,121150
20240101,14:06:36,15.55,50,121250
20240101,14:06:55,15.6,100,121250
20240101,14:07:13,15.5,50,121250
20240101,14:08:05,15.5,100,121250
20240101,14:09:20,15.4,250,121250
20240101,14:09:29,15.4,150,121250
20240101,14:09:38,15.4,150,121250
20240101,14:10:12,15.5,50,121250
20240101,14:10:20,15.45,50,121250
20240101,14:11:56,15.95,50,121250
20240101,14:12:24,15.95,100,121850
20240101,14:12:34,15.85,300,121850
20240101,14:12:43,15.9,50,121850
20240101,14:12:53,16.0,150,121850
20240101,14:13:22,15.95,50,121850
20240101,14:13:41,16.0,300,121850
20240101,14:15:28,16.15,50,121850
20240101,14:16:03,16.1,50,122000
20240101,14:16:29,16.3,50,122000
20240101,14:16:38,16.4,50,122000
20240101,14:16:56,16.3,50,122000
20240101,14:18:07,16.55,50,122000
20240101,14:19:03,16.4,200,122150
20240101,14:20:35,16.85,50,122150
20240101,14:20:53,16.9,150,122150
20240101,14:22:15,16.65,50,122200
20240101,14:22:24,16.55,150,122200
20240101,14:23:20,16.5,50,122200
20240101,14:23:39,16.5,350,122200
20240101,14:24:17,16.75,50,122300
20240101,14:24:45,16.8,100,122300
20240101,14:24:54,16.75,1000,122300
20240101,14:25:04,16.7,200,122300
20240101,14:27:21,16.35,50,122550
20240101,14:27:57,16.3,400,122550
20240101,14:28:58,16.4,50,122550
20240101,14:29:33,16.35,450,122550
20240101,14:30:27,16.5,150,122350
20240101,14:31:22,16.85,100,122350
20240101,14:32:16,16.95,50,122350
20240101,14:33:39,17.0,50,122200
20240101,14:34:04,17.15,50,122200
20240101,14:34:38,17.1,100,122200
20240101,14:34:46,17.1,300,122200
20240101,14:34:54,17.2,350,122200
20240101,14:35:02,17.2,50,122200
20240101,14:35:20,17.25,600,122200
20240101,14:37:13,17.25,150,122650
20240101,14:38:53,16.7,1050,122650
20240101,14:39:36,16.45,50,122750
20240101,14:39:44,16.5,200,122750
20240101,14:42:11,16.85,50,122750
20240101,14:42:22,16.85,200,122950
20240101,14:43:46,17.45,250,122950
20240101,14:44:38,17.7,50,122950
20240101,14:44:49,18.0,50,122950
20240101,14:44:59,18.05,250,122950
20240101,14:45:10,18.25,1200,122950
20240101,14:45:19,18.3,700,123800
20240101,14:45:28,18.5,1950,123800
20240101,14:45:38,18.5,50,123800
20240101,14:45:47,18.25,50,123800
20240101,14:45:57,18.3,1000,123800
20240101,14:46:06,18.55,50,123800
20240101,14:46:16,18.55,200,123800
20240101,14:46:25,18.7,100,123800
20240101,14:46:44,18.25,150,123800
20240101,14:46:54,18.5,1050,123800
20240101,14:47:03,18.6,50,123800
20240101,14:47:12,18.75,50,123800
20240101,14:47:30,18.75,200,123800
20240101,14:47:39,18.7,50,123800
20240101,14:47:57,18.55,50,123800
20240101,14:48:06,18.6,50,123800
20240101,14:48:24,18.55,50,126800
20240101,14:48:50,18.3,50,126800
20240101,14:48:58,18.25,150,126800
20240101,14:49:18,18.55,100,126800
20240101,14:49:29,18.6,100,126800
20240101,14:49:40,19.15,50,126800
20240101,14:49:51,19.75,50,126800
20240101,14:50:01,19.9,500,126800
20240101,14:50:11,19.9,150,126800
20240101,14:50:22,20.45,100,126800
20240101,14:50:33,21.0,250,126800
20240101,14:50:43,20.9,500,126800
20240101,14:50:53,21.25,1050,126800
20240101,14:51:02,21.35,400,126800
20240101,14:51:11,20.95,100,126800
20240101,14:51:21,20.8,50,127050
20240101,14:51:31,21.1,50,127050
20240101,14:51:41,21.0,150,127050
20240101,14:51:52,20.85,150,127050
20240101,14:52:02,21.15,50,127050
20240101,14:52:12,20.9,350,127050
20240101,14:52:31,20.85,50,127050
20240101,14:52:58,20.6,150,127050
20240101,14:53:07,20.45,100,127050
20240101,14:53:25,20.3,1000,127050
20240101,14:53:35,20.4,1100,127050
20240101,14:53:44,20.5,100,127050
20240101,14:53:54,20.7,50,127050
20240101,14:54:03,20.45,50,127050
20240101,14:54:23,20.3,1150,127350
20240101,14:54:33,20.65,150,127350
20240101,14:55:00,20.7,50,127350
20240101,14:55:19,20.65,50,127350
20240101,14:55:46,20.75,50,127350
20240101,14:56:04,20.75,50,127350
20240101,14:56:21,20.55,200,127350
20240101,14:56:47,20.3,100,127350
20240101,14:56:56,20.45,50,127350
20240101,14:57:22,20.4,250,128350
20240101,14:57:31,20.4,50,128350
20240101,14:58:07,20.45,50,128350
20240101,14:58:51,20.55,350,128350
20240101,14:59:00,20.65,200,128350
20240101,14:59:10,20.6,50,128350
20240101,14:59:36,20.85,50,128350
20240101,15:00:13,21.4,50,128350
20240101,15:00:22,21.4,50,128350
20240101,15:00:41,21.5,1050,128350
20240101,15:00:50,21.65,1050,128350
20240101,15:01:20,21.65,50,128350
20240101,15:01:31,20.55,50,128350
20240101,15:01:43,20.3,1200,128350
20240101,15:01:54,20.4,300,128350
20240101,15:04:48,18.8,100,126600
20240101,15:06:01,19.15,500,126600
20240101,15:07:41,18.25,150,126500
20240101,15:07:52,18.0,100,126500
20240101,15:08:02,17.6,250,126500
20240101,15:08:14,17.65,50,126500
20240101,15:08:35,17.0,50,126500
20240101,15:08:46,16.95,50,126500
20240101,15:09:10,16.3,1000,126500
20240101,15:09:23,16.7,750,127900
20240101,15:09:33,16.25,100,127900
20240101,15:09:43,16.45,50,127900
20240101,15:09:53,16.65,100,127900
20240101,15:10:03,16.55,150,127900
20240101,15:10:14,16.05,100,127900
20240101,15:10:26,15.9,300,127900
20240101,15:10:38,15.75,300,127900
20240101,15:10:50,15.4,400,127900
20240101,15:11:54,15.55,100,127900
20240101,15:12:04,15.6,50,127900
20240101,15:12:44,15.65,150,127500
20240101,15:12:55,15.6,350,127500
20240101,15:13:06,15.75,100,127500
20240101,15:13:16,15.6,50,127500
20240101,15:13:27,15.4,100,127500
20240101,15:13:38,15.35,150,127500
20240101,15:13:49,15.45,50,127500
20240101,15:13:58,15.45,100,127500
20240101,15:14:08,15.7,100,127500
20240101,15:14:18,15.5,100,127500
20240101,15:14:28,15.5,100,127500
20240101,15:14:39,15.85,150,127500
20240101,15:14:49,15.95,200,127500
20240101,15:15:09,15.8,1050,127500
20240101,15:15:19,15.9,200,127950
20240101,15:15:28,15.7,50,127950
20240101,15:16:08,15.85,100,127950
20240101,15:16:28,15.95,200,127950
20240101,15:16:38,16.1,500,127950
20240101,15:17:07,16.25,50,127950
20240101,15:17:16,16.25,50,127950
20240101,15:17:26,16.2,50,127950
20240101,15:18:05,16.3,300,127950
20240101,15:18:15,16.15,50,127950
20240101,15:19:03,15.7,100,127100
20240101,15:20:11,15.7,100,127100
20240101,15:20:23,15.85,2250,127100
20240101,15:20:35,15.6,150,127100
20240101,15:20:47,15.6,350,127100
20240101,15:20:58,15.35,50,127100
20240101,15:21:09,15.35,50,127100
20240101,15:21:31,15.1,50,127800
20240101,15:21:43,15.1,200,127800
20240101,15:21:55,14.9,50,127800
20240101,15:22:07,14.35,200,127800
20240101,15:22:19,14.25,500,127800
20240101,15:22:30,14.2,50,127800
20240101,15:22:42,14.2,100,127800
20240101,15:22:52,14.2,500,127800
20240101,15:23:03,14.2,350,127800
20240101,15:23:34,14.2,50,127800
20240101,15:23:45,14.2,200,127800
20240101,15:23:56,14.2,50,127800
20240101,15:24:08,14.25,100,127800
20240101,15:24:21,14.25,1250,127900
20240101,15:24:32,14.25,50,127900
20240101,15:24:42,14.2,100,127900
20240101,15:24:52,14.05,50,127900
20240101,15:25:01,14.0,50,127900
20240101,15:25:11,14.0,50,127900
20240101,15:25:33,13.9,50,127900
20240101,15:25:46,13.8,200,127900
20240101,15:25:58,13.6,200,127900
20240101,15:26:08,13.7,1100,127900
20240101,15:26:18,13.7,150,127900
20240101,15:26:28,13.45,400,127900
20240101,15:26:39,13.35,250,127900
20240101,15:27:20,13.3,200,127900
20240101,15:27:31,13.25,200,127450
20240101,15:27:43,13.25,50,127450
20240101,15:27:54,13.3,50,127450
20240101,15:28:06,13.2,400,127450
20240101,15:28:19,13.2,800,127450
20240101,15:28:41,13.15,450,127450
20240101,15:28:51,13.15,50,127450
20240101,15:29:03,13.15,100,127450
20240101,15:29:15,13.2,500,127450
20240101,15:29:27,13.3,100,127450
20240101,15:29:40,13.3,500,127450
20240101,15:29:52,13.4,50,127450
20240101,15:30:02,14.55,50,127450
20240102,09:16:06,14.6,1,127500
20240102,09:16:06,14.6,100,127500
20240102,09:16:17,13.5,100,127500
20240102,09:16:26,13.5,250,127500
20240102,09:17:33,15.25,350,127700
20240102,09:17:43,13.7,100,127700
20240102,09:18:12,13.4,250,127700
20240102,09:18:50,13.4,250,127700
20240102,09:19:01,13.5,50,127700
20240102,09:19:21,13.6,150,127700
20240102,09:19:30,13.65,100,127700
20240102,09:19:40,13.65,50,127700
20240102,09:19:50,13.5,150,127700
20240102,09:20:01,13.6,50,127700
20240102,09:20:21,13.35,50,127700
20240102,09:20:59,13.35,50,128000
20240102,09:21:09,13.3,100,128000
20240102,09:21:19,13.2,50,128000
20240102,09:21:30,13.05,250,128000
20240102,09:21:50,13.0,2300,128000
20240102,09:22:13,12.8,250,128000
20240102,09:22:24,12.65,150,128000
20240102,09:22:55,12.5,50,128000
20240102,09:23:04,12.5,250,128000
20240102,09:23:42,12.75,100,130300
20240102,09:23:51,12.8,300,130300
20240102,09:24:00,12.8,300,130300
20240102,09:24:10,12.75,100,130300
20240102,09:24:19,12.7,100,130300
20240102,09:24:29,12.65,200,130300
20240102,09:24:39,12.65,50,130300
20240102,09:24:49,12.6,400,130300
20240102,09:24:59,12.5,250,130300
20240102,09:25:21,12.15,50,130300
20240102,09:25:31,12.15,150,130300
20240102,09:25:41,11.95,850,130300
20240102,09:26:00,11.95,400,130300
20240102,09:26:10,11.95,450,130300
20240102,09:26:41,11.85,150,130850
20240102,09:26:52,11.8,550,130850
20240102,09:27:02,11.8,950,130850
20240102,09:27:12,11.8,750,130850
20240102,09:27:33,11.75,150,130850
20240102,09:27:43,11.75,650,130850
20240102,09:28:02,11.75,100,130850
20240102,09:28:35,13.05,1200,130850
20240102,09:28:48,13.15,150,130850
20240102,09:29:00,13.0,300,130850
20240102,09:29:11,12.75,950,130850
20240102,09:29:33,12.55,100,130850
20240102,09:29:43,12.5,400,131700
20240102,09:29:53,12.3,200,131700
20240102,09:30:13,12.05,300,131700
20240102,09:30:23,12.15,2850,131700
20240102,09:30:34,12.15,400,131700
20240102,09:30:43,12.3,1050,131700
20240102,09:31:15,12.3,1100,131700
20240102,09:31:34,12.35,50,131700
20240102,09:31:44,12.3,150,131700
20240102,09:32:13,12.4,50,131700
20240102,09:32:23,12.35,50,131700
20240102,09:32:43,12.3,700,133200
20240102,09:32:53,12.25,300,133200
20240102,09:34:00,12.35,700,133200
20240102,09:34:10,12.35,200,133200
20240102,09:35:33,12.25,100,133200
20240102,09:35:41,12.25,50,132500
20240102,09:36:01,12.25,100,132500
20240102,09:36:10,12.2,150,132500
20240102,09:36:29,12.15,50,132500
20240102,09:36:47,12.2,50,132500
20240102,09:38:15,12.25,900,132500
20240102,09:38:34,12.2,50,134500
20240102,09:38:43,12.2,200,134500
20240102,09:38:53,12.1,100,134500
20240102,09:39:02,12.2,1200,134500
20240102,09:40:11,12.4,50,134500
20240102,09:40:21,12.4,100,134500
20240102,09:40:52,12.35,50,134500
20240102,09:41:13,12.65,100,134500
20240102,09:42:02,12.75,3000,133200
20240102,09:42:12,12.6,50,133200
20240102,09:43:09,12.8,150,133200
20240102,09:43:19,12.75,150,133200
20240102,09:43:29,12.75,50,133200
20240102,09:44:17,12.7,100,133200
20240102,09:44:35,12.7,50,132800
20240102,09:44:44,12.7,50,132800
20240102,09:45:02,12.75,50,132800
20240102,09:45:21,12.85,100,132800
20240102,09:45:50,12.65,50,132800
20240102,09:45:59,12.6,100,132800
20240102,09:46:38,12.55,50,132800
20240102,09:46:48,12.55,500,132800
20240102,09:47:06,12.6,700,132800
20240102,09:47:43,12.65,50,132850
20240102,09:47:52,12.6,100,132850
20240102,09:48:01,12.6,150,132850
20240102,09:48:10,12.6,150,132850
20240102,09:48:28,12.65,100,132850
20240102,09:50:09,12.9,50,132850
20240102,09:50:45,12.95,100,132800
20240102,09:50:54,13.0,1300,132800
20240102,09:51:13,12.75,150,132800
20240102,09:52:10,12.9,100,132800
20240102,09:52:37,13.0,1700,132800
20240102,09:52:46,13.0,950,132800
20240102,09:53:41,12.9,50,130400
20240102,09:54:00,12.9,250,130400
20240102,09:54:08,12.9,300,130400
20240102,09:54:17,12.9,100,130400
20240102,09:54:36,12.85,200,130400
20240102,09:54:55,12.85,100,130400
20240102,09:55:06,12.75,100,130400
20240102,09:55:17,12.75,200,130400
20240102,09:55:27,12.8,300,130400
20240102,09:55:37,12.8,150,130400
20240102,09:56:22,12.45,1900,130400
20240102,09:56:35,12.65,650,130400
20240102,09:56:47,12.45,100,133250
20240102,09:56:59,12.5,50,133250
20240102,09:57:11,12.3,1100,133250
20240102,09:57:24,12.35,50,133250
20240102,09:57:37,12.25,100,133250
20240102,09:57:59,11.95,1950,133250
20240102,09:58:11,11.9,700,133250
20240102,09:58:22,11.95,100,133250
20240102,09:58:35,11.85,650,133250
20240102,09:58:46,11.75,200,133250
20240102,09:58:56,11.7,250,133250
20240102,09:59:07,11.6,50,133250
20240102,09:59:19,11.5,1500,133250
20240102,09:59:31,11.4,250,133250
20240102,09:59:43,11.35,200,133250
20240102,09:59:53,11.3,1450,133250
20240102,10:00:04,11.25,800,133250
20240102,10:00:16,11.25,100,133250
20240102,10:00:29,11.25,150,133250
20240102,10:00:42,11.4,1000,133250
20240102,10:01:03,11.2,100,133250
20240102,10:01:13,11.25,100,133250
20240102,10:01:25,11.25,1000,133250
20240102,10:01:36,11.25,50,133250
20240102,10:01:46,11.25,300,133250
20240102,10:02:07,11.35,300,133250
20240102,10:02:18,11.35,650,133250
20240102,10:02:48,11.2,50,133000
20240102,10:02:58,11.2,200,133000
20240102,10:03:21,11.15,400,133000
20240102,10:03:33,11.15,1250,133000
20240102,10:03:45,11.15,1000,133000
20240102,10:03:55,11.15,1450,133000
20240102,10:04:05,11.15,50,133000
20240102,10:04:15,11.1,500,133000
20240102,10:04:35,11.15,50,133000
20240102,10:04:46,11.2,150,133000
20240102,10:05:18,11.2,1050,133000
20240102,10:07:00,11.3,100,133950
20240102,10:07:21,11.35,50,133950
20240102,10:07:43,11.2,50,133950
20240102,10:07:53,11.3,50,133950
20240102,10:08:03,11.4,150,133950
20240102,10:08:13,11.4,200,133950
20240102,10:08:23,11.4,250,133950
20240102,10:08:33,11.4,50,133950
20240102,10:08:43,11.2,700,132500
20240102,10:08:53,11.25,50,132500
20240102,10:09:03,11.25,250,132500
20240102,10:09:13,11.25,300,132500
20240102,10:09:23,11.2,350,132500
20240102,10:09:33,11.2,250,132500
20240102,10:09:42,11.2,200,132500
20240102,10:09:52,11.25,1050,132500
20240102,10:10:02,11.2,250,132500
20240102,10:10:31,11.15,300,132500
20240102,10:10:41,11.25,50,132500
20240102,10:10:51,11.2,50,132500
20240102,10:11:21,11.25,50,132500
20240102,10:11:31,11.2,100,132500
20240102,10:11:40,11.2,350,134250
20240102,10:11:59,11.25,50,134250
20240102,10:12:17,11.15,250,134250
20240102,10:12:27,11.15,1000,134250
20240102,10:12:48,11.1,150,134250
20240102,10:13:09,11.25,50,134250
20240102,10:13:19,11.3,1550,134250
20240102,10:13:49,11.3,200,134250
20240102,10:14:09,11.3,200,134250
20240102,10:14:19,11.35,50,134250
20240102,10:14:50,11.35,200,133400
20240102,10:15:19,11.3,250,133400
20240102,10:15:29,11.35,300,133400
20240102,10:16:57,11.4,50,133400
20240102,10:17:17,11.4,300,133400
20240102,10:18:25,11.5,50,132700
20240102,10:18:34,11.5,50,132700
20240102,10:20:58,11.4,50,132700
20240102,10:21:07,11.4,150,132700
20240102,10:21:17,11.4,150,132700
20240102,10:21:37,11.45,350,132700
20240102,10:22:06,11.35,100,132700
20240102,10:22:26,11.35,50,132700
20240102,10:22:46,11.35,50,132700
20240102,10:22:56,11.4,50,132700
20240102,10:23:16,11.3,50,132700
20240102,10:23:46,11.35,50,132750
20240102,10:24:06,11.4,600,132750
20240102,10:24:17,11.4,150,132750
20240102,10:24:58,11.3,100,132750
20240102,10:25:10,11.2,300,132750
20240102,10:25:21,11.15,50,132750
20240102,10:25:31,11.1,100,132750
20240102,10:25:42,10.95,1800,132750
20240102,10:26:02,10.95,100,132750
20240102,10:26:13,10.95,50,132750
20240102,10:26:25,11.1,1000,132750
20240102,10:26:36,11.0,400,132750
20240102,10:26:59,11.05,100,131250
20240102,10:27:10,10.95,50,131250
20240102,10:27:32,10.95,50,131250
20240102,10:27:52,10.85,450,131250
20240102,10:28:03,10.8,1900,131250
20240102,10:28:23,10.8,50,131250
20240102,10:28:34,10.85,50,131250
20240102,10:29:03,10.8,100,131250
20240102,10:29:23,10.8,50,131250
20240102,10:29:33,10.75,200,131250
20240102,10:29:43,10.65,850,133600
20240102,10:29:54,10.65,150,133600
20240102,10:30:05,10.55,50,133600
20240102,10:30:16,10.4,50,133600
20240102,10:30:39,10.2,50,133600
20240102,10:30:49,10.2,950,133600
20240102,10:30:59,10.15,850,133600
20240102,10:31:09,10.15,100,133600
20240102,10:31:19,10.1,50,133600
20240102,10:31:28,10.0,450,133600
20240102,10:31:39,10.15,500,133600
20240102,10:31:50,10.05,550,133600
20240102,10:32:00,9.95,300,133600
20240102,10:32:21,9.95,100,133600
20240102,10:32:31,10.1,250,133600
20240102,10:32:51,10.1,50,133600
20240102,10:33:10,10.3,100,134250
20240102,10:33:20,10.45,1450,134250
20240102,10:33:30,10.5,1800,134250
20240102,10:33:39,10.5,300,134250
20240102,10:33:50,10.5,150,134250
20240102,10:33:59,10.55,150,134250
20240102,10:34:09,10.5,1050,134250
20240102,10:34:19,10.55,700,134250
20240102,10:34:29,10.5,250,134250
20240102,10:34:38,10.45,100,134250
20240102,10:34:48,10.4,500,134250
20240102,10:34:58,10.35,50,134250
20240102,10:35:18,10.4,250,134250
20240102,10:35:28,10.4,150,134250
20240102,10:35:38,10.4,100,134250
20240102,10:35:48,10.4,50,133700
20240102,10:36:08,10.25,250,133700
20240102,10:36:19,10.15,100,133700
20240102,10:36:31,10.15,100,133700
20240102,10:36:56,10.1,200,133700
20240102,10:37:07,10.1,300,133700
20240102,10:37:19,10.15,500,133700
20240102,10:37:31,10.25,600,133700
20240102,10:37:41,10.25,200,133700
20240102,10:37:52,10.15,100,133700
20240102,10:38:22,10.15,100,133700
20240102,10:39:28,10.0,1600,133450
20240102,10:39:38,10.0,250,133450
20240102,10:39:49,9.95,900,133450
20240102,10:40:11,10.0,500,133450
20240102,10:40:33,10.0,150,133450
20240102,10:40:43,9.95,200,133450
20240102,10:40:54,9.9,50,133450
20240102,10:41:05,9.85,650,133450
20240102,10:41:16,9.9,50,133450
20240102,10:41:26,9.9,450,133450
20240102,10:41:36,9.9,400,133450
20240102,10:41:47,9.9,1000,132950
20240102,10:41:58,9.65,100,132950
20240102,10:42:09,9.65,50,132950
20240102,10:42:29,9.75,300,132950
20240102,10:42:40,9.75,200,132950
20240102,10:42:50,9.8,200,132950
20240102,10:43:01,9.8,250,132950
20240102,10:43:12,9.8,50,132950
20240102,10:43:23,9.75,200,132950
20240102,10:43:33,9.8,400,132950
20240102,10:43:44,9.9,1000,132950
20240102,10:44:04,10.35,1800,132950
20240102,10:44:15,10.3,750,132950
20240102,10:44:25,10.35,1650,132950
20240102,10:44:35,10.35,1300,132950
20240102,10:44:56,10.3,850,132200
20240102,10:45:17,10.25,100,132200
20240102,10:45:37,10.3,50,132200
20240102,10:45:47,10.4,50,132200
20240102,10:45:57,10.5,400,132200
20240102,10:46:17,10.5,50,132200
20240102,10:46:46,10.5,150,132200
20240102,10:46:56,10.5,300,132200
20240102,10:47:07,10.5,250,132200
20240102,10:47:17,10.45,50,132200
20240102,10:47:38,10.45,50,132200
20240102,10:48:29,10.4,100,132000
20240102,10:48:38,10.4,150,132000
20240102,10:49:08,10.45,50,132000
20240102,10:49:19,10.4,600,132000
20240102,10:49:30,10.4,50,132000
20240102,10:50:11,10.5,50,132000
20240102,10:50:32,10.35,400,132000
20240102,10:50:43,10.4,50,132000
20240102,10:51:03,10.45,1100,131700
20240102,10:51:22,10.5,50,131700
20240102,10:51:32,10.55,150,131700
20240102,10:51:42,10.5,750,131700
20240102,10:52:11,10.5,300,131700
20240102,10:52:41,10.55,100,131700
20240102,10:52:50,10.5,100,131700
20240102,10:53:10,10.55,50,131700
20240102,10:53:19,10.6,150,131700
20240102,10:54:17,10.75,50,132600
20240102,10:54:45,10.7,100,132600
20240102,10:55:13,10.7,200,132600
20240102,10:55:22,10.6,100,132600
20240102,10:55:51,10.6,150,132600
20240102,10:56:00,10.6,350,132600
20240102,10:56:09,10.5,50,132600
20240102,10:56:47,10.2,150,132450
20240102,10:57:07,10.2,750,132450
20240102,10:58:16,10.3,50,132450
20240102,10:58:34,10.25,50,132450
20240102,10:59:02,10.35,200,132450
20240102,10:59:22,10.3,650,132450
20240102,10:59:52,10.4,300,133100
20240102,11:00:11,10.4,350,133100
20240102,11:00:21,10.4,50,133100
20240102,11:00:31,10.4,450,133100
