date,time,tick_price,volume,open_interest
20231219,09:34:47,1300.05,50,50
20231219,09:39:11,1325.05,50,50
20231219,10:25:36,1339.95,350,100
20231219,13:04:44,1339.95,50,450
20231219,13:04:53,1240.0,50,450
20231219,13:07:26,1246.0,50,550
20231219,13:07:43,1242.0,100,550
20231219,13:18:05,1254.0,50,700
20231219,14:53:22,1236.0,100,750
20231219,14:53:31,1236.0,100,750
20231220,09:22:03,1150.0,1,950
20231220,09:22:03,1150.0,100,950
20231220,09:55:57,1150.0,50,1050
20231220,10:16:16,1150.0,50,1100
20231220,10:18:58,1122.75,50,1150
20231220,11:18:12,1122.75,100,1200
20231220,11:19:16,1142.0,50,1200
20231220,11:46:16,1147.7,50,1200
20231220,12:54:37,1175.0,50,1400
20231220,12:57:29,1175.0,300,1400
20231220,12:58:10,1164.6,150,1450
20231220,12:59:58,1170.95,100,1450
20231220,13:10:04,1205.95,50,2000
20231221,14:23:54,1443.0,1,2050
20231221,14:23:54,1443.0,50,2050
20231222,09:15:20,1369.4,1,2100
20231222,09:15:20,1369.4,100,2100
20231222,11:14:43,1310.0,50,2200
20231222,11:15:48,1310.0,50,2200
20231222,11:28:24,1283.8,50,2250
20231222,13:28:58,1283.8,50,2300
20231222,14:31:35,1351.65,100,2350
20231222,14:32:28,1363.7,150,2350
20231222,14:38:32,1357.15,250,2600
20231222,14:39:07,1315.8,100,2600
20231222,14:50:54,1298.9,200,2500
20231222,14:51:17,1313.35,150,2500
20231222,15:06:15,1334.05,50,2850
20231222,15:24:55,1365.4,100,2900
20231226,09:31:43,1365.4,1,2900
20231226,09:31:43,1365.4,50,2900
20231226,09:32:18,1365.4,100,2900
20231226,09:34:23,1350.0,100,3050
20231226,09:40:29,1350.0,200,3150
20231226,09:40:46,1350.0,100,3150
20231226,09:43:35,1340.0,50,3450
20231226,09:44:40,1340.0,50,3450
20231226,09:45:42,1345.0,50,3550
20231226,09:52:58,1327.7,50,3600
20231226,10:14:13,1278.8,50,3650
20231226,10:21:57,1278.8,50,3700
20231226,10:32:15,1278.95,50,3750
20231226,10:37:02,1260.0,50,3800
20231226,10:47:27,1225.0,50,3850
20231226,11:11:52,1225.0,50,3900
20231226,11:13:34,1244.15,50,3950
20231226,11:19:00,1244.25,50,4000
20231226,11:20:40,1244.25,50,4000
20231226,11:24:22,1245.25,50,4100
20231226,11:26:04,1255.8,50,4100
20231226,11:28:14,1260.0,100,4200
20231226,11:32:21,1259.2,50,4300
20231226,11:34:12,1257.8,50,4350
20231226,11:36:53,1260.0,100,4400
20231226,11:43:22,1275.0,50,4500
20231226,11:43:48,1270.0,50,4500
20231226,11:49:03,1260.0,100,4600
20231226,11:49:11,1269.05,100,4600
20231226,11:49:27,1260.1,50,4600
20231226,11:50:08,1269.9,100,4600
20231226,11:50:50,1265.0,50,4600
20231226,12:02:27,1251.0,250,5000
20231226,12:03:38,1245.0,50,5250
20231226,12:04:30,1251.0,250,5250
20231226,12:07:19,1251.0,250,5550
20231226,12:08:42,1251.0,500,5550
20231226,12:08:59,1255.0,250,5550
20231226,12:14:11,1250.0,250,6550
20231226,12:14:20,1251.0,250,6550
20231226,12:17:26,1251.0,500,7050
20231226,12:18:44,1255.0,250,7550
20231226,12:21:04,1250.0,50,7550
20231226,12:26:56,1241.0,250,7850
20231226,12:27:39,1225.0,50,8100
20231226,12:36:58,1261.0,200,8150
20231226,12:37:33,1261.0,300,8150
20231226,12:45:28,1271.0,1100,8650
20231226,12:46:36,1281.0,500,8650
20231226,12:47:00,1282.85,50,8650
20231226,12:53:44,1280.0,500,10300
20231226,12:54:44,1281.0,200,10800
20231226,12:54:53,1281.0,300,10800
20231226,13:15:12,1265.85,50,11300
20231226,13:16:13,1266.1,50,11300
20231226,13:17:13,1275.0,50,11300
20231226,13:20:53,1263.85,100,11350
20231226,13:21:43,1271.0,700,11450
20231226,13:35:33,1275.0,500,12050
20231226,13:36:26,1275.0,500,12550
20231226,13:40:41,1246.25,200,13050
20231226,13:40:59,1261.85,100,13050
20231226,14:01:51,1269.95,750,13250
20231226,14:07:10,1271.0,500,13900
20231226,14:07:52,1270.0,50,13900
20231226,14:11:30,1275.0,250,14450
20231226,14:13:47,1291.0,50,14700
20231226,14:14:40,1291.0,50,14700
20231226,14:17:36,1273.0,50,14800
20231226,14:21:51,1242.0,50,14850
20231226,14:22:37,1245.0,50,14850
20231226,14:25:27,1251.0,50,14950
20231226,14:27:07,1251.0,50,14950
20231226,14:31:47,1261.0,50,15050
20231226,14:34:43,1260.0,50,15100
20231226,14:42:28,1270.0,50,15150
20231226,14:47:12,1273.0,150,15200
20231226,14:50:10,1271.0,100,15350
20231226,14:58:35,1280.0,100,15450
20231226,14:58:53,1282.0,100,15450
20231226,14:59:20,1284.0,200,15450
20231226,15:01:14,1265.0,50,15850
20231226,15:05:41,1275.05,50,15900
20231226,15:11:02,1285.0,200,15950
20231226,15:12:15,1276.9,50,15950
20231226,15:12:42,1276.95,100,16050
20231226,15:13:17,1285.0,250,16050
20231226,15:19:01,1265.1,50,16400
20231226,15:28:06,1238.8,100,16450
20231226,15:29:43,1242.5,100,16450
20231227,09:19:21,1192.55,1,16550
20231227,09:19:21,1192.55,50,16550
20231227,09:20:25,1199.05,150,16550
20231227,09:21:08,1243.15,100,16750
20231227,09:30:03,1200.0,50,16650
20231227,09:30:43,1182.25,50,16650
20231227,09:32:44,1182.25,50,16650
20231227,09:32:53,1200.0,1000,16800
20231227,09:35:23,1210.0,1000,16800
20231227,09:47:10,1165.0,200,18800
20231227,09:47:19,1165.0,100,18800
20231227,09:47:46,1170.0,200,18800
20231227,09:47:55,1174.0,500,19300
20231227,09:48:04,1173.8,50,19300
20231227,09:48:13,1160.0,300,19300
20231227,09:49:21,1169.85,350,19300
20231227,09:49:31,1169.85,150,19300
20231227,09:49:40,1170.8,650,19300
20231227,09:50:17,1174.0,1200,19300
20231227,09:51:29,1174.0,450,20750
20231227,09:51:38,1172.0,100,20750
20231227,09:52:22,1170.0,350,20750
20231227,09:52:31,1171.95,150,20750
20231227,09:52:39,1172.0,100,20750
20231227,09:52:48,1171.0,50,20750
20231227,09:52:56,1171.15,50,20750
20231227,09:55:17,1164.0,350,21550
20231227,09:56:08,1168.0,500,21550
20231227,09:56:17,1160.8,50,21550
20231227,09:56:25,1170.8,50,21550
20231227,09:57:10,1174.85,50,22450
20231227,09:58:47,1176.4,50,22450
20231227,09:58:56,1175.55,250,22450
20231227,09:59:23,1174.0,750,22450
20231227,10:00:07,1174.0,450,23000
20231227,10:00:16,1164.35,1000,23000
20231227,10:01:00,1178.7,100,23000
20231227,10:01:19,1178.95,150,23000
20231227,10:01:28,1178.95,250,23000
20231227,10:01:37,1177.0,700,23000
20231227,10:01:45,1177.0,100,23000
20231227,10:01:54,1177.0,300,23000
20231227,10:02:21,1178.45,50,23000
20231227,10:02:38,1179.6,100,23000
20231227,10:03:22,1179.1,100,25450
20231227,10:03:56,1179.0,250,25450
20231227,10:06:32,1179.0,200,25700
20231227,10:06:41,1178.95,50,25700
20231227,10:09:26,1172.0,1000,25800
20231227,10:10:21,1185.3,50,25800
20231227,10:10:31,1184.6,450,25800
20231227,10:11:35,1171.9,150,25800
20231227,10:11:44,1175.0,500,25800
20231227,10:11:53,1175.0,50,25800
20231227,10:12:03,1175.0,200,27900
20231227,10:12:12,1173.0,150,27900
20231227,10:13:12,1175.55,400,27900
20231227,10:13:21,1175.4,900,27900
20231227,10:13:30,1175.9,50,27900
20231227,10:13:38,1176.7,250,27900
20231227,10:14:04,1177.9,50,27900
20231227,10:14:30,1176.6,50,27900
20231227,10:14:38,1176.05,200,27900
20231227,10:14:47,1176.15,50,27900
20231227,10:15:13,1173.55,50,30000
20231227,10:15:48,1177.0,50,30000
20231227,10:16:05,1177.0,1000,30000
20231227,10:16:13,1177.0,100,30000
20231227,10:16:22,1174.15,200,30000
20231227,10:16:30,1174.25,150,30000
20231227,10:16:56,1175.5,50,30000
20231227,10:17:13,1177.0,1150,30000
20231227,10:17:21,1174.65,350,30000
20231227,10:17:29,1174.6,50,30000
20231227,10:19:19,1180.0,350,32700
20231227,10:19:27,1180.0,350,32700
20231227,10:19:35,1178.65,700,32700
20231227,10:19:52,1178.55,300,32700
20231227,10:20:09,1177.7,200,32700
20231227,10:20:26,1177.55,300,32700
20231227,10:21:34,1171.35,50,34700
20231227,10:21:43,1176.05,150,34700
20231227,10:21:51,1174.0,200,34700
20231227,10:22:00,1171.1,950,34700
20231227,10:22:33,1171.05,100,34700
20231227,10:22:42,1169.8,300,34700
20231227,10:22:50,1169.75,50,34700
20231227,10:24:29,1171.3,250,36350
20231227,10:24:37,1171.3,350,36350
20231227,10:24:45,1174.0,450,36350
20231227,10:24:54,1170.2,750,36350
20231227,10:25:01,1169.5,150,36350
20231227,10:25:10,1168.55,50,36350
20231227,10:25:27,1172.0,200,36350
20231227,10:25:36,1173.0,50,36350
20231227,10:26:09,1168.75,50,36350
20231227,10:26:38,1168.9,50,36350
20231227,10:26:39,1168.95,100,36350
20231227,10:26:41,1168.95,50,36350
20231227,10:26:43,1172.95,50,36350
20231227,10:26:44,1172.95,50,36350
20231227,10:26:48,1169.0,150,36350
20231227,10:26:50,1168.95,50,36350
20231227,10:26:59,1168.9,100,38700
20231227,10:27:11,1160.0,100,38700
20231227,10:27:19,1156.85,300,38700
20231227,10:27:28,1156.85,100,38700
20231227,10:27:38,1163.8,250,38700
20231227,10:27:48,1159.6,50,38700
20231227,10:28:05,1157.7,250,38700
20231227,10:28:15,1160.0,100,38700
20231227,10:28:24,1160.0,100,38700
20231227,10:28:33,1160.0,50,38700
20231227,10:37:24,1164.0,150,40050
20231227,10:37:40,1163.0,350,40050
20231227,10:44:23,1177.0,50,40450
20231227,10:44:24,1177.0,200,40450
20231227,10:44:56,1175.0,550,40700
20231227,10:46:07,1174.0,50,40700
20231227,10:46:08,1174.0,50,40700
20231227,10:46:09,1174.0,50,40700
20231227,10:46:10,1174.0,50,40700
20231227,10:46:12,1174.0,50,40700
20231227,10:46:14,1174.0,50,40700
20231227,10:46:16,1174.0,100,40700
20231227,10:46:17,1174.0,300,40700
20231227,10:46:18,1174.0,250,40700
20231227,10:46:20,1174.0,50,40700
20231227,10:47:01,1179.3,100,40700
20231227,10:47:03,1179.0,500,40700
20231227,10:47:04,1179.0,500,40700
20231227,10:48:54,1166.0,50,43300
20231227,10:49:12,1166.0,1000,43300
20231227,10:50:37,1164.95,250,43300
20231227,10:50:45,1164.95,50,43300
20231227,10:51:01,1164.0,250,44450
20231227,10:51:17,1164.0,150,44450
20231227,10:51:26,1166.3,550,44450
20231227,10:52:15,1168.0,500,44450
20231227,10:52:23,1168.0,100,44450
20231227,10:52:31,1165.5,500,44450
20231227,10:53:43,1170.0,1000,44450
20231227,10:54:51,1172.0,50,47400
20231227,10:57:37,1165.65,150,47450
20231227,10:58:01,1162.85,50,47450
20231227,10:58:08,1167.9,350,47450
20231227,10:58:16,1168.0,1150,47450
20231227,10:59:08,1167.0,500,47450
20231227,11:01:33,1172.0,400,49200
20231227,11:01:42,1172.0,100,49200
20231227,11:01:50,1172.0,300,49200
20231227,11:01:59,1172.0,200,49200
20231227,11:03:19,1169.6,50,50200
20231227,11:04:06,1166.35,50,50200
20231227,11:05:25,1175.0,500,50200
20231227,11:10:03,1173.0,650,50700
20231227,11:10:11,1173.0,250,50700
20231227,11:10:19,1173.0,200,50700
20231227,11:10:41,1174.0,150,50700
20231227,11:10:49,1174.0,350,50700
20231227,11:10:56,1174.0,50,50700
20231227,11:11:03,1170.0,1000,50700
20231227,11:11:28,1165.0,150,50700
20231227,11:11:37,1165.0,350,50700
20231227,11:16:17,1164.0,350,53800
20231227,11:19:12,1158.1,50,54150
20231227,11:20:56,1166.0,150,54150
20231227,11:21:04,1166.0,350,54150
20231227,11:21:20,1166.0,250,54650
20231227,11:21:28,1165.95,150,54650
20231227,11:21:53,1166.0,300,54650
20231227,11:22:10,1169.0,300,54650
20231227,11:22:18,1169.0,700,54650
20231227,11:23:28,1170.0,250,54650
20231227,11:23:36,1170.0,750,54650
20231227,11:27:24,1168.3,100,57200
20231227,11:28:25,1170.0,300,57200
20231227,11:30:29,1165.0,700,57600
20231227,11:31:32,1167.0,150,57600
20231227,11:31:41,1167.0,50,57600
20231227,11:33:45,1159.45,50,58500
20231227,11:35:14,1163.0,50,58500
20231227,11:35:22,1160.0,50,58500
20231227,11:36:58,1162.0,100,58600
20231227,11:39:35,1156.95,50,58700
20231227,11:39:43,1157.0,50,58700
20231227,11:42:39,1155.0,800,58800
20231227,11:42:46,1155.0,50,58800
20231227,11:43:17,1158.0,1000,58800
20231227,11:43:25,1159.2,50,58800
20231227,11:44:13,1158.0,50,58800
20231227,11:44:21,1161.2,200,58800
20231227,11:44:52,1163.0,50,58800
20231227,11:45:09,1165.0,50,61000
20231227,11:45:49,1165.0,150,61000
20231227,11:47:09,1160.25,50,61000
20231227,11:47:17,1164.3,250,61000
20231227,11:47:40,1162.0,50,61000
20231227,11:48:20,1165.0,100,61500
20231227,11:49:46,1165.0,50,61500
20231227,11:58:37,1160.0,1000,61600
20231227,11:58:45,1157.7,150,61600
20231227,11:59:09,1159.0,500,61600
20231227,12:00:18,1155.0,50,63250
20231227,12:00:54,1152.25,50,63250
20231227,12:01:04,1150.8,100,63250
20231227,12:01:23,1154.0,100,63250
20231227,12:02:22,1155.0,600,63250
20231227,12:02:39,1156.0,450,63250
20231227,12:04:37,1151.0,50,64600
20231227,12:10:45,1140.0,400,64650
20231227,12:12:24,1140.0,200,65050
20231227,12:14:13,1145.0,500,65050
20231227,12:16:47,1155.0,50,65750
20231227,12:16:56,1156.0,50,65750
20231227,12:17:05,1158.0,100,65750
20231227,12:17:15,1159.3,100,65750
20231227,12:17:24,1160.45,200,65750
20231227,12:17:33,1165.0,50,65750
20231227,12:17:52,1168.0,300,65750
20231227,12:18:01,1168.0,50,65750
20231227,12:19:10,1160.0,100,66550
20231227,12:21:00,1168.9,550,66550
20231227,12:21:33,1168.0,50,67150
20231227,12:22:08,1167.0,1000,67150
20231227,12:23:00,1170.0,1000,67150
20231227,12:23:10,1175.0,50,67150
20231227,12:23:20,1178.0,1300,67150
20231227,12:23:29,1180.0,300,67150
20231227,12:24:11,1196.0,1000,67150
20231227,12:25:06,1192.0,50,71800
20231227,12:26:03,1187.4,50,71800
20231227,12:27:06,1186.1,850,71800
20231227,12:31:21,1207.0,1000,71800
20231227,12:31:40,1207.0,100,71800
20231227,12:32:44,1203.95,50,71800
20231227,12:39:46,1184.0,50,72900
20231227,12:40:03,1184.0,950,72900
20231227,12:41:52,1185.0,1000,72900
20231227,12:43:47,1179.45,1050,74850
20231227,12:48:22,1180.05,150,75850
20231227,12:49:36,1172.1,50,75850
20231227,12:50:11,1168.2,200,75850
20231227,12:51:37,1167.0,200,76150
20231227,12:55:45,1165.0,50,76350
20231227,12:57:00,1164.35,500,76350
20231227,12:58:05,1168.0,500,76850
20231227,12:59:35,1161.35,500,76850
20231227,13:00:33,1165.1,500,77850
20231227,13:00:50,1173.0,1200,77850
20231227,13:00:59,1182.25,550,77850
20231227,13:01:25,1176.1,100,77850
20231227,13:02:11,1185.0,1000,77850
20231227,13:03:12,1187.0,1000,77850
20231227,13:05:23,1190.0,500,81950
20231227,13:05:40,1185.45,500,81950
20231227,13:07:00,1191.8,700,82950
20231227,13:07:09,1195.0,50,82950
20231227,13:07:45,1200.0,50,82950
20231227,13:08:37,1191.95,100,82950
20231227,13:09:11,1193.7,50,82950
20231227,13:11:59,1182.0,100,83850
20231227,13:13:02,1181.0,100,83950
20231227,13:14:01,1182.1,150,83950
20231227,13:14:18,1184.5,50,83950
20231227,13:15:32,1187.3,100,84200
20231227,13:20:19,1195.0,1000,84300
20231227,13:22:09,1182.45,250,85300
20231227,13:22:44,1181.05,250,85300
20231227,13:23:09,1179.95,250,85300
20231227,13:23:26,1181.25,250,85300
20231227,13:23:42,1181.55,150,85300
20231227,13:23:50,1185.0,1000,85300
20231227,13:23:58,1183.1,50,85300
20231227,13:24:29,1184.0,50,87500
20231227,13:25:12,1179.05,50,87500
20231227,13:27:53,1180.0,1000,87600
20231227,13:29:58,1188.0,1000,87600
20231227,13:30:47,1190.0,1000,89600
20231227,13:32:35,1179.85,50,89600
20231227,13:32:50,1180.95,50,89600
20231227,13:33:30,1187.6,50,90700
20231227,13:35:39,1193.45,200,90700
20231227,13:36:21,1195.75,50,90700
20231227,13:37:37,1209.0,500,91000
20231227,13:38:41,1206.0,1000,91000
20231227,13:40:53,1191.0,300,92500
20231227,13:41:02,1192.4,50,92500
20231227,13:42:03,1193.6,150,92500
20231227,13:46:02,1188.95,50,93000
20231227,13:46:27,1188.0,1000,93000
20231227,13:50:15,1173.95,50,94000
20231227,13:51:15,1170.0,100,94000
20231227,13:51:33,1170.0,250,94050
20231227,13:52:15,1172.0,100,94050
20231227,13:55:55,1182.05,50,94150
20231227,13:59:10,1164.0,50,94150
20231227,14:03:52,1159.0,450,94200
20231227,14:04:01,1160.0,350,94200
20231227,14:04:50,1156.9,500,94200
20231227,14:04:59,1156.9,500,94200
20231227,14:05:23,1157.75,100,94200
20231227,14:09:51,1165.0,100,95700
20231227,14:10:57,1162.0,550,95700
20231227,14:11:05,1162.0,450,95700
20231227,14:11:12,1160.4,50,95700
20231227,14:11:21,1163.0,50,95700
20231227,14:12:34,1164.0,1450,96900
20231227,14:12:50,1164.0,100,96900
20231227,14:12:57,1164.0,400,96900
20231227,14:13:22,1166.0,500,96900
20231227,14:14:33,1165.0,500,96900
20231227,14:15:42,1166.0,1100,99750
20231227,14:15:51,1170.0,650,99750
20231227,14:16:09,1170.0,50,99750
20231227,14:17:42,1165.0,1050,99750
20231227,14:18:16,1162.85,50,99750
20231227,14:18:51,1160.0,100,102450
20231227,14:19:48,1158.0,250,102450
20231227,14:20:05,1157.25,50,102450
20231227,14:20:28,1161.8,150,102450
20231227,14:22:52,1164.95,50,102800
20231227,14:23:23,1166.0,1000,102800
20231227,14:25:22,1163.0,450,103850
20231227,14:26:35,1164.7,50,103850
20231227,14:26:43,1165.0,500,103850
20231227,14:27:07,1164.0,500,103850
20231227,14:27:31,1161.6,50,103850
20231227,14:27:39,1162.0,500,105350
20231227,14:27:54,1167.0,1550,105350
20231227,14:28:25,1161.25,50,105350
20231227,14:28:42,1162.0,500,105350
20231227,14:28:58,1160.45,50,105350
20231227,14:30:09,1160.35,200,105350
20231227,14:31:30,1162.0,50,107900
20231227,14:32:26,1166.0,50,107900
20231227,14:34:30,1164.55,1050,108000
20231227,14:35:40,1160.0,50,108000
20231227,14:36:18,1158.0,1000,108000
20231227,14:36:27,1153.3,50,108000
20231227,14:40:55,1131.45,50,110050
20231227,14:42:23,1131.45,50,110050
20231227,14:43:36,1130.25,50,110150
20231227,14:43:44,1129.5,50,110150
20231227,14:45:16,1129.5,150,110150
20231227,14:45:42,1134.5,350,110400
20231227,14:48:46,1125.0,50,110400
20231227,14:49:03,1125.0,100,110400
20231227,14:51:04,1125.6,50,110400
20231227,14:51:21,1127.85,100,110400
20231227,14:52:40,1138.0,100,110700
20231227,14:52:48,1137.95,50,110700
20231227,14:53:30,1129.0,500,110700
20231227,14:53:39,1130.0,550,110700
20231227,14:54:20,1130.0,350,110700
20231227,14:55:27,1126.0,1150,112200
20231227,14:55:45,1128.0,500,112200
20231227,14:56:10,1128.8,100,112200
20231227,14:57:43,1134.0,1150,113800
20231227,14:57:51,1134.0,350,113800
20231227,14:58:33,1135.0,100,113800
20231227,14:58:42,1135.0,150,113800
20231227,14:58:51,1135.0,250,113800
20231227,14:59:51,1129.85,150,113800
20231227,15:00:09,1132.0,600,113800
20231227,15:00:47,1110.0,250,116400
20231227,15:01:10,1110.0,500,116400
20231227,15:01:41,1095.25,200,116400
20231227,15:02:03,1090.0,100,116400
20231227,15:02:45,1085.0,650,116400
20231227,15:02:55,1086.0,50,116400
20231227,15:03:05,1078.1,250,116400
20231227,15:03:27,1077.0,500,116400
20231227,15:03:47,1077.4,150,118350
20231227,15:03:57,1076.0,1050,118350
20231227,15:04:07,1078.3,150,118350
20231227,15:04:16,1080.0,300,118350
20231227,15:04:36,1075.0,500,118350
20231227,15:04:56,1075.0,50,118350
20231227,15:05:15,1078.0,550,118350
20231227,15:05:34,1077.95,350,118350
20231227,15:05:43,1078.6,300,118350
20231227,15:05:53,1075.0,50,118350
20231227,15:06:03,1075.0,950,118350
20231227,15:06:43,1071.0,950,121450
20231227,15:06:54,1064.45,100,121450
20231227,15:07:04,1058.75,1150,121450
20231227,15:07:15,1057.3,200,121450
20231227,15:07:26,1056.85,250,121450
20231227,15:07:36,1056.85,600,121450
20231227,15:07:45,1058.0,600,121450
20231227,15:08:06,1058.0,500,121450
20231227,15:08:16,1051.0,1000,121450
20231227,15:08:46,1051.0,1300,121450
20231227,15:09:15,1062.0,1000,121450
20231227,15:09:25,1059.7,50,121450
20231227,15:09:43,1063.65,200,126300
20231227,15:09:52,1063.0,500,126300
20231227,15:10:01,1062.65,50,126300
20231227,15:10:10,1062.5,100,126300
20231227,15:10:19,1062.0,450,126300
20231227,15:10:28,1058.7,50,126300
20231227,15:10:37,1060.95,100,126300
20231227,15:10:46,1061.0,150,126300
20231227,15:11:16,1061.0,100,126300
20231227,15:11:22,1062.0,150,126300
20231227,15:11:37,1063.4,50,126300
20231227,15:11:39,1063.5,200,126300
20231227,15:11:43,1062.1,50,126300
20231227,15:12:01,1060.0,100,126300
20231227,15:12:06,1060.0,50,126300
20231227,15:12:09,1058.85,50,126300
20231227,15:12:34,1052.9,750,127550
20231227,15:12:44,1052.45,100,127550
20231227,15:13:14,1051.0,250,127550
20231227,15:14:37,1062.95,100,127550
20231227,15:14:46,1063.0,50,127550
20231227,15:15:49,1069.65,100,127650
20231227,15:18:04,1074.0,50,127650
20231227,15:18:14,1071.35,100,127650
20231227,15:20:07,1070.0,50,127700
20231227,15:21:18,1071.4,50,127700
20231227,15:21:59,1070.3,100,127750
20231227,15:22:33,1072.3,50,127750
20231227,15:22:34,1072.65,300,127750
20231227,15:22:35,1072.5,600,127750
20231227,15:22:55,1075.1,100,127750
20231227,15:22:55,1075.1,200,127750
20231227,15:23:04,1077.3,150,127750
20231227,15:23:22,1080.0,50,127750
20231227,15:23:24,1079.35,200,127750
20231227,15:23:25,1079.15,250,127750
20231227,15:23:26,1079.65,50,127750
20231227,15:23:29,1079.7,50,127750
20231227,15:23:30,1081.1,700,127750
20231227,15:23:47,1077.65,100,127750
20231227,15:23:49,1083.4,50,127750
20231227,15:23:55,1081.3,50,127750
20231227,15:24:10,1079.95,50,127750
20231227,15:26:12,1072.65,50,127950
20231227,15:27:04,1070.35,50,127950
20231227,15:27:27,1067.1,50,127950
20231227,15:27:28,1067.1,50,127950
20231227,15:27:31,1066.6,50,127950
20231227,15:27:32,1067.6,50,127950
20231227,15:27:46,1067.7,50,128000
20231227,15:28:05,1068.3,50,128000
20231227,15:28:39,1070.1,50,128000
20231227,15:29:30,1070.6,100,128000
20231228,09:27:50,1036.35,1,127900
20231228,09:27:50,1036.35,50,127900
20231228,09:28:00,1016.45,150,127900
20231228,09:28:11,1014.7,200,127900
20231228,09:28:22,1017.55,500,127900
20231228,09:29:17,1022.4,100,127900
20231228,09:29:54,1023.6,50,127900
20231228,09:30:12,1020.95,200,127850
20231228,09:30:22,1017.1,100,127850
20231228,09:30:32,1019.8,250,127850
20231228,09:30:41,1020.95,100,127850
20231228,09:30:51,1020.95,50,127850
20231228,09:31:18,1019.8,150,127850
20231228,09:31:45,1020.95,100,127850
20231228,09:32:03,1020.6,200,127850
20231228,09:32:12,1020.95,200,127850
20231228,09:32:21,1020.95,200,127850
20231228,09:32:58,1017.65,50,127850
20231228,09:33:16,1017.6,50,127850
20231228,09:33:24,1011.4,50,127850
20231228,09:33:51,1011.4,50,127850
20231228,09:34:08,1023.4,200,127850
20231228,09:34:37,1027.65,100,127850
20231228,09:34:48,1031.45,450,127850
20231228,09:35:07,1021.9,150,127850
20231228,09:35:16,1022.0,50,127850
20231228,09:35:45,1025.85,50,127850
20231228,09:36:04,1027.75,50,127900
20231228,09:36:13,1031.85,100,127900
20231228,09:37:26,1025.85,50,127900
20231228,09:37:44,1032.15,50,127900
20231228,09:37:53,1024.4,50,127900
20231228,09:38:03,1031.95,150,127900
20231228,09:38:21,1030.1,150,127900
20231228,09:38:57,1031.6,200,127900
20231228,09:39:14,1032.65,50,128000
20231228,09:39:24,1021.75,200,128000
20231228,09:40:01,1028.45,50,128000
20231228,09:40:10,1021.0,50,128000
20231228,09:40:28,1029.05,400,128000
20231228,09:40:37,1031.05,250,128000
20231228,09:40:46,1027.35,150,128000
20231228,09:40:55,1026.45,400,128000
20231228,09:41:04,1030.25,250,128000
20231228,09:41:13,1030.35,100,128000
20231228,09:41:25,1033.65,50,128000
20231228,09:41:33,1027.0,100,128000
20231228,09:41:38,1033.9,100,128000
20231228,09:41:55,1026.25,300,128000
20231228,09:42:01,1031.9,150,127950
20231228,09:42:04,1033.2,1100,127950
20231228,09:42:06,1025.2,150,127950
20231228,09:42:09,1024.25,100,127950
20231228,09:42:18,1031.7,50,127950
20231228,09:42:22,1024.8,100,127950
20231228,09:42:24,1024.05,200,127950
20231228,09:42:30,1028.85,50,127950
20231228,09:42:31,1028.85,100,127950
20231228,09:42:46,1019.9,100,127950
20231228,09:42:47,1018.85,100,127950
20231228,09:42:48,1017.0,200,127950
20231228,09:43:06,1018.2,50,127950
20231228,09:43:10,1018.2,50,127950
20231228,09:43:11,1018.2,50,127950
20231228,09:43:19,1021.0,50,127950
20231228,09:44:11,1011.7,100,127950
20231228,09:44:14,1019.0,100,127950
20231228,09:44:52,1015.9,100,127950
20231228,09:44:53,1014.0,200,127950
20231228,09:44:59,1019.35,50,127950
20231228,09:45:00,1019.35,100,127950
20231228,09:45:02,1012.3,150,127950
20231228,09:45:03,1012.1,100,127950
20231228,09:45:07,1019.65,50,127950
20231228,09:45:32,1018.9,50,127950
20231228,09:45:47,1012.55,100,127950
20231228,09:46:12,1019.65,150,127950
20231228,09:46:29,1014.5,100,127950
20231228,09:46:37,1020.0,100,127950
20231228,09:46:47,1022.45,200,127950
20231228,09:46:56,1016.95,200,127950
20231228,09:47:05,1023.2,250,127950
20231228,09:47:25,1014.95,100,127950
20231228,09:47:37,1012.3,100,127950
20231228,09:47:40,1018.25,50,127950
20231228,09:47:42,1007.7,400,127950
20231228,09:47:43,1004.85,350,127950
20231228,09:47:45,1004.8,50,127950
20231228,09:47:48,1003.7,350,127950
20231228,09:47:49,1000.55,350,127950
20231228,09:47:50,1000.55,50,127950
20231228,09:47:51,1008.05,50,127950
20231228,09:47:55,1009.5,50,127950
20231228,09:47:56,1009.5,100,127950
20231228,09:48:08,1007.4,50,127950
20231228,09:48:37,1005.0,50,128000
20231228,09:48:42,1009.85,50,128000
20231228,09:48:43,1010.4,250,128000
20231228,09:48:44,1010.25,50,128000
20231228,09:48:50,1010.25,50,128000
20231228,09:48:52,1010.85,100,128000
20231228,09:48:53,1010.85,50,128000
20231228,09:49:01,1012.0,100,128000
20231228,09:49:16,1010.3,50,128000
20231228,09:49:17,1010.3,50,128000
20231228,09:49:19,1010.1,50,128000
20231228,09:49:20,1010.1,100,128000
20231228,09:49:21,1009.9,200,128000
20231228,09:49:22,1009.85,100,128000
20231228,09:49:23,1009.8,50,128000
20231228,09:49:24,1010.0,50,128000
20231228,09:50:39,1002.95,250,128000
20231228,09:50:53,1005.7,150,128000
20231228,09:51:01,1004.5,50,128000
20231228,09:51:03,1003.4,50,128050
20231228,09:51:10,1002.0,50,128050
20231228,09:51:25,1005.15,150,128050
20231228,09:51:41,1004.7,50,128050
20231228,09:51:51,1007.75,100,128050
20231228,09:51:53,1008.0,50,128050
20231228,09:51:59,1007.4,50,128050
20231228,09:52:20,1009.7,50,128050
20231228,09:52:29,1009.9,50,128050
20231228,09:52:39,1008.65,50,128050
20231228,09:52:48,1004.75,250,128050
20231228,09:52:57,1009.65,250,128050
20231228,09:53:14,1009.35,300,128050
20231228,09:53:16,1006.6,50,128050
20231228,09:53:43,1005.9,50,128050
20231228,09:53:48,1004.0,50,128050
20231228,09:53:49,1010.65,50,128050
20231228,09:54:05,1014.9,100,128050
20231228,09:54:06,1014.95,100,128050
20231228,09:54:07,1008.35,450,128050
20231228,09:54:21,1009.15,300,128050
20231228,09:55:06,1009.0,150,128050
20231228,09:55:17,1013.65,100,128050
20231228,09:55:23,1013.65,50,128050
20231228,09:55:45,1027.55,100,128050
20231228,09:55:56,1026.2,250,128050
20231228,09:56:13,1018.6,50,128050
20231228,09:56:23,1016.1,50,128050
20231228,09:58:02,1018.8,50,127950
20231228,10:00:01,1019.95,50,127950
20231228,10:00:12,1018.25,50,127950
20231228,10:00:15,1018.3,50,127950
20231228,10:00:19,1020.1,150,127950
20231228,10:00:54,1023.3,50,127950
20231228,10:02:32,1029.55,50,127950
20231228,10:03:27,1039.95,50,128050
20231228,10:03:39,1039.95,200,128050
20231228,10:04:01,1045.5,50,128050
20231228,10:04:11,1046.55,350,128050
20231228,10:04:39,1048.8,50,128050
20231228,10:04:49,1050.95,50,128050
20231228,10:04:58,1050.95,100,128050
20231228,10:05:09,1061.15,150,128050
20231228,10:05:19,1061.15,250,128050
20231228,10:05:38,1055.95,50,128050
20231228,10:05:47,1051.5,50,128050
20231228,10:05:57,1054.95,250,128050
20231228,10:07:27,1077.55,50,128000
20231228,10:10:25,1077.55,50,128000
20231228,10:10:37,1037.8,50,128000
20231228,10:10:48,1041.85,50,128000
20231228,10:11:07,1059.1,150,128000
20231228,10:11:29,1065.8,50,128000
20231228,10:11:39,1062.9,100,128000
20231228,10:11:58,1072.75,50,128000
20231228,10:12:17,1064.05,50,128050
20231228,10:12:36,1066.95,50,128050
20231228,10:13:13,1073.5,50,128050
20231228,10:15:23,1069.0,100,128100
20231228,10:18:13,1053.9,50,128100
20231228,10:19:00,1053.65,50,128150
20231228,10:19:54,1053.8,50,128150
20231228,10:20:40,1047.65,150,128150
20231228,10:21:26,1063.35,50,128150
20231228,10:21:28,1065.0,100,128150
20231228,10:21:29,1058.75,50,128150
20231228,10:21:43,1062.2,50,128150
20231228,10:22:03,1068.35,50,128150
20231228,10:22:06,1063.3,50,128150
20231228,10:22:24,1064.3,50,128150
20231228,10:22:30,1068.55,50,128150
20231228,10:23:30,1061.3,50,128150
20231228,10:23:33,1061.35,50,128150
20231228,10:23:39,1051.5,300,128150
20231228,10:23:48,1053.5,100,128150
20231228,10:23:49,1053.55,50,128150
20231228,10:23:53,1043.9,50,128150
20231228,10:24:13,1057.3,50,128450
20231228,10:24:25,1050.4,150,128450
20231228,10:24:44,1054.75,50,128450
20231228,10:24:44,1046.55,50,128450
20231228,10:24:52,1047.15,150,128450
20231228,10:25:01,1054.9,100,128450
20231228,10:25:24,1043.55,200,128450
20231228,10:25:41,1053.8,50,128450
20231228,10:25:46,1057.1,50,128450
20231228,10:25:51,1051.4,50,128450
20231228,10:25:54,1059.5,50,128450
20231228,10:25:55,1059.9,50,128450
20231228,10:26:06,1050.75,50,128450
20231228,10:26:17,1053.35,50,128450
20231228,10:26:26,1049.4,100,128450
20231228,10:26:45,1060.4,100,128450
20231228,10:27:13,1049.8,100,128600
20231228,10:27:22,1051.6,450,128600
20231228,10:27:31,1048.6,150,128600
20231228,10:27:41,1046.45,200,128600
20231228,10:27:50,1047.45,300,128600
20231228,10:28:15,1048.15,50,128600
20231228,10:28:17,1052.25,150,128600
20231228,10:28:18,1052.25,50,128600
20231228,10:28:20,1052.3,50,128600
20231228,10:28:28,1048.0,250,128600
20231228,10:28:30,1054.7,200,128600
20231228,10:28:34,1048.15,100,128600
20231228,10:28:38,1046.7,100,128600
20231228,10:28:42,1051.15,50,128600
20231228,10:28:43,1050.8,150,128600
20231228,10:28:46,1043.35,100,128600
20231228,10:28:47,1049.5,100,128600
20231228,10:28:50,1049.5,50,128600
20231228,10:28:59,1050.55,100,128600
20231228,10:29:32,1055.7,50,128600
20231228,10:30:01,1037.9,400,128600
20231228,10:30:10,1043.4,200,128600
20231228,10:30:20,1034.95,250,128300
20231228,10:30:30,1037.35,200,128300
20231228,10:30:50,1042.75,150,128300
20231228,10:31:09,1041.7,250,128300
20231228,10:31:19,1046.4,50,128300
20231228,10:31:24,1042.05,100,128300
20231228,10:31:28,1048.75,50,128300
20231228,10:31:31,1048.55,50,128300
20231228,10:31:45,1049.35,50,128300
20231228,10:31:49,1049.3,100,128300
20231228,10:31:50,1050.65,50,128300
20231228,10:31:57,1043.8,150,128300
20231228,10:31:58,1043.2,100,128300
20231228,10:32:09,1046.1,50,128300
20231228,10:32:23,1043.7,700,128300
20231228,10:32:32,1043.05,350,128300
20231228,10:32:51,1054.75,50,128300
20231228,10:33:00,1045.25,50,128300
20231228,10:33:37,1042.5,100,128150
20231228,10:33:55,1042.9,50,128150
20231228,10:34:04,1042.25,350,128150
20231228,10:34:31,1045.55,50,128150
20231228,10:34:50,1041.6,100,128150
20231228,10:35:07,1042.6,150,128150
20231228,10:35:23,1050.0,50,128150
20231228,10:35:32,1045.55,100,128150
20231228,10:35:49,1045.0,1000,128150
20231228,10:35:57,1046.0,50,128150
20231228,10:36:06,1051.4,100,128150
20231228,10:36:14,1048.0,100,128200
20231228,10:36:32,1057.7,1350,128200
20231228,10:36:41,1055.2,1050,128200
20231228,10:36:50,1053.1,150,128200
20231228,10:36:59,1054.5,100,128200
20231228,10:37:08,1054.05,50,128200
20231228,10:37:25,1057.4,200,128200
20231228,10:37:34,1053.85,300,128200
20231228,10:37:43,1056.9,100,128200
20231228,10:37:52,1052.2,350,128200
20231228,10:38:01,1052.55,250,128200
20231228,10:38:10,1047.3,100,128200
20231228,10:38:28,1056.45,50,128200
20231228,10:38:37,1057.75,50,128200
20231228,10:39:03,1056.8,150,128200
20231228,10:39:12,1059.55,150,128300
20231228,10:39:29,1059.2,50,128300
20231228,10:39:38,1050.8,50,128300
20231228,10:39:47,1052.45,100,128300
20231228,10:40:31,1063.45,150,128300
20231228,10:40:41,1062.4,700,128300
20231228,10:40:50,1067.0,950,128300
20231228,10:40:59,1069.9,200,128300
20231228,10:41:08,1056.1,400,128300
20231228,10:41:18,1052.1,1050,128300
20231228,10:41:27,1055.0,1350,128300
20231228,10:42:04,1060.6,50,128300
20231228,10:42:12,1051.4,250,128800
20231228,10:42:22,1058.6,50,128800
20231228,10:42:30,1059.0,550,128800
20231228,10:42:39,1049.9,150,128800
20231228,10:42:49,1053.45,250,128800
20231228,10:42:58,1046.1,1050,128800
20231228,10:43:08,1052.3,50,128800
20231228,10:43:44,1054.75,50,128800
20231228,10:43:53,1050.0,200,128800
20231228,10:44:02,1060.25,50,128800
20231228,10:44:20,1059.15,300,128800
20231228,10:44:29,1059.05,50,128800
20231228,10:44:38,1060.0,150,128800
20231228,10:44:46,1052.05,450,128800
20231228,10:45:04,1057.45,50,128800
20231228,10:45:13,1058.1,100,128800
20231228,10:45:21,1053.0,50,129450
20231228,10:45:30,1058.05,100,129450
20231228,10:45:56,1055.15,350,129450
20231228,10:46:05,1048.95,100,129450
20231228,10:46:32,1045.85,50,129450
20231228,10:46:41,1050.8,100,129450
20231228,10:46:59,1042.35,150,129450
20231228,10:47:17,1051.0,50,129450
20231228,10:47:26,1050.85,150,129450
20231228,10:47:44,1049.15,50,129450
20231228,10:47:53,1048.35,200,129450
20231228,10:48:03,1046.35,450,129450
20231228,10:48:12,1047.45,50,129450
20231228,10:48:31,1047.95,200,129500
20231228,10:49:32,1047.7,200,129500
20231228,10:49:49,1048.4,50,129500
20231228,10:49:58,1046.95,100,129500
20231228,10:50:07,1045.55,600,129500
20231228,10:50:17,1041.85,450,129500
20231228,10:50:44,1038.5,100,129500
20231228,10:50:54,1043.45,200,129500
20231228,10:51:03,1042.3,200,129500
20231228,10:51:21,1043.65,50,129450
20231228,10:51:30,1042.7,250,129450
20231228,10:51:48,1043.6,50,129450
20231228,10:51:57,1045.85,50,129450
20231228,10:52:05,1047.0,150,129450
20231228,10:52:40,1049.15,50,129450
20231228,10:52:59,1051.7,50,129450
20231228,10:53:26,1054.6,50,129450
20231228,10:54:09,1055.25,100,129450
20231228,10:54:18,1057.65,50,129450
20231228,10:54:37,1060.9,50,129450
20231228,10:55:05,1061.75,100,129450
20231228,10:55:32,1060.65,50,129450
20231228,10:56:08,1052.8,550,129450
20231228,10:56:17,1057.6,100,129450
20231228,10:57:03,1054.5,650,129450
20231228,10:57:11,1054.5,50,129450
20231228,10:57:56,1057.45,50,129450
20231228,10:58:05,1059.45,50,129450
20231228,10:58:24,1068.45,100,129450
20231228,10:58:34,1064.8,150,129450
20231228,10:58:44,1062.15,150,129450
20231228,10:59:03,1063.15,100,129450
20231228,10:59:12,1054.65,250,129450
20231228,10:59:22,1052.8,400,129450
20231228,10:59:31,1053.35,150,129450
20231228,10:59:50,1059.0,50,129450
20231228,11:00:08,1055.05,150,129450
20231228,11:00:18,1062.8,100,129300
20231228,11:00:54,1064.55,150,129300
20231228,11:01:03,1056.95,100,129300
20231228,11:01:13,1058.6,250,129300
20231228,11:01:31,1051.75,100,129300
20231228,11:01:40,1049.8,200,129300
20231228,11:01:49,1051.45,150,129300
20231228,11:02:26,1058.05,300,129300
20231228,11:02:53,1063.95,50,129300
20231228,11:03:03,1057.35,200,129300
20231228,11:03:12,1056.7,250,129350
20231228,11:03:30,1064.8,100,129350
20231228,11:03:40,1058.65,150,129350
20231228,11:03:49,1057.45,50,129350
20231228,11:04:07,1053.6,200,129350
20231228,11:04:25,1059.55,100,129350
20231228,11:04:34,1054.1,100,129350
20231228,11:04:43,1060.45,100,129350
20231228,11:05:01,1053.95,500,129350
20231228,11:05:19,1054.3,200,129350
20231228,11:05:29,1052.15,350,129350
20231228,11:05:56,1056.2,50,129350
20231228,11:06:14,1053.95,50,129350
20231228,11:06:23,1053.95,100,129100
20231228,11:07:17,1050.1,150,129100
20231228,11:07:27,1047.5,150,129100
20231228,11:07:55,1040.05,450,129100
20231228,11:08:06,1030.9,150,129100
20231228,11:08:16,1040.05,250,129100
20231228,11:08:46,1025.7,600,129100
20231228,11:08:57,1023.35,150,129100
20231228,11:09:07,1006.6,250,129100
20231228,11:09:19,1005.65,50,129100
20231228,11:09:59,1021.75,100,129150
20231228,11:10:09,1023.6,100,129150
20231228,11:10:19,1015.4,250,129150
20231228,11:10:38,1012.4,150,129150
20231228,11:10:48,1012.8,100,129150
20231228,11:11:06,1018.4,50,129150
20231228,11:11:39,1015.35,50,129150
20231228,11:11:42,1021.9,50,129150
20231228,11:11:49,1014.25,50,129150
20231228,11:11:50,1019.9,100,129150
20231228,11:11:52,1019.9,50,129150
20231228,11:11:59,1013.5,100,129150
20231228,11:12:00,1012.15,100,129150
20231228,11:12:01,1018.65,50,129150
20231228,11:12:02,1018.65,150,129150
20231228,11:12:30,1018.55,50,129200
20231228,11:12:39,1018.15,100,129200
20231228,11:14:02,1015.55,50,129200
20231228,11:14:12,1014.3,100,129200
20231228,11:14:20,1016.55,400,129200
20231228,11:14:26,1017.5,50,129200
20231228,11:14:28,1018.65,50,129200
20231228,11:14:33,1010.75,50,129200
20231228,11:14:37,1017.85,50,129200
20231228,11:14:42,1018.9,50,129200
20231228,11:14:44,1019.3,50,129200
20231228,11:14:50,1020.6,50,129200
20231228,11:14:55,1024.0,50,129200
20231228,11:15:12,1025.05,50,129200
20231228,11:15:22,1024.0,50,129300
20231228,11:15:29,1029.25,50,129300
20231228,11:15:35,1033.45,50,129300
20231228,11:16:28,1026.5,50,129300
20231228,11:22:08,1027.75,50,129250
20231228,11:24:46,1026.15,100,129250
20231228,11:26:14,1020.65,50,129250
20231228,11:26:59,1021.0,100,129250
20231228,11:28:20,1021.3,50,129250
20231228,11:28:29,1023.7,50,129250
20231228,11:28:45,1023.85,50,129250
20231228,11:28:51,1023.05,50,129250
20231228,11:29:03,1023.35,50,129250
20231228,11:29:37,1020.7,50,129250
20231228,11:30:15,1020.95,50,129250
20231228,11:31:01,1019.55,50,129250
20231228,11:32:54,1013.65,50,129250
20231228,11:33:39,1015.1,50,129250
20231228,11:34:42,1014.95,200,129250
20231228,11:34:47,1015.8,200,129250
20231228,11:34:52,1015.75,50,129250
20231228,11:34:53,1015.8,50,129250
20231228,11:37:01,1014.45,50,129250
20231228,11:37:21,1012.0,50,129250
20231228,11:38:55,1006.5,50,129250
20231228,11:39:20,1012.95,100,129250
20231228,11:41:23,1011.85,50,129250
20231228,11:41:42,1010.85,50,129250
20231228,11:43:00,1014.75,100,129300
20231228,11:43:43,1019.15,50,129300
20231228,11:43:59,1019.85,50,129300
20231228,11:44:59,1017.5,50,129300
20231228,11:45:15,1015.8,50,129300
20231228,11:45:33,1012.75,100,129300
20231228,11:45:43,1014.6,50,129300
20231228,11:46:01,1016.55,50,129300
20231228,11:46:14,1014.55,50,129300
20231228,11:46:42,1014.35,50,129300
20231228,11:47:37,1017.55,100,129300
20231228,11:48:04,1016.95,50,129300
20231228,11:49:34,1018.15,50,129300
20231228,11:49:59,1016.85,50,129300
20231228,11:50:07,1015.3,50,129300
20231228,11:50:19,1014.7,50,129300
20231228,11:51:09,1013.35,50,129300
20231228,11:51:16,1014.2,50,129300
20231228,11:51:33,1014.05,350,129300
20231228,11:51:35,1013.65,50,129300
20231228,11:51:36,1013.8,50,129300
20231228,11:51:40,1013.8,50,129300
20231228,11:52:08,1014.9,50,129300
20231228,11:52:27,1018.25,50,129300
20231228,11:53:03,1016.0,50,129300
20231228,11:53:36,1017.55,100,129300
20231228,11:53:36,1017.55,250,129300
20231228,11:53:37,1017.9,100,129300
20231228,11:53:38,1018.8,450,129300
20231228,11:53:41,1018.1,450,129300
20231228,11:53:43,1018.05,50,129300
20231228,11:53:47,1018.05,150,129300
20231228,11:54:17,1015.05,50,129300
20231228,11:54:26,1015.4,50,129400
20231228,11:54:42,1016.45,50,129400
20231228,11:54:51,1014.75,50,129400
20231228,11:55:31,1012.7,100,129400
20231228,11:55:57,1020.0,50,129400
20231228,11:56:15,1015.8,100,129400
20231228,11:56:29,1014.35,50,129400
20231228,11:56:36,1014.45,50,129400
20231228,11:58:11,1014.95,50,129350
20231228,11:59:04,1007.8,250,129350
20231228,11:59:33,1007.7,100,129350
20231228,11:59:57,1013.55,50,129350
20231228,12:00:05,1013.15,50,129350
20231228,12:00:48,1014.75,50,129600
20231228,12:00:56,1014.65,50,129600
20231228,12:02:10,1010.4,100,129600
20231228,12:02:17,1014.3,300,129600
20231228,12:02:19,1014.3,100,129600
20231228,12:02:30,1005.85,100,129600
20231228,12:02:33,1010.4,50,129600
20231228,12:02:34,1010.1,50,129600
20231228,12:02:35,1010.05,100,129600
20231228,12:02:57,1004.05,300,129600
20231228,12:03:00,1009.65,200,129600
20231228,12:03:53,1011.35,50,129650
20231228,12:04:02,1009.85,50,129650
20231228,12:04:19,1009.8,50,129650
20231228,12:04:27,1010.15,50,129650
20231228,12:04:44,1009.15,50,129650
20231228,12:05:09,1003.0,250,129650
20231228,12:05:55,1007.0,50,129650
20231228,12:05:56,1007.55,50,129650
20231228,12:06:01,1009.2,100,129650
20231228,12:06:26,1004.5,100,129650
20231228,12:06:35,1008.0,100,129650
20231228,12:06:43,1007.9,50,129650
20231228,12:07:27,1003.05,100,129650
20231228,12:07:39,1003.0,150,129650
20231228,12:08:08,1006.8,50,129650
20231228,12:08:32,1008.1,50,129650
20231228,12:09:04,1007.8,50,129650
20231228,12:09:28,1005.0,250,129500
20231228,12:12:15,1011.7,50,129500
20231228,12:12:35,1014.75,50,129350
20231228,12:12:46,1014.2,100,129350
20231228,12:12:48,1013.85,50,129350
20231228,12:13:00,1007.45,150,129350
20231228,12:13:01,1011.2,100,129350
20231228,12:13:34,1013.9,50,129350
20231228,12:13:45,1007.85,200,129350
20231228,12:13:47,1008.0,250,129350
20231228,12:13:51,1008.95,350,129350
20231228,12:13:59,1019.0,100,129350
20231228,12:14:02,1015.85,100,129350
20231228,12:14:45,1020.3,50,129350
20231228,12:14:50,1019.25,150,129350
20231228,12:15:02,1016.15,50,129350
20231228,12:15:21,1015.75,50,129350
20231228,12:15:45,1014.9,50,130100
20231228,12:15:51,1008.7,150,130100
20231228,12:16:03,1007.8,100,130100
20231228,12:16:08,1012.7,50,130100
20231228,12:16:10,1012.5,50,130100
20231228,12:16:20,1007.4,100,130100
20231228,12:16:22,1005.9,50,130100
20231228,12:16:23,1006.5,100,130100
20231228,12:16:24,1011.25,50,130100
20231228,12:16:25,1011.3,200,130100
20231228,12:20:05,1005.0,250,130100
20231228,12:20:13,1008.4,250,130100
20231228,12:23:22,1005.4,50,130050
20231228,12:23:38,998.7,500,130050
20231228,12:23:56,1000.75,100,130050
20231228,12:24:06,995.65,1150,130050
20231228,12:24:15,997.65,150,130050
20231228,12:24:34,996.45,50,130600
20231228,12:25:21,996.35,200,130600
20231228,12:25:31,996.35,50,130600
20231228,12:25:57,996.2,100,130600
20231228,12:26:06,996.35,50,130600
20231228,12:26:16,997.1,150,130600
20231228,12:26:18,997.1,250,130600
20231228,12:26:26,997.1,100,130600
20231228,12:26:32,997.9,50,130600
20231228,12:26:33,997.75,200,130600
20231228,12:26:34,998.7,500,130600
20231228,12:27:41,996.25,200,131300
20231228,12:27:46,993.65,1000,131300
20231228,12:27:52,993.5,100,131300
20231228,12:27:58,990.0,50,131300
20231228,12:28:15,990.0,100,131300
20231228,12:28:38,985.65,50,131300
20231228,12:28:42,984.8,50,131300
20231228,12:28:51,984.8,50,131300
20231228,12:28:54,982.8,50,131300
20231228,12:29:05,982.8,50,131300
20231228,12:31:43,987.95,50,131700
20231228,12:32:01,987.35,150,131700
20231228,12:32:16,989.7,50,131700
20231228,12:33:22,987.25,100,131700
20231228,12:33:30,986.2,100,131650
20231228,12:33:47,987.05,50,131650
20231228,12:34:12,987.15,50,131650
20231228,12:34:21,987.1,150,131650
20231228,12:34:47,987.95,50,131650
20231228,12:35:04,988.65,100,131650
20231228,12:35:22,989.45,100,131650
20231228,12:35:34,987.6,150,131650
20231228,12:35:44,991.75,50,131650
20231228,12:35:53,992.7,100,131650
20231228,12:36:17,990.95,50,131650
20231228,12:37:12,986.7,100,131850
20231228,12:37:13,988.7,50,131850
20231228,12:37:14,988.55,100,131850
20231228,12:38:08,983.15,150,131850
20231228,12:38:17,988.45,150,131850
20231228,12:38:26,985.85,150,131850
20231228,12:38:52,988.65,100,131850
20231228,12:39:01,988.4,100,131850
20231228,12:39:35,985.15,300,132250
20231228,12:39:44,985.0,150,132250
20231228,12:39:52,988.8,200,132250
20231228,12:40:01,987.6,150,132250
20231228,12:41:08,988.65,150,132250
20231228,12:41:46,990.65,50,132250
20231228,12:42:11,989.55,50,132250
20231228,12:43:59,990.1,50,132700
20231228,12:44:07,990.15,700,132700
20231228,12:44:16,990.15,150,132700
20231228,12:44:58,985.15,100,132700
20231228,12:45:08,987.55,150,132700
20231228,12:45:43,983.3,100,133150
20231228,12:46:19,986.05,150,133150
20231228,12:46:20,986.95,150,133150
20231228,12:46:24,986.65,50,133150
20231228,12:46:35,982.3,100,133150
20231228,12:46:42,982.3,50,133150
20231228,12:46:47,980.0,200,133150
20231228,12:46:54,980.0,50,133150
20231228,12:46:56,981.35,50,133150
20231228,12:46:57,981.3,150,133150
20231228,12:47:01,982.55,50,133150
20231228,12:47:12,979.4,50,133150
20231228,12:47:31,979.4,50,133150
20231228,12:48:01,982.3,50,133150
20231228,12:48:34,979.5,100,133250
20231228,12:49:00,983.1,50,133250
20231228,12:49:25,982.65,200,133250
20231228,12:49:50,986.5,50,133250
20231228,12:49:59,987.0,100,133250
20231228,12:50:07,987.1,50,133250
20231228,12:50:29,990.4,150,133250
20231228,12:51:06,1004.05,50,133250
20231228,12:51:11,1002.05,50,133250
20231228,12:51:15,1003.65,100,133250
20231228,12:51:16,1003.65,50,133250
20231228,12:51:52,996.6,100,133300
20231228,12:52:55,996.6,50,133300
20231228,12:53:04,1000.95,150,133300
20231228,12:53:13,1003.3,500,133300
20231228,12:53:22,1000.05,50,133300
20231228,12:53:31,1003.05,100,133300
20231228,12:54:06,1000.85,200,133300
20231228,12:54:14,1001.45,100,133300
20231228,12:55:06,997.4,200,133550
20231228,12:55:31,1000.85,150,133550
20231228,12:55:55,996.6,150,133550
20231228,12:55:56,998.45,50,133550
20231228,12:56:02,994.8,50,133550
20231228,12:56:22,994.4,150,133550
20231228,12:56:25,998.7,50,133550
20231228,12:56:31,997.8,50,133550
20231228,12:56:39,994.8,50,133550
20231228,12:56:50,998.6,100,133550
20231228,12:56:51,998.7,50,133550
20231228,12:57:06,999.25,50,133550
20231228,12:57:07,999.25,50,133550
20231228,12:57:23,998.8,100,133550
20231228,12:57:40,998.35,50,133950
20231228,12:58:32,997.5,100,133950
20231228,12:58:41,997.45,50,133950
20231228,12:59:05,998.4,450,133950
20231228,13:00:08,1005.05,50,133950
20231228,13:00:17,1005.6,50,133950
20231228,13:00:27,1005.05,200,133950
20231228,13:00:36,1005.2,100,134300
20231228,13:00:45,1003.65,50,134300
20231228,13:00:54,1000.05,50,134300
20231228,13:01:20,997.55,100,134300
20231228,13:01:29,1000.45,50,134300
20231228,13:02:20,999.1,50,134300
20231228,13:02:29,999.0,50,134300
20231228,13:02:37,998.85,50,134300
20231228,13:03:44,999.6,100,134550
20231228,13:04:50,1001.1,100,134550
20231228,13:04:58,1001.25,50,134550
20231228,13:05:07,1002.1,250,134550
20231228,13:05:56,1002.15,200,134550
20231228,13:06:05,1001.75,250,134550
20231228,13:06:13,1001.9,50,134550
20231228,13:06:22,1002.6,350,134550
20231228,13:06:29,999.05,100,134550
20231228,13:07:01,999.95,50,134350
20231228,13:07:09,1000.6,100,134350
20231228,13:08:11,996.6,100,134350
20231228,13:09:29,993.2,50,134450
20231228,13:09:35,988.95,50,134450
20231228,13:10:05,989.9,50,134450
20231228,13:10:29,995.05,200,134450
20231228,13:11:50,993.7,250,134450
20231228,13:13:07,988.0,400,134400
20231228,13:14:21,985.7,400,134400
20231228,13:14:30,985.15,200,134400
20231228,13:14:48,989.9,200,134400
20231228,13:14:57,985.0,850,134400
20231228,13:15:06,985.15,250,134400
20231228,13:15:14,984.35,50,134400
20231228,13:15:23,985.5,150,134400
20231228,13:15:32,992.3,100,135700
20231228,13:15:40,986.8,150,135700
20231228,13:15:49,991.5,50,135700
20231228,13:16:32,994.85,50,135700
20231228,13:16:50,995.6,50,135700
20231228,13:16:58,991.9,50,135700
20231228,13:17:31,997.5,50,135700
20231228,13:18:49,1000.35,50,135950
20231228,13:21:59,997.0,100,135950
20231228,13:22:06,999.15,50,135950
20231228,13:26:51,1004.15,50,136000
20231228,13:27:15,1009.05,250,136000
20231228,13:28:00,1014.0,150,136100
20231228,13:28:30,1016.15,100,136100
20231228,13:30:03,1000.0,300,136100
20231228,13:31:06,1005.85,50,136300
20231228,13:31:07,1005.75,50,136300
20231228,13:31:09,1005.75,50,136300
20231228,13:31:10,1005.8,50,136300
20231228,13:32:16,1006.85,100,136300
20231228,13:32:58,1006.3,100,136300
20231228,13:33:15,1010.9,50,136300
20231228,13:33:24,1012.1,50,136300
20231228,13:33:33,1012.8,50,136300
20231228,13:34:18,1008.7,50,136400
20231228,13:34:35,1008.9,1100,136400
20231228,13:34:42,1011.6,100,136400
20231228,13:34:44,1011.75,200,136400
20231228,13:34:55,1006.8,200,136400
20231228,13:35:09,1006.85,100,136400
20231228,13:43:22,1007.55,200,135650
20231228,13:45:49,1005.9,50,135650
20231228,13:54:09,1005.05,150,135700
20231228,13:54:27,1006.2,50,135700
20231228,13:54:28,1006.2,100,135700
20231228,13:54:29,1006.25,100,135700
20231228,13:59:03,1015.8,50,135750
20231228,14:02:02,1002.2,50,135750
20231228,14:05:02,992.4,50,135750
20231228,14:05:36,990.4,50,135750
20231228,14:06:50,998.4,200,135800
20231228,14:13:57,1006.65,50,135900
20231228,14:17:13,1009.35,50,135900
20231228,14:18:25,1013.0,50,135900
20231228,14:20:42,1015.05,100,135850
20231228,14:33:12,1005.0,50,135850
20231228,14:35:00,1007.25,50,135800
20231228,14:37:31,1002.45,2200,135850
20231228,14:37:47,1007.35,50,135850
20231228,14:37:56,1007.95,50,135850
20231228,14:38:04,1008.9,700,135850
20231228,14:38:13,1009.7,150,135850
20231228,14:38:33,1006.9,50,135850
20231228,14:38:34,1007.05,100,135850
20231228,14:38:45,1013.2,50,135850
20231228,14:39:00,1012.75,50,135850
20231228,14:39:39,1014.15,150,135850
20231228,14:43:02,1008.25,50,136950
20231228,14:43:43,1010.15,150,136950
20231228,14:43:52,1015.3,50,136950
20231228,14:44:18,1016.45,100,136950
20231228,14:44:43,1014.75,100,136950
20231228,14:44:52,1014.65,200,136950
20231228,14:45:00,1013.65,50,136950
20231228,14:45:40,1011.85,50,136950
20231228,14:46:05,1012.35,100,137100
20231228,14:48:21,1014.85,100,137100
20231228,14:48:41,1023.15,50,137100
20231228,14:48:51,1028.05,50,137050
20231228,14:49:53,1014.05,100,137050
20231228,14:50:28,1022.35,150,137050
20231228,14:50:54,1017.3,50,137050
20231228,14:53:24,1018.85,50,137000
20231228,14:53:49,1021.6,50,137000
20231228,14:55:17,1018.25,50,137050
20231228,14:55:42,1005.95,50,137050
20231228,14:55:51,1011.3,50,137050
20231228,14:55:52,1005.3,50,137050
20231228,14:57:49,997.9,300,136900
20231228,14:57:58,998.45,200,136900
20231228,14:58:15,997.25,50,136900
20231228,14:58:15,997.95,50,136900
20231228,14:58:23,996.05,50,136900
20231228,14:58:25,994.45,100,136900
20231228,14:58:26,994.45,300,136900
20231228,14:58:29,994.7,50,136900
20231228,14:58:31,997.65,50,136900
20231228,14:58:41,996.0,50,136900
20231228,14:58:52,998.05,100,136900
20231228,14:58:58,1001.8,100,136900
20231228,14:59:20,1004.0,50,136900
20231228,14:59:26,1007.45,100,136900
20231228,15:00:01,1004.25,50,136900
20231228,15:00:05,1000.65,150,136900
20231228,15:00:20,989.65,700,136900
20231228,15:00:38,993.15,250,136900
20231228,15:00:48,1000.45,200,136900
20231228,15:00:58,1003.6,150,134900
20231228,15:01:17,995.2,50,134900
20231228,15:01:19,995.2,50,134900
20231228,15:01:21,996.2,50,134900
20231228,15:01:22,998.45,50,134900
20231228,15:01:25,998.4,50,134900
20231228,15:01:27,1001.8,50,134900
20231228,15:01:30,1003.5,50,134900
20231228,15:01:31,1004.5,100,134900
20231228,15:01:36,1004.25,50,134900
20231228,15:01:38,1005.3,50,134900
20231228,15:01:43,1005.2,50,134900
20231228,15:01:44,1005.55,100,134900
20231228,15:01:47,1005.5,50,134900
20231228,15:01:48,1007.35,50,134900
20231228,15:01:49,1009.4,50,134900
20231228,15:03:08,999.15,100,134900
20231228,15:04:03,991.0,50,134900
20231228,15:06:20,995.05,100,134050
20231228,15:08:55,993.85,100,134150
20231228,15:09:33,988.45,50,134150
20231228,15:10:02,991.3,50,134150
20231228,15:10:15,995.95,50,134150
20231228,15:11:09,994.85,50,134150
20231228,15:11:14,993.15,50,134150
20231228,15:11:34,992.6,250,134150
20231228,15:12:27,993.55,50,134150
20231228,15:12:45,988.95,50,134150
20231228,15:15:09,988.6,350,134100
20231228,15:15:10,989.7,350,134100
20231228,15:16:16,985.0,500,133750
20231228,15:20:25,987.2,50,133250
20231228,15:21:20,984.0,50,133250
20231228,15:21:40,984.0,100,133250
20231228,15:22:01,989.0,150,133350
20231228,15:22:01,988.95,50,133350
20231228,15:23:19,994.25,200,133350
20231228,15:23:40,991.7,200,133350
20231228,15:24:01,1002.2,100,133350
20231228,15:24:06,1004.05,1000,133350
20231228,15:25:12,995.8,50,133000
20231228,15:25:13,996.25,100,133000
20231228,15:25:54,997.05,50,133000
20231228,15:26:07,993.25,150,133000
20231228,15:27:13,996.6,50,133000
20231228,15:27:15,996.95,100,133000
20231228,15:27:15,996.95,300,133000
20231228,15:27:16,996.95,50,133000
20231228,15:29:52,998.2,50,132550
20231229,09:16:25,1065.0,1,132550
20231229,09:16:25,1062.0,200,132550
20231229,09:16:34,1053.0,50,132550
20231229,09:19:16,1053.0,50,132450
20231229,09:21:41,1069.1,150,132450
20231229,09:34:40,1002.45,100,132450
20231229,09:34:58,1002.45,50,132450
20231229,09:35:06,1002.45,50,132450
20231229,09:38:58,1015.75,50,132450
20231229,09:41:26,1027.75,150,132400
20231229,09:41:41,1029.45,100,132400
20231229,09:41:52,1028.4,50,132400
20231229,09:42:10,1033.0,350,132400
20231229,09:43:04,1027.35,50,132400
20231229,09:44:25,1036.2,50,131800
20231229,09:45:55,1032.95,50,131800
20231229,09:46:03,1037.15,100,131800
20231229,09:48:07,1035.6,50,131600
20231229,09:51:18,1037.7,150,131550
20231229,09:52:57,1036.75,100,131550
20231229,09:53:12,1041.0,50,131550
20231229,09:53:19,1034.8,50,131350
20231229,09:53:34,1035.45,50,131350
20231229,09:55:54,1035.55,50,131350
20231229,09:55:57,1039.0,100,131350
20231229,09:56:12,1035.25,50,131350
20231229,09:56:55,1036.3,50,131300
20231229,09:58:25,1048.4,50,131300
20231229,09:58:48,1046.5,50,131300
20231229,09:58:56,1048.35,100,131300
20231229,09:59:41,1047.55,50,131300
20231229,09:59:49,1048.85,50,131300
20231229,10:00:48,1043.55,100,131300
20231229,10:00:55,1043.05,50,131300
20231229,10:03:35,1032.7,50,131300
20231229,10:06:35,1038.8,50,131300
20231229,10:06:42,1034.05,50,131300
20231229,10:07:33,1044.45,300,131300
20231229,10:07:58,1059.6,200,131300
20231229,10:10:11,1071.65,50,131300
20231229,10:12:27,1075.0,50,131300
20231229,10:13:44,1077.9,50,131300
20231229,10:14:37,1084.65,100,131300
20231229,10:17:23,1084.65,150,131300
20231229,10:18:19,1077.55,100,131300
20231229,10:18:50,1075.05,50,131300
20231229,10:21:13,1073.75,250,131350
20231229,10:21:21,1073.55,100,131350
20231229,10:23:08,1065.15,50,131350
20231229,10:23:52,1058.15,150,131700
20231229,10:32:41,1038.0,50,131800
20231229,10:32:57,1035.0,50,131800
20231229,10:38:20,1023.0,200,131900
20231229,10:39:46,1023.45,100,131900
20231229,10:41:51,1025.05,100,132000
20231229,10:44:51,1027.8,100,132000
20231229,10:46:41,1026.0,700,132000
20231229,10:46:51,1019.25,50,132000
20231229,10:48:06,1032.65,350,132100
20231229,11:10:55,1053.85,250,132200
20231229,11:12:19,1050.0,50,132200
20231229,11:31:37,1020.0,100,132200
20231229,11:34:36,1025.0,600,132100
20231229,11:37:24,1013.55,50,131550
20231229,12:01:05,1014.5,600,131550
20231229,12:01:06,1014.6,50,131550
20231229,12:01:07,1014.45,50,131550
20231229,12:01:08,1014.5,50,131550
20231229,12:11:27,1015.0,100,130900
20231229,12:18:58,1008.0,50,130800
20231229,12:23:02,1000.1,50,130750
20231229,12:25:42,999.55,150,130750
20231229,12:25:57,999.55,1550,130750
20231229,12:27:35,1007.45,150,131100
20231229,12:28:14,1007.35,100,131100
20231229,12:32:10,1024.25,200,130950
20231229,12:32:26,1020.95,500,130950
20231229,12:39:13,1032.2,50,130350
20231229,12:44:18,1049.6,50,130300
20231229,12:47:46,1042.65,50,130250
20231229,12:48:33,1044.85,100,130250
20231229,12:48:49,1042.0,250,130250
20231229,12:53:17,1044.05,1250,129900
20231229,12:59:55,1046.85,50,129300
20231229,13:06:48,1030.55,100,129250
20231229,13:07:41,1035.9,50,129250
20231229,13:36:16,1039.3,50,129150
20231229,13:40:23,1048.0,50,129150
20231229,13:46:32,1035.75,50,129100
20231229,13:46:40,1035.25,150,129100
20231229,13:46:48,1031.0,50,129100
20231229,13:55:07,1031.0,100,128900
20231229,13:59:31,1036.7,50,128800
20231229,14:04:03,1030.9,100,128750
20231229,14:05:34,1025.7,50,128750
20231229,14:07:34,1035.45,50,128600
20231229,14:08:45,1038.5,50,128600
20231229,14:09:32,1042.8,50,128500
20231229,14:10:12,1045.9,50,128500
20231229,14:11:37,1041.0,100,128500
20231229,14:12:50,1048.05,50,128300
20231229,14:13:07,1052.65,50,128300
20231229,14:15:52,1062.9,250,128200
20231229,14:16:01,1062.0,50,128200
20231229,14:25:46,1089.7,300,127950
20231229,14:27:26,1089.7,50,127700
20231229,14:27:51,1077.45,50,127700
20231229,14:28:49,1077.0,50,127700
20231229,14:43:35,1043.05,200,127550
20231229,14:43:43,1043.0,1600,127550
20231229,14:49:42,1031.0,100,126050
20231229,15:02:03,1000.35,50,125950
20231229,15:03:10,1011.7,50,126000
20231229,15:19:37,1043.65,350,126000
20231229,15:19:54,1047.95,50,126000
20231229,15:20:52,1053.35,550,126000
20231229,15:21:01,1056.6,250,126000
20231229,15:21:10,1055.2,100,125450
20231229,15:21:18,1054.4,50,125450
20231229,15:21:36,1049.15,50,125450
20231229,15:22:33,1046.85,50,125450
20231229,15:22:42,1042.9,50,125450
20231229,15:22:50,1045.0,50,125450
20231229,15:27:22,1053.35,100,125200
20231229,15:27:38,1048.65,300,125200
20231229,15:27:47,1046.25,200,125200
20240101,09:18:32,1091.7,1,124500
20240101,09:18:32,1091.7,50,124500
20240101,09:18:50,1092.75,50,124500
20240101,09:20:13,1092.75,50,124500
20240101,09:20:41,1088.7,50,124650
20240101,09:37:33,1082.95,50,124700
20240101,09:39:04,1082.95,950,124700
20240101,09:48:53,1067.0,150,125650
20240101,10:21:53,1067.0,250,125500
20240101,10:35:39,1065.0,50,125500
20240101,10:35:59,1065.0,50,125500
20240101,10:40:10,1059.55,50,125550
20240101,10:48:40,1045.0,150,125550
20240101,10:53:28,1040.0,50,125500
20240101,10:56:04,1040.0,50,125500
20240101,10:56:21,1040.0,50,125500
20240101,11:07:48,1048.7,50,125450
20240101,11:18:54,1048.0,150,125450
20240101,11:19:54,1038.05,100,125450
20240101,11:20:57,1036.15,50,125450
20240101,11:36:44,1036.15,50,125500
20240101,12:23:04,1043.05,50,125500
20240101,12:38:54,1048.0,500,125500
20240101,12:44:54,1044.0,500,125000
20240101,12:48:01,1040.7,50,124500
20240101,12:48:09,1036.0,500,124500
20240101,12:49:14,1035.1,50,124500
20240101,12:49:22,1035.1,50,124500
20240101,12:54:29,1031.0,450,123850
20240101,12:56:21,1030.0,500,123850
20240101,12:57:43,1030.0,200,122900
20240101,12:58:06,1036.0,300,122900
20240101,12:59:00,1037.0,500,122900
20240101,13:01:32,1036.0,300,121900
20240101,13:01:47,1036.0,300,121900
20240101,13:05:29,1028.0,500,121400
20240101,13:10:56,1028.0,500,120900
20240101,13:12:26,1035.0,300,120400
20240101,13:12:49,1037.5,200,120400
20240101,13:13:21,1034.0,550,120400
20240101,13:13:50,1033.0,300,120400
20240101,13:14:04,1033.0,200,120400
20240101,13:18:35,1025.0,150,119900
20240101,13:19:11,1025.0,150,119900
20240101,13:29:46,1025.0,100,120100
20240101,13:45:17,1029.0,450,120200
20240101,13:46:14,1027.0,100,120200
20240101,13:46:29,1027.0,50,120200
20240101,13:46:43,1027.0,350,120200
20240101,13:47:40,1023.0,500,120200
20240101,13:48:33,1022.0,50,121600
20240101,13:48:47,1022.0,50,121600
20240101,13:48:55,1022.0,400,121600
20240101,13:50:20,1022.0,50,121600
20240101,13:50:39,1014.0,450,121600
20240101,13:51:29,1014.0,500,122600
20240101,13:52:01,1019.0,500,122600
20240101,13:53:42,1019.0,500,122600
20240101,13:54:45,1020.0,350,123750
20240101,13:54:51,1020.0,150,123750
20240101,13:55:55,1019.0,450,123750
20240101,13:56:02,1019.0,50,123750
20240101,13:59:45,997.0,200,124750
20240101,14:03:59,979.25,50,124850
20240101,14:05:00,971.0,50,124850
20240101,14:06:51,967.15,50,124950
20240101,14:08:28,967.15,50,124950
20240101,14:10:53,972.3,50,124950
20240101,14:11:56,958.6,50,124950
20240101,14:12:10,958.6,50,124900
20240101,14:15:31,957.65,50,124900
20240101,14:41:59,950.0,50,124900
20240101,14:42:48,930.8,50,124900
20240101,14:44:26,930.3,50,124900
20240101,14:44:33,924.4,50,124900
20240101,14:44:35,923.1,50,124900
20240101,14:44:47,919.6,250,124900
20240101,14:44:53,919.6,50,124900
20240101,14:45:39,922.45,50,124700
20240101,14:47:01,924.4,50,124700
20240101,14:47:19,923.0,50,124700
20240101,14:47:28,924.7,100,124700
20240101,14:48:22,925.95,100,124750
20240101,14:49:14,922.45,100,124750
20240101,14:50:50,902.95,350,124750
20240101,14:51:09,902.95,250,124750
20240101,14:51:38,910.75,50,125000
20240101,14:51:49,909.95,50,125000
20240101,14:52:19,913.9,100,125000
20240101,14:58:22,918.35,100,125200
20240101,15:00:29,912.95,50,125100
20240101,15:01:08,915.8,50,125100
20240101,15:01:17,924.35,50,125100
20240101,15:01:28,933.6,100,125100
20240101,15:01:40,945.0,100,125100
20240101,15:04:09,940.5,50,125300
20240101,15:05:13,937.65,50,125300
20240101,15:05:23,937.0,50,125300
20240101,15:05:59,940.0,500,125300
20240101,15:10:47,1010.0,100,125000
20240101,15:16:05,1021.0,400,124900
20240101,15:19:28,1021.0,50,124800
20240101,15:20:19,1032.4,50,124800
20240101,15:25:29,1076.7,50,124800
20240101,15:25:42,1076.7,50,124800
20240101,15:26:57,1077.85,400,124800
20240101,15:28:03,1085.8,250,124400
20240102,09:15:30,1112.6,1,124150
20240102,09:15:30,1112.6,50,124150
20240102,09:18:19,1062.0,50,124150
20240102,09:21:07,1062.0,100,124100
20240102,09:24:37,1087.15,1000,124000
20240102,09:24:47,1087.5,1000,124000
20240102,09:25:29,1085.0,50,124000
20240102,10:05:45,1141.25,50,122850
20240102,10:08:50,1141.25,150,122800
20240102,10:14:17,1131.0,100,122800
20240102,10:19:48,1135.0,200,122700
20240102,10:20:16,1135.0,100,122700
20240102,10:26:21,1170.0,50,122650
20240102,10:26:45,1185.25,300,122600
20240102,10:26:56,1185.25,550,122600
20240102,10:33:57,1187.95,350,122550
20240102,10:42:58,1200.0,100,122500
20240102,10:44:12,1200.0,100,122500
20240102,11:16:01,1210.0,600,122400
20240102,11:20:58,1210.0,250,122350
20240102,11:22:43,1181.0,350,122350
20240102,13:16:35,1181.0,50,122100
20240102,14:45:21,1107.0,50,122150
20240102,15:16:58,1150.0,50,122100
20240102,15:20:15,1148.4,250,122050
20240102,15:21:27,1153.5,150,122100
20240102,15:22:32,1156.75,50,122100
20240102,15:24:47,1161.55,50,122100
20240102,15:29:48,1165.05,100,122150
20240103,09:22:14,1200.0,1,122150
20240103,09:22:14,1199.15,1050,122150
20240103,09:23:12,1210.0,450,122150
20240103,09:23:29,1212.0,1000,122150
20240103,09:23:38,1215.0,1000,122150
20240103,09:23:46,1215.0,550,119650
20240103,09:24:12,1215.05,1000,119650
20240103,09:25:12,1215.05,700,119650
20240103,09:25:21,1205.0,400,119650
20240103,09:25:47,1205.0,300,119650
20240103,09:25:56,1205.0,700,119650
20240103,09:27:16,1205.0,1000,119200
20240103,09:27:42,1200.0,1050,119200
20240103,09:34:30,1210.0,2000,118800
20240103,09:35:15,1214.0,1000,118800
20240103,09:38:55,1234.2,500,118800
20240103,09:39:41,1237.0,500,118800
20240103,10:10:26,1237.0,150,118350
20240103,12:45:17,1262.05,50,118300
20240103,12:59:01,1262.05,100,118250
20240103,13:12:01,1247.0,50,118250
20240103,13:21:29,1242.2,250,118250
20240103,14:22:54,1262.15,300,118000
20240103,15:03:06,1281.0,50,117900
20240103,15:06:00,1291.0,250,117850
20240103,15:09:56,1305.0,250,117850
20240103,15:10:07,1305.0,200,117850
20240103,15:12:14,1311.0,250,117850
20240103,15:13:32,1311.0,250,117850
20240103,15:13:49,1305.0,100,117850
20240103,15:14:26,1305.0,50,117850
20240103,15:25:33,1310.0,600,117800
20240103,15:28:38,1307.7,100,117800
20240104,09:21:57,1215.0,1,117800
20240104,09:21:57,1215.0,50,117800
20240104,09:26:09,1215.0,500,117800
20240104,09:32:46,1215.0,500,117800
20240104,09:36:51,1220.3,50,117800
20240104,09:44:09,1220.3,500,117800
20240104,09:50:38,1210.0,500,117800
20240104,09:50:57,1207.0,50,117800
20240104,09:55:51,1201.0,450,117800
20240104,09:56:00,1201.0,50,117800
20240104,10:02:35,1201.0,50,117800
20240104,10:04:51,1201.0,800,117800
20240104,10:47:29,1165.0,500,117800
20240104,10:55:11,1165.0,500,117800
20240104,12:48:15,1135.55,50,117800
20240104,12:59:50,1135.55,50,117800
20240104,13:05:56,1136.05,200,117800
20240104,13:06:05,1136.05,400,117800
20240104,13:11:05,1128.95,150,117800
20240104,13:11:14,1134.1,150,117800
20240104,13:22:10,1141.95,50,117950
20240104,13:22:35,1142.05,50,117950
20240104,13:26:35,1139.9,50,117950
20240104,13:27:46,1139.9,100,117950
20240104,13:40:23,1121.55,100,117950
20240104,13:48:25,1121.55,100,117950
20240104,13:53:07,1128.1,50,117950
20240104,13:55:20,1130.3,50,117950
20240104,14:39:20,1150.0,200,117950
20240104,15:00:52,1147.6,400,117950
20240104,15:06:33,1137.1,50,117950
20240104,15:06:42,1135.5,50,117950
20240104,15:08:46,1132.9,200,117950
20240104,15:10:21,1144.15,200,117950
20240104,15:25:01,1110.1,50,118000
20240104,15:26:45,1108.85,50,118000
20240104,15:28:46,1101.0,50,117950
20240105,09:15:33,1105.0,1,117950
20240105,09:15:33,1105.0,50,117950
20240105,09:27:42,1110.0,200,117950
20240105,09:29:29,1110.0,50,117950
20240105,10:50:29,1145.0,50,117950
20240105,10:55:09,1172.3,200,117950
20240105,11:04:37,1172.3,50,117900
20240105,11:19:43,1165.4,50,117900
20240105,11:24:31,1151.05,50,117900
20240105,11:37:52,1155.7,50,117850
20240105,12:40:26,1127.0,50,117850
20240105,12:41:30,1130.0,50,117850
20240105,13:46:32,1153.1,50,117850
20240105,14:07:15,1167.6,200,117900
20240105,14:18:18,1201.45,50,117900
20240105,14:21:04,1216.3,50,117900
20240105,14:27:17,1216.3,50,118000
20240105,14:29:35,1202.35,50,118000
20240105,14:31:00,1202.4,50,118100
20240105,14:40:11,1190.6,150,118150
20240105,14:52:24,1123.0,50,118150
20240105,14:55:54,1114.0,50,118200
20240105,14:56:24,1112.0,50,118200
20240105,15:02:17,1097.0,50,118200
20240105,15:03:21,1094.95,50,118200
20240105,15:16:05,1094.95,50,118250
20240105,15:16:15,1119.0,50,118250
20240105,15:19:13,1129.8,300,118200
20240105,15:27:10,1107.3,150,118200
20240105,15:27:19,1108.0,100,118250
20240105,15:27:47,1111.0,200,118250
20240108,09:16:24,1115.05,1,118200
20240108,09:16:24,1115.0,150,118200
20240108,09:21:33,1132.85,50,118300
20240108,09:24:35,1132.85,50,118250
20240108,09:25:44,1094.0,50,118250
20240108,09:29:14,1094.0,50,118350
20240108,09:33:13,1132.0,50,118350
20240108,09:35:14,1150.0,50,118350
20240108,09:36:15,1154.6,50,118250
20240108,09:38:05,1157.3,50,118250
20240108,09:40:36,1176.05,50,118350
20240108,09:52:26,1182.35,50,118400
20240108,09:59:57,1182.35,50,118450
20240108,11:08:34,1241.75,300,118500
20240108,11:10:21,1241.75,50,118400
20240108,11:16:10,1241.9,50,118450
20240108,11:19:51,1241.9,250,118500
20240108,11:22:15,1234.75,50,118500
20240108,11:38:10,1199.45,50,118550
20240108,11:53:58,1253.65,50,118600
20240108,12:10:03,1261.45,50,118650
20240108,12:24:37,1261.45,50,118700
20240108,12:25:54,1261.45,50,118700
20240108,12:33:33,1225.85,50,118600
20240108,12:34:15,1224.0,50,118600
20240108,12:58:18,1266.2,50,118700
20240108,13:27:55,1266.2,50,118750
20240108,13:30:05,1245.15,50,118750
20240108,13:54:41,1259.55,50,118850
20240108,13:59:28,1245.0,50,118900
20240108,14:12:47,1241.25,50,118900
20240108,14:19:13,1232.25,50,118950
20240108,14:23:33,1250.0,50,119000
20240108,14:24:30,1268.25,50,118950
20240108,14:24:41,1268.25,100,118950
20240108,14:25:12,1255.0,50,118950
20240108,14:28:06,1260.0,550,118900
20240108,14:35:19,1299.6,50,118900
20240108,14:36:31,1299.6,200,118950
20240108,14:53:17,1288.8,50,118950
20240108,14:56:12,1303.7,50,119000
20240108,15:00:25,1303.7,50,119050
20240108,15:24:19,1333.35,50,119100
20240108,15:25:27,1336.9,100,119100
20240109,09:25:42,1173.0,1,119100
20240109,09:25:42,1173.0,50,119100
20240109,09:27:07,1162.8,50,119150
20240109,09:43:58,1162.8,50,119100
20240109,10:25:32,1208.0,50,119050
20240109,10:42:41,1136.0,50,119100
20240109,11:09:05,1127.75,50,119150
20240109,11:39:03,1121.0,50,119200
20240109,14:08:08,1121.0,50,119200
20240109,14:25:15,1220.0,50,119150
20240109,14:28:56,1259.45,50,119100
20240109,14:45:44,1273.45,50,119150
20240109,14:47:44,1273.45,50,119150
20240109,14:51:05,1276.35,50,119250
20240110,09:35:47,1342.45,1,119300
20240110,09:35:47,1342.45,100,119300
20240110,09:38:14,1335.0,100,119300
20240110,09:41:09,1333.55,50,119300
20240110,09:44:54,1300.0,100,119300
20240110,11:12:19,1300.0,50,119300
20240110,11:35:54,1319.15,50,119250
20240110,11:40:00,1299.15,50,119250
20240110,11:40:19,1299.1,50,119250
20240110,12:49:58,1299.1,50,119250
20240110,12:55:24,1348.05,200,119300
20240110,13:12:56,1348.05,300,119300
20240110,13:13:54,1323.4,250,119300
20240110,13:17:50,1337.55,50,119300
20240110,13:44:55,1339.5,50,119350
20240110,13:49:31,1345.25,50,119400
20240110,14:04:15,1315.4,50,119450
20240110,14:09:00,1317.8,50,119500
20240110,14:18:24,1280.5,150,119550
20240110,14:19:20,1271.0,50,119550
20240110,14:20:17,1271.0,50,119550
20240110,14:22:43,1298.4,50,119650
20240110,14:23:43,1298.8,50,119650
20240110,14:27:27,1320.7,50,119750
20240110,14:36:10,1290.9,50,119800
20240110,14:43:47,1261.45,50,119850
20240110,14:44:31,1261.45,50,119850
20240110,14:49:16,1273.65,50,119950
20240110,14:59:23,1212.7,50,120000
20240110,15:05:54,1186.45,50,120050
20240110,15:06:41,1186.45,50,120100
20240110,15:07:16,1215.95,50,120100
20240110,15:10:13,1189.5,50,120200
20240110,15:17:22,1195.65,50,120250
20240110,15:18:42,1197.05,100,120300
20240110,15:20:55,1190.55,50,120300
20240111,09:54:55,1191.55,1,120300
20240111,09:54:55,1191.55,50,120300
20240111,10:16:22,1185.0,150,120300
20240111,10:55:06,1185.0,50,120150
20240111,10:59:17,1230.25,50,120150
20240111,11:00:59,1218.45,50,120150
20240111,11:02:53,1216.8,50,120150
20240111,11:04:49,1221.85,50,120150
20240111,13:51:36,1208.0,50,120150
20240111,13:54:40,1207.0,50,120150
20240111,13:59:47,1194.95,50,120150
20240111,14:01:20,1198.65,50,120150
20240111,14:02:17,1198.9,50,120100
20240111,14:02:26,1198.4,50,120100
20240112,09:33:01,1124.0,1,119950
20240112,09:33:01,1124.0,450,119950
20240112,10:03:31,1094.15,500,119950
20240112,10:03:57,1092.95,50,119950
20240112,10:54:34,1030.0,100,119950
20240112,10:55:16,1030.0,200,119950
20240112,11:13:30,1030.0,50,119950
20240112,11:56:58,1015.5,250,119950
20240112,12:02:22,1015.5,50,119950
20240112,12:18:51,1030.55,200,119900
20240112,13:09:59,1008.55,50,119900
20240112,13:27:47,990.0,50,119850
20240112,13:40:11,972.0,500,119900
20240112,13:41:06,970.0,500,119900
20240112,13:41:34,963.0,500,119900
20240112,13:42:44,952.0,150,119800
20240112,13:42:58,952.0,350,119800
20240112,13:43:25,950.0,200,119800
20240112,13:43:38,950.0,100,119800
20240112,13:44:45,960.0,100,119800
20240112,13:45:08,962.0,600,119800
20240112,13:47:06,965.0,500,119800
20240112,13:47:39,966.0,500,119800
20240112,13:48:09,965.0,500,119700
20240112,13:48:27,965.0,100,119700
20240112,13:48:38,965.0,400,119700
20240112,13:48:59,965.0,500,119700
20240112,13:49:49,962.2,50,119700
20240112,13:50:02,960.0,500,119700
20240112,13:51:13,960.0,500,119650
20240112,13:52:03,959.0,500,119650
20240112,13:52:58,958.0,500,119650
20240112,13:53:09,955.0,500,119650
20240112,13:54:05,956.0,250,119650
20240112,13:54:15,956.0,50,119650
20240112,13:54:25,960.0,200,119650
20240112,13:54:35,958.0,500,119650
20240112,13:55:10,955.0,500,119650
20240112,13:56:21,958.0,500,119650
20240112,13:56:52,962.05,100,119650
20240112,13:57:03,964.0,500,119650
20240112,13:57:14,960.0,500,119750
20240112,13:57:46,960.0,50,119750
20240112,13:57:57,960.0,350,119750
20240112,13:58:07,960.0,100,119750
20240112,13:59:52,960.0,500,119750
20240112,14:03:48,965.0,100,119750
20240112,14:04:28,965.0,400,119750
20240112,14:05:16,965.0,250,119750
20240112,14:05:25,966.0,250,119750
20240112,14:05:36,969.9,50,119750
20240112,14:06:32,972.0,50,119700
20240112,14:06:54,979.0,450,119700
20240112,14:07:06,980.0,500,119700
20240112,14:07:37,973.0,500,119700
20240112,14:08:46,976.0,250,119700
20240112,14:08:56,976.0,250,119700
20240112,14:09:07,975.0,1000,119700
20240112,14:18:11,959.9,50,112850
20240112,14:23:19,959.35,50,111000
20240112,14:25:16,957.2,50,110950
20240112,14:28:34,946.85,100,110900
20240112,14:30:47,946.85,50,110800
20240112,14:34:21,948.6,50,110750
20240112,14:36:23,939.65,50,110700
20240112,14:38:51,919.55,50,110700
20240112,14:39:04,912.9,100,110700
20240112,14:40:27,912.9,50,110600
20240112,14:47:14,936.15,50,110650
20240112,14:50:17,949.0,50,110600
20240112,14:50:53,940.1,50,110600
20240112,15:00:16,931.95,50,110500
20240112,15:00:41,940.5,50,110500
20240112,15:05:20,963.85,50,110400
20240112,15:05:34,958.15,50,110400
20240112,15:07:06,971.25,50,110350
20240112,15:07:19,970.35,50,110350
20240112,15:07:31,970.2,50,110350
20240112,15:07:43,970.15,50,110350
20240112,15:08:22,984.2,50,110350
20240112,15:08:34,984.0,50,110350
20240112,15:09:00,985.05,50,110350
20240112,15:09:40,989.15,50,110100
20240112,15:10:32,991.25,50,110100
20240112,15:10:46,978.0,100,110100
20240112,15:11:12,979.4,150,110100
20240112,15:11:25,974.95,50,110100
20240112,15:16:17,949.8,50,110000
20240112,15:18:17,952.95,50,110000
20240112,15:19:18,948.85,50,110000
20240112,15:23:14,946.9,50,109950
20240112,15:25:20,937.45,100,109850
20240112,15:25:33,936.4,50,109850
20240112,15:26:50,934.85,50,109850
20240115,09:15:23,857.2,1,109300
20240115,09:15:23,857.2,50,109300
20240115,09:15:47,859.7,50,109300
20240115,09:21:53,859.7,50,109300
20240115,09:26:18,808.1,50,109250
20240115,09:27:17,808.1,50,109250
20240115,09:28:11,805.8,50,109250
20240115,09:31:03,805.8,50,109200
20240115,09:34:31,818.65,50,109150
20240115,09:35:52,821.5,50,109100
20240115,09:41:28,831.95,50,109050
20240115,09:54:23,866.35,50,109000
20240115,10:00:04,893.2,50,108950
20240115,10:03:07,893.2,50,108900
20240115,10:13:21,861.4,50,108850
20240115,10:14:39,867.4,50,108850
20240115,10:20:25,866.25,250,108800
20240115,10:24:46,867.0,50,109000
20240115,10:24:56,868.75,50,109000
20240115,10:26:41,873.15,50,109000
20240115,10:45:19,849.1,50,109000
20240115,10:45:32,855.0,100,109000
20240115,10:48:11,862.0,300,108950
20240115,10:49:06,858.95,300,108950
20240115,10:54:21,850.0,50,108900
20240115,10:56:49,851.0,50,108950
20240115,10:56:51,851.0,50,108950
20240115,10:58:01,853.0,50,108950
20240115,10:58:12,853.0,150,108950
20240115,11:06:47,848.8,50,108600
20240115,11:23:36,828.0,50,108250
20240115,11:30:17,832.2,50,108300
20240115,11:37:09,845.0,50,108200
20240115,11:37:37,846.35,50,108200
20240115,11:41:12,844.0,100,108150
20240115,11:41:23,846.15,50,108150
20240115,11:47:02,837.1,50,108100
20240115,11:56:45,833.9,50,107950
20240115,12:12:54,824.05,50,107900
20240115,12:28:18,820.0,50,107950
20240115,13:09:06,825.6,50,107900
20240115,13:14:22,815.95,100,107900
20240115,13:16:18,820.15,100,107950
20240115,13:43:25,816.6,50,108050
20240115,13:49:37,834.4,100,108000
20240115,13:50:07,842.45,50,108000
20240115,13:50:13,838.9,50,108000
20240115,14:06:19,793.05,100,107900
20240115,14:08:41,790.7,50,107900
20240115,14:16:16,790.7,150,107900
20240115,14:18:52,798.65,50,107900
20240115,14:25:39,795.8,50,107950
20240115,14:27:43,805.0,50,107900
20240115,14:53:05,785.45,150,107850
20240115,15:03:00,780.0,50,108000
20240115,15:03:40,780.0,50,108050
20240115,15:15:43,780.0,50,108000
20240115,15:21:24,765.0,50,108000
20240115,15:25:48,765.0,50,108050
20240115,15:28:50,765.0,50,108000
20240115,15:29:07,762.45,200,108000
20240116,09:15:33,849.95,1,107750
20240116,09:15:33,850.0,150,107750
20240116,09:21:07,822.4,50,107700
20240116,10:02:45,822.4,50,107700
20240116,10:11:43,811.25,50,107700
20240116,10:12:11,810.8,50,107700
20240116,10:12:26,810.8,50,107700
20240116,11:47:53,810.0,50,107700
20240116,11:48:33,807.6,50,107700
20240116,11:55:43,805.0,50,107750
20240116,11:58:32,795.0,250,107750
20240116,12:08:38,795.0,50,107500
20240116,12:21:37,826.8,50,107450
20240116,12:48:41,852.0,50,107400
20240116,12:48:56,852.0,50,107400
20240116,13:13:33,880.0,50,107350
20240116,13:14:31,880.0,50,107350
20240116,13:28:52,882.8,50,107350
20240116,13:34:11,918.15,50,107350
20240116,13:58:02,918.15,100,107300
20240116,14:13:49,849.5,50,107200
20240116,14:35:00,860.5,50,107150
20240116,14:37:54,886.5,50,107100
20240116,14:41:04,870.95,50,107050
20240116,14:49:23,861.35,50,107050
20240116,14:54:49,870.0,50,107100
20240116,15:08:05,864.4,50,107050
20240116,15:16:34,880.0,50,107000
20240116,15:17:15,895.9,50,107000
20240116,15:25:01,881.4,50,106950
20240116,15:27:32,880.55,50,106950
20240117,09:16:10,1050.0,1,106950
20240117,09:16:10,1050.0,50,106950
20240117,09:16:42,1067.5,50,106950
20240117,09:19:40,1067.5,50,107000
20240117,09:21:11,1077.15,100,107050
20240117,10:20:30,1094.4,100,106950
20240117,10:21:32,1098.9,50,106950
20240117,10:24:09,1102.6,50,106950
20240117,10:25:11,1106.35,50,106950
20240117,10:25:25,1109.2,50,106950
20240117,10:25:50,1109.2,50,106950
20240117,10:26:02,1106.45,50,106950
20240117,11:26:48,1147.5,50,106750
20240117,11:52:47,1219.95,50,106700
20240117,12:00:53,1219.95,50,106650
20240117,12:47:47,1219.1,50,106600
20240117,13:01:01,1242.0,50,106600
20240117,13:02:39,1242.0,50,106600
20240117,13:36:16,1250.0,50,106600
20240117,13:41:08,1250.0,50,106550
20240117,13:55:11,1211.85,50,106550
20240117,14:31:53,1290.9,50,106550
20240117,14:46:54,1320.0,100,106500
20240117,14:47:34,1310.0,50,106500
20240117,15:04:52,1320.0,100,106500
20240117,15:29:46,1307.4,50,106500
20240118,09:18:13,1436.3,1,106500
20240118,09:18:13,1436.3,50,106500
20240118,09:23:58,1441.45,50,106450
20240118,09:27:55,1445.0,50,106500
20240118,09:28:24,1445.0,50,106500
20240118,09:33:42,1460.0,50,106500
20240118,09:34:52,1465.0,50,106500
20240118,10:18:46,1511.25,50,106500
20240118,10:27:59,1511.25,50,106500
20240118,11:21:55,1425.0,50,106500
20240118,11:22:56,1417.0,50,106500
20240118,11:41:51,1417.0,500,106500
20240118,11:43:38,1439.85,500,106500
20240118,11:44:32,1425.0,600,106500
20240118,11:49:15,1421.55,50,106500
20240118,11:57:17,1390.9,50,106450
20240118,14:38:35,1390.9,50,106400
20240118,15:02:42,1396.95,100,106400
20240118,15:02:55,1397.95,100,106400
20240119,09:15:40,1260.45,1,106600
20240119,09:15:40,1260.45,150,106600
20240119,09:18:27,1236.95,50,106750
20240119,09:38:28,1230.0,50,106750
20240119,09:44:14,1230.0,50,106750
20240119,09:52:01,1263.1,50,106750
20240119,10:01:29,1263.1,100,106700
20240119,10:31:12,1200.0,50,106700
20240119,10:32:17,1199.75,50,106700
20240119,10:39:22,1199.75,100,106700
20240119,10:39:23,1216.0,200,106700
20240119,10:47:02,1230.75,50,106700
20240119,11:08:08,1301.8,50,106650
20240119,11:46:01,1302.0,100,106600
20240119,12:11:23,1302.0,50,106600
20240119,12:20:42,1299.15,50,106550
20240119,13:19:16,1223.0,50,106500
20240119,13:19:44,1219.6,50,106500
20240119,13:20:13,1215.0,50,106500
20240119,13:22:01,1225.0,50,106500
20240119,14:04:02,1270.4,50,106400
20240119,14:43:39,1207.0,50,106350
20240119,14:43:53,1203.1,100,106350
20240119,14:43:54,1203.0,50,106350
20240119,14:54:50,1209.2,50,106350
20240119,14:54:55,1209.1,50,106350
20240119,14:55:16,1207.6,50,106350
20240119,14:55:28,1206.3,50,106350
20240119,15:00:59,1258.65,50,106350
20240119,15:05:46,1233.55,50,106300
20240119,15:28:41,1217.1,50,106250
20240119,15:29:08,1222.1,50,106250
20240120,10:10:14,1242.1,1,106200
20240120,10:10:14,1242.1,50,106200
20240120,10:51:01,1197.05,50,106200
20240120,12:11:15,1197.05,50,106150
20240120,12:12:14,1216.05,50,106150
20240120,12:21:38,1217.0,50,106150
20240120,12:25:50,1221.0,50,106150
20240120,12:28:43,1222.0,50,106150
20240120,13:52:36,1262.15,250,106150
20240120,15:21:39,1281.95,50,106150
20240120,15:27:02,1281.95,50,106200
20240123,09:18:29,1125.0,100,106200
20240123,09:31:40,1148.15,100,106200
20240123,09:31:44,1149.0,100,106200
20240123,09:31:48,1144.15,50,106200
20240123,09:31:59,1141.15,50,106200
20240123,09:32:04,1138.85,50,106200
20240123,09:32:10,1138.15,50,106200
20240123,09:33:06,1138.45,50,106200
20240123,09:37:16,1143.65,50,106150
20240123,09:38:24,1148.6,50,106150
20240123,09:39:08,1160.9,50,106100
20240123,09:39:14,1156.9,50,106100
20240123,09:39:33,1156.15,50,106100
20240123,09:39:46,1150.3,50,106100
20240123,09:40:50,1145.0,50,106100
20240123,09:41:01,1141.55,50,106100
20240123,09:41:04,1143.3,50,106100
20240123,09:41:19,1147.15,50,106100
20240123,09:41:26,1143.75,50,106100
20240123,09:41:28,1143.75,50,106100
20240123,09:41:32,1144.95,50,106100
20240123,09:41:40,1143.4,50,106000
20240123,09:41:41,1143.4,50,106000
20240123,09:41:43,1144.25,50,106000
20240123,09:41:44,1143.85,100,106000
20240123,09:41:46,1143.2,50,106000
20240123,09:42:08,1137.3,50,106000
20240123,09:42:47,1134.25,50,106000
20240123,09:42:56,1135.85,50,106000
20240123,09:43:04,1133.2,50,106000
20240123,09:43:05,1133.95,50,106000
20240123,09:43:09,1132.55,50,106000
20240123,09:43:36,1132.3,50,106000
20240123,09:44:18,1132.4,50,106000
20240123,09:54:29,1139.4,50,106000
20240123,10:01:07,1202.2,50,105950
20240123,10:02:25,1202.45,50,105950
20240123,10:06:29,1217.9,50,105850
20240123,10:10:35,1215.15,50,105800
20240123,10:33:30,1256.6,50,105750
20240123,10:45:27,1333.1,50,105700
20240123,10:46:34,1345.1,50,105700
20240123,11:06:44,1325.6,50,105650
20240123,11:11:57,1337.15,50,105600
20240123,11:16:34,1341.0,450,105600
20240123,11:17:01,1330.0,500,105600
20240123,11:18:01,1335.0,500,105600
20240123,11:18:29,1340.0,500,105600
20240123,11:18:46,1340.0,500,105600
20240123,11:19:20,1345.0,600,105600
20240123,11:20:44,1350.4,50,105600
20240123,11:32:13,1373.7,100,105550
20240123,11:33:13,1390.9,150,105550
20240123,11:42:18,1410.65,150,105400
20240123,12:00:48,1458.75,50,105400
20240123,12:08:23,1515.25,50,105350
20240123,12:12:47,1509.65,50,105250
20240123,12:14:29,1502.55,50,105250
20240123,12:22:13,1503.15,50,105150
20240123,12:31:06,1491.9,50,105100
20240123,12:41:26,1497.0,50,105050
20240123,12:50:13,1494.7,50,105050
20240123,13:46:13,1557.9,150,105000
20240123,13:51:07,1574.3,50,105000
20240123,13:52:17,1594.75,50,105000
20240123,13:54:49,1571.3,50,105050
20240123,14:02:38,1593.25,150,105000
20240123,14:05:08,1590.2,50,104950
20240123,14:06:50,1577.25,100,104950
20240123,14:41:34,1670.0,50,104950
20240123,14:59:50,1706.6,100,104950
20240123,15:02:13,1738.65,200,104950
20240123,15:03:52,1742.85,100,104950
20240123,15:03:53,1746.9,200,104950
20240123,15:03:54,1746.9,100,104950
20240123,15:06:44,1741.7,500,104950
20240123,15:08:36,1706.6,50,104950
20240123,15:09:11,1708.25,50,104950
20240123,15:20:08,1696.25,100,104900
20240123,15:25:06,1695.4,50,104900
20240123,15:29:59,1734.1,1,104900
20240124,09:16:04,1702.9,1,104900
20240124,09:16:04,1702.95,150,104900
20240124,09:42:25,1615.0,150,104900
20240124,09:42:26,1615.0,850,104900
20240124,09:44:43,1615.0,50,104900
20240124,09:51:00,1585.0,1000,104900
20240124,09:55:53,1548.0,50,104900
20240124,09:57:14,1515.0,50,104900
20240124,10:00:33,1476.6,100,104900
20240124,10:02:42,1476.6,150,104900
20240124,10:03:46,1536.8,50,104850
20240124,10:04:02,1548.45,50,104850
20240124,10:04:21,1536.75,100,104850
20240124,10:05:33,1535.75,50,104850
20240124,10:10:17,1562.55,150,104900
20240124,10:10:34,1560.0,1000,104900
20240124,10:11:02,1547.15,50,104900
20240124,10:12:01,1570.0,1000,104900
20240124,10:13:03,1565.0,1000,104900
20240124,10:25:05,1490.0,1000,104900
20240124,10:26:11,1487.0,1000,104900
20240124,10:29:11,1489.0,1000,104900
20240124,10:34:46,1468.0,1000,104900
20240124,10:36:58,1463.35,1000,104900
20240124,10:42:33,1495.0,1000,104900
20240124,10:45:26,1540.6,100,104900
20240124,10:47:00,1535.0,1000,104900
20240124,10:49:15,1530.0,50,104900
20240124,10:49:37,1538.0,100,104900
20240124,10:52:41,1529.35,1000,104900
20240124,10:56:48,1510.0,1000,104900
20240124,10:57:46,1500.0,1000,104900
20240124,11:01:18,1500.0,100,104900
20240124,11:02:07,1502.0,900,104900
20240124,11:02:34,1502.0,150,104900
20240124,11:03:05,1502.0,100,104900
20240124,11:03:06,1502.0,750,104900
20240124,11:08:56,1511.0,1000,104900
20240124,11:09:17,1510.0,1000,104900
20240124,11:15:36,1505.0,1000,104900
20240124,11:16:29,1495.0,50,104900
20240124,11:16:35,1495.0,950,104900
20240124,11:17:53,1495.0,1000,104900
20240124,11:19:47,1495.0,1000,104900
20240124,11:28:14,1561.1,400,104900
20240124,11:32:31,1657.35,50,104900
20240124,11:32:37,1650.35,250,104900
20240124,11:32:43,1646.15,50,104900
20240124,11:32:46,1648.55,50,104900
20240124,11:34:01,1621.1,400,104900
20240124,11:35:04,1625.0,1000,105000
20240124,11:36:45,1561.1,200,105000
20240124,11:39:31,1585.0,1000,105000
20240124,11:40:55,1609.0,800,105000
20240124,11:40:56,1609.0,200,105000
20240124,11:41:34,1591.55,100,105000
20240124,11:44:21,1575.0,1000,105000
20240124,11:45:35,1575.0,1000,105000
20240124,11:50:59,1595.0,1000,105000
20240124,11:51:53,1600.0,1000,105000
20240124,11:53:30,1593.0,250,105000
20240124,11:53:32,1593.0,750,105000
20240124,11:54:03,1595.0,1000,105000
20240124,11:55:51,1585.0,1000,105000
20240124,11:58:42,1610.1,50,105000
20240124,11:58:48,1608.0,1000,105000
20240124,11:58:51,1611.3,100,105000
20240124,12:03:15,1605.0,500,105000
20240124,12:04:06,1624.0,500,105000
20240124,12:09:13,1635.0,1000,105000
20240124,12:12:08,1628.0,50,105000
20240124,12:21:55,1615.0,500,105000
20240124,12:22:00,1613.0,500,105000
20240124,12:22:01,1610.0,300,105000
20240124,12:22:41,1622.0,300,105000
20240124,12:25:40,1645.85,500,105000
20240124,12:25:42,1646.0,500,105000
20240124,12:36:59,1670.0,50,104900
20240124,12:40:16,1670.0,50,104900
20240124,12:40:28,1662.35,50,104900
20240124,12:46:16,1650.0,200,104900
20240124,12:51:40,1610.0,50,104900
20240124,12:52:01,1605.5,50,104900
20240124,12:52:39,1606.55,50,104900
20240124,12:52:59,1599.15,50,104900
20240124,12:55:01,1620.0,200,104900
20240124,12:57:17,1605.0,100,104900
20240124,12:58:12,1600.0,200,104900
20240124,12:59:24,1600.0,500,104900
20240124,12:59:41,1592.0,500,104900
20240124,13:00:02,1580.0,1200,104900
20240124,13:01:14,1550.0,500,105000
20240124,13:01:36,1540.0,450,105000
20240124,13:02:30,1555.65,50,105000
20240124,13:02:34,1549.05,50,105000
20240124,13:03:18,1540.0,50,104950
20240124,13:04:20,1545.0,50,104950
20240124,13:05:08,1545.0,50,104950
20240124,13:05:34,1555.05,50,104950
20240124,13:06:22,1565.0,50,104950
20240124,13:06:28,1565.0,50,104950
20240124,13:06:36,1560.0,50,104950
20240124,13:06:58,1542.0,50,104950
20240124,13:08:16,1565.0,50,104950
20240124,13:08:21,1560.0,50,104950
20240124,13:08:23,1562.0,250,104950
20240124,13:08:27,1560.0,50,104950
20240124,13:09:40,1581.35,50,104950
20240124,13:10:05,1574.0,1000,104900
20240124,13:10:06,1573.25,100,104900
20240124,13:10:30,1573.0,250,104900
20240124,13:11:04,1569.0,1200,104900
20240124,13:11:09,1568.9,250,104900
20240124,13:11:25,1575.0,100,104900
20240124,13:11:41,1580.0,50,104900
20240124,13:11:45,1580.0,50,104900
20240124,13:11:58,1580.0,350,104900
20240124,13:12:13,1580.0,1000,104900
20240124,13:12:23,1577.65,50,104900
20240124,13:12:25,1575.0,50,104900
20240124,13:13:05,1580.0,1000,104900
20240124,13:14:50,1578.95,50,104900
20240124,13:15:06,1575.2,50,104900
20240124,13:15:39,1580.0,1000,104900
20240124,13:17:01,1585.0,50,104900
20240124,13:17:07,1577.2,50,104900
20240124,13:18:10,1590.0,500,104900
20240124,13:18:17,1590.0,500,104900
20240124,13:23:00,1560.0,350,104900
20240124,13:23:00,1560.0,650,104900
20240124,13:23:03,1564.5,150,104900
20240124,13:24:01,1557.6,150,104900
20240124,13:24:52,1580.0,1000,104900
20240124,13:26:42,1585.0,500,104900
20240124,13:26:45,1580.0,500,104900
20240124,13:28:27,1570.0,1000,104900
20240124,13:29:34,1573.0,250,104900
20240124,13:29:48,1573.0,700,104900
20240124,13:30:23,1573.0,50,104900
20240124,13:31:08,1570.0,1000,104900
20240124,13:34:26,1596.8,100,104900
20240124,13:35:07,1594.45,100,104900
20240124,13:35:27,1589.15,100,104900
20240124,13:37:11,1601.05,50,104900
20240124,13:55:21,1583.0,50,104900
20240124,13:55:26,1580.0,50,104900
20240124,14:13:18,1548.35,50,104900
20240124,14:13:19,1547.25,50,104900
20240124,14:13:40,1543.25,50,104900
20240124,14:13:51,1541.9,50,104900
20240124,14:14:31,1542.0,50,104900
20240124,14:15:18,1532.0,100,104900
20240124,14:22:49,1521.2,50,104850
20240124,14:23:09,1521.25,50,104850
20240124,14:28:51,1500.0,100,104850
20240124,14:34:48,1481.0,50,104850
20240124,14:34:52,1480.5,300,104850
20240124,14:39:01,1476.0,200,104850
20240124,14:42:49,1450.0,250,104850
20240124,14:50:50,1447.0,150,104850
20240124,14:51:10,1447.0,100,104850
20240124,15:02:03,1425.25,100,104850
20240124,15:02:19,1424.0,50,104850
20240124,15:02:21,1422.6,50,104850
20240124,15:02:22,1422.6,50,104850
20240124,15:02:31,1424.1,50,104850
20240124,15:03:04,1471.0,50,104850
20240124,15:03:19,1477.7,50,104850
20240124,15:04:12,1463.15,50,104850
20240124,15:07:00,1435.0,350,104850
20240124,15:08:26,1436.8,100,104850
20240124,15:19:15,1407.25,50,104850
20240124,15:29:26,1407.25,100,104850
20240125,09:18:40,1466.3,1,104850
20240125,09:18:40,1466.3,50,104850
20240125,09:21:44,1481.4,200,104850
20240125,09:53:29,1528.05,50,104800
20240125,10:40:36,1580.0,50,104800
20240125,10:40:41,1580.0,50,104800
20240125,10:40:59,1569.2,50,104800
20240125,10:41:06,1569.9,50,104800
20240125,11:00:57,1651.0,100,104800
20240125,11:10:11,1651.0,550,104800
20240125,11:12:16,1629.0,300,104800
20240125,11:14:44,1638.0,100,104800
20240125,11:16:40,1632.4,450,104800
20240125,11:17:02,1626.7,50,104800
20240125,11:54:46,1613.85,100,104800
20240125,12:02:49,1596.95,200,104800
20240125,12:03:01,1593.45,200,104800
20240125,12:03:32,1588.3,400,104800
20240125,12:03:49,1587.35,50,104800
20240125,12:12:23,1605.0,500,104750
20240125,12:12:35,1605.0,500,104750
20240125,12:59:04,1643.95,200,104750
20240125,13:54:46,1628.6,50,104750
20240125,14:34:31,1632.5,50,104750
20240125,14:39:07,1644.5,100,104750
20240125,14:39:09,1643.3,100,104750
20240125,14:39:10,1643.2,100,104750
20240125,14:44:57,1638.55,200,104750
20240125,15:00:14,1625.0,400,104750
20240125,15:05:02,1595.0,1250,104750
20240125,15:05:03,1595.0,250,104750
20240125,15:06:07,1587.0,650,104750
20240125,15:16:30,1572.4,250,104750
20240125,15:20:12,1562.2,50,104750
