date,time,tick_price,volume,open_interest
20231128,09:16:15,81.15,200,650
20231128,09:16:42,80.7,450,650
20231128,09:20:20,79.2,200,650
20231128,09:30:39,79.2,250,450
20231128,09:32:00,81.25,50,450
20231128,09:35:15,81.25,50,250
20231128,09:35:22,81.0,100,250
20231128,10:20:32,82.25,150,250
20231128,11:00:14,82.25,50,250
20231128,11:13:06,77.45,200,250
20231128,11:18:51,77.25,300,400
20231128,13:00:38,76.0,100,700
20231128,13:23:10,76.0,100,800
20231128,13:47:02,75.0,100,800
20231128,13:51:47,75.0,50,900
20231128,14:19:33,74.0,50,950
20231128,14:22:07,72.0,50,1000
20231128,14:37:42,68.6,50,1050
20231128,14:50:02,68.6,50,1050
20231128,14:52:24,70.3,100,1050
20231128,15:09:59,67.4,100,1150
20231128,15:29:03,65.1,200,1200
20231129,09:38:48,55.45,1,1400
20231129,09:38:48,55.45,200,1400
20231129,09:39:20,56.25,50,1400
20231129,10:14:06,58.45,100,1450
20231129,12:13:22,58.45,50,1550
20231129,12:37:34,58.45,50,1600
20231129,12:58:04,58.45,50,1600
20231130,09:15:01,53.0,1,1650
20231130,09:15:01,53.0,100,1650
20231130,09:25:41,55.7,200,1650
20231130,09:30:21,55.7,200,1650
20231201,10:34:39,49.15,1,1450
20231201,10:34:39,49.15,50,1450
20231204,09:42:42,31.2,1,1450
20231204,09:42:42,31.2,500,1450
20231204,09:54:48,31.1,100,1950
20231204,10:15:07,25.0,50,2050
20231204,10:23:42,24.0,100,2050
20231204,10:24:38,24.0,150,2000
20231204,10:24:54,24.0,50,2000
20231204,10:25:58,23.8,50,2000
20231204,10:26:07,23.05,150,2000
20231204,10:26:15,23.6,650,2000
20231204,10:26:23,23.6,100,2000
20231204,10:26:31,23.7,50,2000
20231204,10:26:39,23.7,50,1100
20231204,10:26:54,23.65,100,1100
20231204,10:27:33,23.7,50,1100
20231204,10:27:41,23.7,100,1100
20231204,11:52:16,24.9,650,950
20231204,11:55:14,23.45,400,1600
20231204,11:55:22,23.45,150,1600
20231204,11:55:37,23.55,100,1600
20231204,11:55:43,23.55,100,1600
20231204,11:56:04,23.65,100,1600
20231204,12:02:26,23.4,100,2050
20231204,12:02:41,23.35,100,2050
20231204,12:02:55,23.3,50,2250
20231204,12:10:11,23.25,450,2250
20231204,12:10:19,23.25,50,2250
20231204,12:10:26,23.25,50,2250
20231204,12:10:42,23.15,50,2250
20231204,12:10:57,23.05,200,2250
20231204,12:25:59,20.75,650,2550
20231204,14:40:50,20.75,50,2550
20231204,14:55:53,23.6,100,2550
20231204,15:04:01,23.9,100,2550
20231204,15:24:30,23.95,200,2550
20231205,09:49:57,23.95,1,2350
20231205,09:49:57,23.95,100,2350
20231205,12:15:08,25.2,50,2350
20231205,13:09:00,26.5,50,2400
20231214,09:57:31,6.0,1,2400
20231214,09:57:31,6.0,50,2400
20231214,14:26:16,7.0,50,2350
20231226,09:16:14,3.0,1,2350
20231226,09:16:14,3.05,750,2350
20231226,09:16:24,3.05,50,2350
20231226,09:17:02,3.05,150,2350
20231226,09:17:41,3.05,200,1500
20231226,09:18:51,3.05,850,1500
20231226,13:02:58,3.05,500,1250
20231226,13:07:06,3.05,200,1250
20231226,13:09:06,3.05,50,1450
20231226,13:09:32,3.05,100,1450
20231226,14:22:11,3.05,100,1550
20231226,14:22:20,3.05,100,1550
20231226,15:15:41,3.05,100,1700
20231227,09:17:48,3.0,1,1700
20231227,09:17:48,3.0,100,1700
20231227,09:27:45,3.75,250,1700
20231227,09:31:44,3.75,100,1450
20231227,09:36:37,2.3,500,1550
20231227,09:40:58,3.0,50,2000
20231227,09:42:14,3.0,50,2050
20231227,09:43:00,3.05,100,2050
20231227,11:40:51,3.45,50,2050
20231227,11:47:40,3.1,100,2100
20231227,11:51:17,3.05,50,2100
20231227,12:36:34,2.75,5400,2150
20231227,12:36:40,2.75,5550,2150
20231227,12:37:08,2.75,1850,2150
20231227,12:37:13,2.75,950,2150
20231227,12:37:34,2.75,1000,2150
20231227,12:39:53,2.8,50,15450
20231227,12:41:17,2.75,2350,15450
20231227,12:41:32,2.75,1400,15450
20231227,12:41:36,2.75,100,15450
20231227,12:41:41,2.75,1950,15450
20231227,12:50:08,2.7,150,20700
20231227,12:50:13,2.7,150,20700
20231227,12:50:18,2.7,150,20700
20231227,12:50:27,2.7,50,20700
20231227,12:50:46,2.7,200,20700
20231227,12:53:30,2.7,50,21300
20231227,12:53:36,2.7,150,21300
20231227,12:53:42,2.7,50,21300
20231227,12:53:53,2.7,150,21300
20231227,12:54:03,2.7,250,21300
20231227,12:54:08,2.65,100,21900
20231227,12:55:01,2.7,250,21900
20231227,12:55:31,2.7,100,21900
20231227,12:55:49,2.7,250,21900
20231227,12:56:20,2.7,350,21900
20231227,12:56:52,2.7,150,21900
20231227,13:00:29,2.7,200,22850
20231227,13:02:44,2.65,100,22850
20231227,13:03:52,2.65,350,22900
20231227,13:03:57,2.6,1250,22900
20231227,13:04:06,2.55,2150,22900
20231227,13:04:35,2.55,100,22900
20231227,13:06:04,2.55,50,22900
20231227,13:10:33,2.5,1050,26200
20231227,13:17:56,2.5,300,26200
20231227,13:18:37,2.5,200,26200
20231227,13:21:37,2.4,400,26200
20231227,13:21:48,2.4,400,26200
20231227,13:23:33,2.35,50,26200
20231227,13:23:37,2.4,50,26200
20231227,13:25:12,2.4,250,26200
20231227,13:26:30,2.4,600,26200
20231227,13:29:16,2.4,300,26200
20231227,13:29:20,2.4,250,26200
20231227,13:29:24,2.4,250,26200
20231227,13:31:55,2.4,300,26200
20231227,13:32:00,2.4,700,26200
20231227,13:35:45,2.4,50,26400
20231227,13:39:07,2.4,250,26450
20231227,13:42:08,2.35,100,26450
20231227,13:44:14,2.35,100,26500
20231227,13:44:20,2.35,50,26500
20231227,13:44:38,2.35,50,26500
20231227,13:46:45,2.3,350,26500
20231227,14:02:23,2.45,50,26500
20231227,14:23:49,2.45,50,26500
20231227,14:28:59,2.45,100,26500
20231227,14:29:33,2.5,1350,26500
20231227,14:29:56,2.5,300,26500
20231227,14:32:36,2.45,450,26500
20231227,14:32:41,2.45,100,26500
20231227,14:32:45,2.45,50,26500
20231227,14:33:01,2.45,50,26500
20231227,14:33:31,2.45,50,26500
20231227,14:33:39,2.45,250,26500
20231227,14:39:10,2.5,200,26500
20231227,14:41:10,2.8,800,26500
20231227,14:41:16,2.8,800,26500
20231227,14:46:39,2.7,50,26500
20231227,14:49:46,2.75,1450,26500
20231227,14:49:52,2.75,4100,26500
20231227,14:49:59,2.75,400,26500
20231227,14:50:12,2.75,4400,26500
20231227,14:54:40,2.7,700,36500
20231227,14:54:46,2.65,250,36500
20231227,14:54:52,2.75,300,36500
20231227,14:55:27,2.75,2150,36500
20231227,14:55:41,2.8,50,36500
20231227,14:56:50,2.75,4550,36500
20231227,14:56:56,2.75,7200,36500
20231227,14:57:01,2.75,4650,36500
20231227,14:57:16,2.75,3950,36500
20231227,14:57:33,2.75,1500,57700
20231227,14:57:44,2.75,1650,57700
20231227,14:57:49,2.75,1600,57700
20231227,14:58:56,2.7,4100,57700
20231227,14:59:07,2.7,1050,57700
20231227,14:59:11,2.7,350,57700
20231227,14:59:21,2.7,1600,57700
20231227,14:59:25,2.7,300,57700
20231227,14:59:31,2.7,1650,57700
20231227,14:59:40,2.7,2200,57700
20231227,14:59:45,2.7,550,57700
20231227,15:03:16,2.7,7050,73300
20231227,15:04:11,2.7,100,71200
20231227,15:05:54,2.8,50,71200
20231227,15:06:32,2.8,1450,71250
20231227,15:06:51,2.8,50,71250
20231227,15:07:00,2.85,1650,71250
20231227,15:07:47,2.95,100,71250
20231227,15:08:54,2.95,250,71250
20231227,15:14:07,3.0,9350,72950
20231227,15:14:25,2.95,5650,72950
20231227,15:14:43,2.95,2650,72950
20231227,15:15:20,2.95,2150,72950
20231227,15:15:29,2.95,2000,72950
20231227,15:16:05,2.95,2650,91850
20231227,15:16:23,2.9,4300,91850
20231227,15:16:32,2.9,8300,91850
20231227,15:16:41,2.9,2550,91850
20231227,15:16:50,2.9,2850,91850
20231227,15:16:59,2.85,4750,91850
20231227,15:17:17,2.85,7500,91850
20231227,15:17:25,2.85,7500,91850
20231227,15:17:34,2.85,2750,91850
20231227,15:17:53,2.8,8950,91850
20231227,15:18:03,2.8,1200,91850
20231227,15:18:22,2.8,200,91850
20231227,15:18:40,2.85,3350,136400
20231227,15:18:49,2.85,350,136400
20231227,15:19:24,2.8,50,136400
20231227,15:20:09,2.8,50,136400
20231227,15:20:18,2.75,1400,136400
20231227,15:21:30,2.7,200,138600
20231227,15:21:47,2.7,250,138600
20231227,15:24:22,2.75,250,138600
20231227,15:26:09,2.7,500,138550
20231227,15:26:27,2.65,100,138550
20231227,15:26:36,2.7,100,138550
20231227,15:26:45,2.7,300,138550
20231227,15:27:12,2.75,300,138550
20231227,15:28:26,2.75,500,138050
20231227,15:29:52,2.2,50,138050
20231228,09:21:33,2.15,1,137550
20231228,09:21:33,2.15,50,137550
20231228,09:24:11,2.5,450,137550
20231228,09:24:19,2.5,400,137550
20231228,09:24:28,2.5,100,137550
20231228,09:24:36,2.5,950,137550
20231228,09:24:45,2.5,1400,137550
20231228,09:24:53,2.55,3050,137550
20231228,09:25:01,2.5,1050,137550
20231228,09:25:10,2.5,1050,137550
20231228,09:25:18,2.5,800,137550
20231228,09:26:00,2.55,50,137550
20231228,09:26:08,2.55,50,137550
20231228,09:26:33,2.55,200,137550
20231228,09:27:07,2.6,50,138500
20231228,09:27:15,2.6,3100,138500
20231228,09:27:42,2.65,50,138500
20231228,09:28:07,2.65,700,138500
20231228,09:28:56,2.7,100,138500
20231228,09:29:04,2.7,100,138500
20231228,09:30:24,2.7,50,138250
20231228,09:31:37,2.7,1050,138250
20231228,09:32:08,2.65,950,138250
20231228,09:32:17,2.65,150,138250
20231228,09:32:25,2.55,900,138250
20231228,09:32:33,2.55,750,138250
20231228,09:32:41,2.55,100,138250
20231228,09:32:49,2.55,300,137900
20231228,09:32:57,2.55,100,137900
20231228,09:33:05,2.55,200,137900
20231228,09:33:13,2.55,100,137900
20231228,09:33:21,2.5,100,137900
20231228,09:33:29,2.5,400,137900
20231228,09:33:37,2.5,200,137900
20231228,09:33:44,2.5,200,137900
20231228,09:34:00,2.5,100,137900
20231228,09:34:08,2.5,200,137900
20231228,09:34:34,2.45,700,137900
20231228,09:34:42,2.4,100,137900
20231228,09:34:50,2.4,100,137900
20231228,09:35:07,2.4,200,137900
20231228,09:35:15,2.4,150,137900
20231228,09:35:23,2.4,150,137900
20231228,09:35:31,2.4,100,137900
20231228,09:35:40,2.4,100,137900
20231228,09:35:48,2.4,100,137900
20231228,09:35:56,2.4,50,137700
20231228,09:36:12,2.35,550,137700
20231228,09:36:20,2.35,50,137700
20231228,09:36:28,2.35,100,137700
20231228,09:36:36,2.35,50,137700
20231228,09:36:44,2.35,100,137700
20231228,09:36:52,2.3,450,137700
20231228,09:37:00,2.3,800,137700
20231228,09:37:08,2.3,800,137700
20231228,09:37:16,2.3,100,137700
20231228,09:37:24,2.3,100,137700
20231228,09:37:32,2.3,100,137700
20231228,09:37:40,2.3,150,137700
20231228,09:37:48,2.3,100,137700
20231228,09:37:56,2.3,100,137700
20231228,09:38:04,2.3,100,137700
20231228,09:38:12,2.3,150,137700
20231228,09:38:20,2.3,850,137700
20231228,09:38:29,2.3,1150,137700
20231228,09:39:41,2.3,1600,137450
20231228,09:40:37,2.25,1750,137450
20231228,09:40:45,2.25,400,137450
20231228,09:40:53,2.25,50,137450
20231228,09:41:01,2.25,350,137450
20231228,09:41:57,2.3,100,137500
20231228,09:42:22,2.4,100,137500
20231228,09:42:55,2.35,50,137500
20231228,09:43:03,2.4,50,137500
20231228,09:43:20,2.45,350,137500
20231228,09:43:28,2.45,2200,137500
20231228,09:43:36,2.5,4350,137500
20231228,09:43:44,2.4,2200,137500
20231228,09:44:00,2.45,100,137500
20231228,09:46:26,2.4,100,137450
20231228,09:46:59,2.35,100,137450
20231228,09:47:15,2.35,100,137450
20231228,09:47:23,2.35,100,137450
20231228,09:47:31,2.35,100,137450
20231228,09:47:48,2.35,200,137450
20231228,09:48:38,2.35,150,137500
20231228,09:50:31,2.35,50,137500
20231228,09:56:02,2.25,1000,137450
20231228,09:56:12,2.3,50,137450
20231228,09:58:02,2.3,150,137900
20231228,09:58:18,2.3,50,137900
20231228,09:58:26,2.35,100,137900
20231228,10:03:18,2.2,50,137900
20231228,10:03:26,2.05,50,137900
20231228,10:08:02,2.05,450,137950
20231228,10:08:11,2.05,700,137950
20231228,10:08:45,2.15,200,137950
20231228,10:08:53,2.05,100,137950
20231228,10:10:28,1.95,950,138150
20231228,10:10:37,2.0,1000,138150
20231228,10:10:46,1.95,250,138150
20231228,10:10:54,1.95,300,138150
20231228,10:11:03,1.95,200,138150
20231228,10:11:12,1.95,200,138150
20231228,10:11:21,1.95,100,138150
20231228,10:11:29,1.95,200,138150
20231228,10:11:37,1.95,100,138150
20231228,10:11:46,1.95,200,138150
20231228,10:12:27,1.95,500,137800
20231228,10:12:35,1.95,1000,137800
20231228,10:12:43,1.9,350,137800
20231228,10:12:51,1.9,350,137800
20231228,10:12:59,1.9,350,137800
20231228,10:14:47,1.9,100,137800
20231228,10:19:25,1.9,100,137650
20231228,10:19:33,1.9,50,137650
20231228,10:20:23,1.95,250,137650
20231228,10:21:03,1.95,2050,137650
20231228,10:21:12,1.95,300,137650
20231228,10:21:20,1.95,750,137650
20231228,10:21:28,2.0,10650,137650
20231228,10:22:00,2.05,100,137650
20231228,10:24:09,2.05,100,137800
20231228,10:25:20,2.05,300,137800
20231228,10:28:02,2.05,150,137800
20231228,10:29:23,2.05,2200,137800
20231228,10:29:38,2.05,1250,137800
20231228,10:29:45,2.05,950,137800
20231228,10:30:07,2.05,4150,137800
20231228,10:30:14,2.05,2100,137800
20231228,10:30:21,2.05,1950,137800
20231228,10:30:29,2.05,1050,137800
20231228,10:30:37,2.1,50,137800
20231228,10:30:51,2.15,50,137800
20231228,10:31:06,2.2,150,137800
20231228,10:31:13,2.2,100,137800
20231228,10:31:48,2.25,50,137800
20231228,10:34:30,2.25,50,138100
20231228,10:36:30,2.25,50,138100
20231228,10:38:28,2.3,100,138100
20231228,10:40:24,2.25,100,138100
20231228,10:40:30,2.25,50,138100
20231228,10:46:06,2.35,100,138000
20231228,11:00:41,2.3,50,138000
20231228,11:04:59,2.3,450,138000
20231228,11:06:45,2.2,1200,137600
20231228,11:08:43,2.1,200,137600
20231228,11:10:15,2.1,50,137350
20231228,11:25:37,2.15,100,137400
20231228,11:25:42,2.15,100,137400
20231228,11:28:07,2.2,1300,137400
20231228,11:34:05,2.3,100,137650
20231228,11:34:10,2.3,100,137650
20231228,11:34:14,2.3,50,137650
20231228,11:36:08,2.3,100,137600
20231228,11:43:24,2.35,100,137650
20231228,11:45:06,2.35,800,137650
20231228,11:47:47,2.35,200,137350
20231228,11:47:56,2.3,50,137350
20231228,11:53:56,2.3,450,137350
20231228,11:57:18,2.25,400,137350
20231228,11:58:36,2.1,300,137350
20231228,11:59:38,2.25,50,137350
20231228,12:00:08,2.15,50,137350
20231228,12:11:30,2.15,500,137400
20231228,12:11:59,2.2,750,137400
20231228,12:12:03,2.2,250,137400
20231228,12:12:33,2.2,50,137900
20231228,12:12:38,2.2,500,137900
20231228,12:13:26,2.2,50,137900
20231228,12:13:42,2.2,2050,137900
20231228,12:14:46,2.25,50,137900
20231228,12:15:02,2.2,1750,137900
20231228,12:15:06,2.2,850,137900
20231228,12:16:19,2.2,550,137650
20231228,12:17:55,2.25,1550,137650
20231228,12:19:47,2.25,2050,137400
20231228,12:20:36,2.25,350,137400
20231228,12:21:41,2.2,100,137400
20231228,12:27:37,2.2,100,137400
20231228,12:30:01,2.25,1000,137400
20231228,12:30:25,2.3,100,138000
20231228,12:30:36,2.3,50,138000
20231228,12:31:46,2.3,50,138000
20231228,12:32:41,2.4,550,138000
20231228,12:37:21,2.45,500,137800
20231228,12:44:30,2.35,250,137800
20231228,12:44:39,2.35,550,137800
20231228,12:52:31,2.3,100,137400
20231228,12:54:54,2.4,50,137400
20231228,13:00:43,2.1,100,137400
20231228,13:00:57,2.25,50,137400
20231228,13:16:43,2.3,50,137350
20231228,13:17:15,2.05,150,137350
20231228,13:18:11,2.05,50,137350
20231228,13:22:07,2.0,850,137400
20231228,13:24:40,2.0,300,137400
20231228,13:24:45,2.0,850,137400
20231228,13:35:27,2.0,3000,137400
20231228,13:35:45,2.0,350,137400
20231228,13:35:50,2.0,500,137400
20231228,13:36:15,2.0,450,137400
20231228,13:36:25,2.0,650,137400
20231228,13:37:32,2.05,3900,137400
20231228,13:37:46,2.05,1400,137400
20231228,13:37:54,2.05,1800,137400
20231228,13:38:07,2.0,250,137400
20231228,13:38:12,2.0,8400,137400
20231228,13:38:35,2.05,3950,137400
20231228,13:38:44,1.95,2150,137400
20231228,13:38:49,1.95,4050,137400
20231228,13:38:53,2.0,1850,137400
20231228,13:39:20,1.85,3150,137400
20231228,13:39:24,1.85,3950,137400
20231228,13:39:33,1.85,1600,141350
20231228,13:39:42,1.85,600,141350
20231228,13:40:00,1.85,1800,141350
20231228,13:40:04,1.85,950,141350
20231228,13:40:13,1.85,1250,141350
20231228,13:40:16,1.85,400,141350
20231228,13:40:20,1.85,150,141350
20231228,13:40:24,1.9,1800,141350
20231228,13:40:29,1.85,300,141350
20231228,13:40:41,1.9,1800,141350
20231228,13:40:49,1.9,1300,141350
20231228,13:41:01,1.9,1800,141350
20231228,13:41:09,1.9,5400,141350
20231228,13:41:13,1.9,3600,141350
20231228,13:42:16,1.95,1800,141350
20231228,13:42:21,2.0,5350,141350
20231228,13:42:25,1.95,1800,137400
20231228,13:42:30,1.95,1800,137400
20231228,13:42:34,1.95,1800,137400
20231228,13:42:38,1.95,1800,137400
20231228,13:42:42,1.95,1800,137400
20231228,13:42:56,1.95,2100,137400
20231228,13:43:04,1.95,4600,137400
20231228,13:43:33,1.95,250,137400
20231228,13:43:41,1.95,1800,137400
20231228,13:43:54,1.95,2150,137400
20231228,13:44:04,1.95,2800,137400
20231228,13:44:13,1.95,1100,137400
20231228,13:44:16,2.0,1800,137400
20231228,13:44:20,2.05,150,137400
20231228,13:45:00,2.05,300,137400
20231228,13:45:04,2.0,4900,137400
20231228,13:45:08,2.0,250,137400
20231228,13:45:25,2.05,2250,137400
20231228,13:45:29,2.05,700,137400
20231228,13:45:34,2.05,2650,137400
20231228,13:45:38,2.1,1800,137400
20231228,13:45:42,2.1,1800,137400
20231228,13:45:46,2.05,250,137400
20231228,13:46:02,2.15,2750,137400
20231228,13:49:39,2.15,1000,139450
20231228,13:51:41,2.2,150,139200
20231228,13:52:14,2.15,100,139200
20231228,13:52:25,2.15,1800,139200
20231228,13:54:38,2.2,250,139200
20231228,13:57:51,2.15,50,139200
20231228,14:00:34,2.2,200,139200
20231228,14:00:56,2.1,250,139200
20231228,14:01:28,2.1,250,139200
20231228,14:02:33,2.2,150,139200
20231228,14:03:02,2.1,250,139200
20231228,14:03:08,2.1,100,139200
20231228,14:05:17,2.2,200,139200
20231228,14:05:58,2.15,150,139200
20231228,14:08:17,2.05,150,139200
20231228,14:09:20,2.2,200,139200
20231228,14:10:49,2.1,50,139200
20231228,14:13:06,2.2,50,139250
20231228,14:14:19,2.15,50,139250
20231228,14:17:15,2.15,550,139250
20231228,14:17:33,2.2,1200,139250
20231228,14:17:37,2.2,50,139250
20231228,14:17:46,2.2,1200,139250
20231228,14:19:21,2.15,600,139950
20231228,14:20:26,2.15,500,139950
20231228,14:20:58,2.1,50,139950
20231228,14:21:21,2.15,300,139950
20231228,14:25:33,2.25,200,139400
20231228,14:26:15,2.25,1050,139400
20231228,14:26:36,2.25,50,139400
20231228,14:29:16,2.25,50,139400
20231228,14:29:46,2.2,300,139400
20231228,14:30:38,2.25,50,139400
20231228,14:31:31,2.15,250,139400
20231228,14:32:11,2.25,3150,139400
20231228,14:33:19,2.25,50,139400
20231228,14:33:23,2.25,250,139400
20231228,14:33:52,2.25,1150,138700
20231228,14:34:25,2.3,100,138700
20231228,14:34:41,2.3,700,138700
20231228,14:35:08,2.3,200,138700
20231228,14:35:16,2.3,2800,138700
20231228,14:35:37,2.3,50,138700
20231228,14:36:51,2.3,500,138900
20231228,14:36:55,2.25,250,138900
20231228,14:36:59,2.3,100,138900
20231228,14:37:54,2.25,150,138900
20231228,14:38:29,2.2,1300,138900
20231228,14:38:34,2.2,450,138900
20231228,14:39:09,2.2,1800,138900
20231228,14:39:39,2.15,1250,137800
20231228,14:40:23,2.1,50,137800
20231228,14:40:52,2.2,7600,137800
20231228,14:40:58,2.15,7900,137800
20231228,14:41:11,2.2,8000,137800
20231228,14:41:17,2.2,1800,137800
20231228,14:41:24,2.15,200,137800
20231228,14:41:54,2.15,16850,137800
20231228,14:41:59,2.2,6750,137800
20231228,14:42:04,2.25,2050,137800
20231228,14:42:09,2.2,2950,137800
20231228,14:42:14,2.15,100,137800
20231228,14:42:18,2.1,300,137800
20231228,14:42:26,2.1,300,137800
20231228,14:42:31,2.05,100,137800
20231228,14:42:40,2.15,2850,142000
20231228,14:42:45,2.25,4850,142000
20231228,14:42:49,2.2,1850,142000
20231228,14:42:54,2.2,1750,142000
20231228,14:43:39,2.1,2150,142000
20231228,14:44:02,2.1,550,142000
20231228,14:44:16,2.05,250,142000
20231228,14:44:21,2.05,100,142000
20231228,14:44:31,2.05,200,142000
20231228,14:45:02,2.1,1800,142000
20231228,14:45:19,2.1,3900,142000
20231228,14:45:24,2.15,5750,142000
20231228,14:45:28,2.15,50,142000
20231228,14:45:34,2.2,100,148100
20231228,14:45:38,2.15,2100,148100
20231228,14:46:05,2.15,50,148100
20231228,14:46:10,2.15,300,148100
20231228,14:46:14,2.15,1800,148100
20231228,14:46:18,2.15,50,148100
20231228,14:46:45,2.2,2250,148100
20231228,14:46:51,2.2,550,148100
20231228,14:47:00,2.15,1350,148100
20231228,14:47:05,2.2,1800,148100
20231228,14:47:24,2.2,2450,148100
20231228,14:48:07,2.15,150,148100
20231228,14:48:24,2.25,300,148100
20231228,14:48:44,2.2,2250,155100
20231228,14:48:52,2.2,450,155100
20231228,14:49:00,2.2,200,155100
20231228,14:49:08,2.15,3600,155100
20231228,14:49:16,2.15,15200,155100
20231228,14:49:23,2.15,2700,155100
20231228,14:49:54,2.1,10300,155100
20231228,14:50:00,2.1,350,155100
20231228,14:51:11,2.05,50,155100
20231228,14:52:07,2.05,50,180850
20231228,14:53:06,2.05,100,180850
20231228,14:54:08,2.05,50,180850
20231228,14:54:29,2.05,300,180850
20231228,14:55:00,2.1,200,180350
20231228,14:55:34,2.1,150,180350
20231228,14:57:47,2.05,150,180150
20231228,14:58:13,2.0,50,180150
20231228,14:58:28,2.0,1600,180150
20231228,14:58:33,2.05,200,180150
20231228,14:59:13,2.05,2000,180150
20231228,14:59:32,2.1,1200,180150
20231228,14:59:42,2.1,800,180150
20231228,15:00:18,2.2,5500,180150
20231228,15:00:23,2.25,1700,180150
20231228,15:00:36,2.25,300,180150
20231228,15:00:42,2.25,100,178800
20231228,15:01:06,2.1,1150,178800
20231228,15:01:57,2.25,250,178800
20231228,15:02:04,2.3,6100,178800
20231228,15:02:11,2.3,700,178800
20231228,15:02:58,2.35,2050,178800
20231228,15:03:23,2.35,100,178800
20231228,15:03:39,2.35,1350,181700
20231228,15:03:45,2.3,300,181700
20231228,15:03:50,2.4,300,181700
20231228,15:04:01,2.4,2050,181700
20231228,15:04:07,2.4,50,181700
20231228,15:04:13,2.4,2850,181700
20231228,15:04:33,2.35,300,181700
20231228,15:04:39,2.35,2000,181700
20231228,15:04:44,2.35,800,181700
20231228,15:05:21,2.4,4400,181700
20231228,15:05:29,2.3,650,181700
20231228,15:05:35,2.45,700,181700
20231228,15:05:41,2.4,1550,181700
20231228,15:05:46,2.4,3900,181700
20231228,15:05:52,2.4,2350,181700
20231228,15:05:56,2.4,200,181700
20231228,15:06:02,2.4,2000,181700
20231228,15:06:12,2.4,1000,181700
20231228,15:06:17,2.35,1050,181700
20231228,15:06:22,2.35,4800,181700
20231228,15:06:27,2.35,1050,181700
20231228,15:06:32,2.35,3600,181700
20231228,15:06:37,2.35,1800,181700
20231228,15:06:42,2.35,100,197000
20231228,15:06:51,2.4,5550,197000
20231228,15:06:55,2.4,3750,197000
20231228,15:07:00,2.4,650,197000
20231228,15:07:05,2.4,50,197000
20231228,15:07:10,2.4,50,197000
20231228,15:07:15,2.4,250,197000
20231228,15:07:33,2.3,2000,197000
20231228,15:07:49,2.4,3600,197000
20231228,15:08:11,2.35,2200,197000
20231228,15:08:22,2.4,6800,197000
20231228,15:08:27,2.4,2700,197000
20231228,15:09:21,2.35,2200,197000
20231228,15:09:32,2.35,350,197000
20231228,15:09:54,2.25,1350,199700
20231228,15:10:34,2.35,2800,199700
20231228,15:10:39,2.3,2050,199700
20231228,15:10:49,2.35,50,199700
20231228,15:11:05,2.35,2800,199700
20231228,15:11:41,2.3,400,199700
20231228,15:12:22,2.35,400,199700
20231228,15:12:27,2.35,200,199700
20231228,15:12:32,2.35,1200,199700
20231228,15:13:24,2.3,200,199800
20231228,15:13:29,2.25,1800,199800
20231228,15:13:35,2.25,400,199800
20231228,15:13:40,2.3,1000,199800
20231228,15:13:46,2.25,900,199800
20231228,15:13:57,2.3,50,199800
20231228,15:14:14,2.35,50,199800
20231228,15:14:21,2.3,1900,199800
20231228,15:15:30,2.2,200,199800
20231228,15:15:53,2.2,3850,199750
20231228,15:16:04,2.15,200,199750
20231228,15:16:10,2.2,500,199750
20231228,15:17:09,2.2,1800,199750
20231228,15:17:37,2.2,1800,199750
20231228,15:17:43,2.3,4500,199750
20231228,15:17:49,2.3,1800,199750
20231228,15:17:54,2.35,4350,199750
20231228,15:17:59,2.2,8800,199750
20231228,15:18:10,2.25,250,199750
20231228,15:18:16,2.25,150,199750
20231228,15:19:09,2.25,5000,201900
20231228,15:19:23,2.3,300,201900
20231228,15:19:29,2.25,1800,201900
20231228,15:19:34,2.25,1800,201900
20231228,15:19:40,2.3,1950,201900
20231228,15:19:51,2.3,550,201900
20231228,15:19:57,2.25,1800,201900
20231228,15:20:04,2.35,1100,201900
20231228,15:20:20,2.2,1000,201900
20231228,15:20:59,2.15,1000,201900
20231228,15:21:04,2.25,1000,201900
20231228,15:21:15,2.15,250,201900
20231228,15:23:44,2.15,300,208050
20231228,15:24:33,2.15,450,208050
20231228,15:24:56,2.15,400,207750
20231228,15:25:03,2.2,300,207750
20231228,15:26:05,2.15,50,207750
20231228,15:26:25,2.05,1500,207750
20231228,15:26:46,2.1,1100,207750
20231228,15:27:25,2.15,600,207750
20231228,15:27:31,2.05,1750,207750
20231228,15:27:39,2.1,50,207750
20231228,15:27:47,2.1,1700,203850
20231228,15:27:53,2.05,1350,203850
20231228,15:28:20,2.05,1200,203850
20231228,15:29:18,1.95,100,203850
20231228,15:29:52,2.45,50,203850
20231229,09:15:04,2.35,1,200000
20231229,09:15:04,2.45,150,200000
20231229,09:15:06,2.3,50,200000
20231229,09:15:09,1.3,1800,200000
20231229,09:15:14,1.3,50,200000
20231229,09:15:16,1.9,1850,200000
20231229,09:15:17,1.9,900,200000
20231229,09:15:19,1.9,250,200000
20231229,09:15:20,1.9,700,200000
20231229,09:15:25,1.9,250,200000
20231229,09:15:26,1.9,450,200000
20231229,09:15:27,1.9,250,200000
20231229,09:15:29,1.9,900,200000
20231229,09:15:30,1.85,250,200000
20231229,09:15:32,1.9,250,200000
20231229,09:15:33,1.9,50,200000
20231229,09:15:41,1.9,100,200000
20231229,09:15:44,1.85,400,200000
20231229,09:15:59,1.85,50,200000
20231229,09:16:00,1.85,250,200000
20231229,09:16:09,1.85,2300,200000
20231229,09:16:12,1.8,100,200000
20231229,09:16:17,1.85,100,200000
20231229,09:16:20,1.85,400,200000
20231229,09:16:30,1.85,50,200000
20231229,09:16:30,1.85,200,200000
20231229,09:16:31,1.85,250,200000
20231229,09:16:38,1.9,250,200000
20231229,09:16:45,1.9,400,200000
20231229,09:16:47,1.9,50,200000
20231229,09:16:49,1.9,350,200000
20231229,09:16:55,1.9,200,200000
20231229,09:17:02,1.9,2400,200000
20231229,09:17:09,1.85,500,206500
20231229,09:17:34,1.9,300,206500
20231229,09:17:36,1.9,1800,206500
20231229,09:17:37,1.9,250,206500
20231229,09:17:42,1.9,200,206500
20231229,09:17:46,1.9,100,206500
20231229,09:17:49,1.9,250,206500
20231229,09:18:13,1.9,550,206500
20231229,09:18:17,1.85,450,206500
20231229,09:18:34,1.9,250,206500
20231229,09:18:45,1.9,250,206500
20231229,09:18:47,1.9,50,206500
20231229,09:18:48,1.9,50,206500
20231229,09:18:52,1.9,800,206500
20231229,09:18:52,1.9,1050,206500
20231229,09:18:57,1.9,100,206500
20231229,09:19:08,1.95,250,206500
20231229,09:19:16,1.9,1200,206500
20231229,09:19:17,1.9,50,206500
20231229,09:19:21,1.9,900,206500
20231229,09:19:24,1.9,50,206500
20231229,09:19:26,1.9,800,206500
20231229,09:19:27,1.9,50,206500
20231229,09:19:52,1.9,200,206500
20231229,09:20:07,1.85,4000,207000
20231229,09:20:15,1.85,150,207000
20231229,09:21:47,1.85,350,207000
20231229,09:21:56,1.85,250,207000
20231229,09:22:31,1.85,250,207000
20231229,09:22:33,1.85,350,207000
20231229,09:22:43,1.9,1600,207000
20231229,09:22:43,1.9,200,207000
20231229,09:22:56,1.85,600,207000
20231229,09:23:16,1.85,50,207000
20231229,09:23:23,1.85,900,209150
20231229,09:23:27,1.8,150,209150
20231229,09:23:47,1.8,50,209150
20231229,09:24:01,1.85,200,209150
20231229,09:24:06,1.8,550,209150
20231229,09:24:29,1.8,500,209150
20231229,09:26:09,1.8,250,209150
20231229,09:26:31,1.8,1800,208850
20231229,09:26:54,1.75,500,208850
20231229,09:27:06,1.75,1500,208850
20231229,09:27:10,1.75,250,208850
20231229,09:27:11,1.75,50,208850
20231229,09:27:32,1.75,250,208850
20231229,09:27:33,1.75,300,208850
20231229,09:28:02,1.75,800,208850
20231229,09:28:03,1.75,3200,208850
20231229,09:28:08,1.75,200,208850
20231229,09:28:28,1.7,1500,208850
20231229,09:28:33,1.75,400,208850
20231229,09:28:33,1.75,1200,208850
20231229,09:28:36,1.75,800,208850
20231229,09:28:36,1.75,400,208850
20231229,09:28:43,1.75,1500,208850
20231229,09:28:53,1.75,1000,208850
20231229,09:30:00,1.7,200,208850
20231229,09:30:50,1.7,400,205650
20231229,09:30:56,1.7,500,205650
20231229,09:31:13,1.75,1450,205650
20231229,09:31:13,1.75,200,205650
20231229,09:31:32,1.75,200,205650
20231229,09:31:35,1.7,50,205650
20231229,09:31:36,1.7,250,205650
20231229,09:32:18,1.75,200,206700
20231229,09:32:19,1.75,400,206700
20231229,09:32:20,1.75,400,206700
20231229,09:33:48,1.7,250,206700
20231229,09:35:11,1.75,250,205800
20231229,09:35:41,1.75,1900,205800
20231229,09:36:21,1.8,2100,205800
20231229,09:38:45,1.75,250,207850
20231229,09:39:02,1.75,50,207850
20231229,09:39:21,1.75,250,207850
20231229,09:39:28,1.75,250,207850
20231229,09:39:31,1.75,250,207850
20231229,09:39:33,1.75,750,207850
20231229,09:40:29,1.7,50,207850
20231229,09:40:48,1.7,100,207850
20231229,09:41:06,1.7,800,207850
20231229,09:41:14,1.7,200,207850
20231229,09:41:36,1.7,400,207850
20231229,09:41:58,1.7,800,207850
20231229,09:42:02,1.7,350,207850
20231229,09:42:04,1.7,250,207850
20231229,09:42:12,1.7,500,207850
20231229,09:42:23,1.7,250,207850
20231229,09:43:17,1.65,300,207850
20231229,09:43:29,1.65,200,207850
20231229,09:43:31,1.65,200,207850
20231229,09:43:34,1.65,50,207850
20231229,09:43:36,1.65,300,207850
20231229,09:43:40,1.65,1050,207850
20231229,09:43:43,1.65,800,207850
20231229,09:43:52,1.6,250,207850
20231229,09:43:58,1.65,100,207850
20231229,09:43:58,1.6,50,207850
20231229,09:44:11,1.65,100,207850
20231229,09:44:12,1.6,100,207550
20231229,09:44:15,1.6,1300,207550
20231229,09:44:16,1.6,1200,207550
20231229,09:44:27,1.55,50,207550
20231229,09:44:54,1.65,100,207550
20231229,09:45:01,1.6,800,207550
20231229,09:45:10,1.6,100,207550
20231229,09:45:12,1.5,2450,207550
20231229,09:45:17,1.5,550,207550
20231229,09:45:18,1.55,1600,207550
20231229,09:45:19,1.55,400,207550
20231229,09:45:26,1.55,100,207550
20231229,09:46:00,1.55,100,207550
20231229,09:46:05,1.5,250,207550
20231229,09:46:06,1.55,100,207550
20231229,09:46:07,1.5,1550,207550
20231229,09:46:25,1.5,100,207550
20231229,09:46:31,1.5,200,207550
20231229,09:46:53,1.5,100,207550
20231229,09:47:05,1.5,400,207550
20231229,09:47:06,1.5,200,207550
20231229,09:47:17,1.45,400,207550
20231229,09:47:21,1.45,800,200200
20231229,09:48:05,1.55,100,200200
20231229,09:48:14,1.55,50,200200
20231229,09:48:18,1.45,2150,200200
20231229,09:48:24,1.5,800,200200
20231229,09:48:57,1.55,100,200200
20231229,09:48:58,1.5,250,200200
20231229,09:49:14,1.45,2000,200200
20231229,09:49:19,1.45,350,200200
20231229,09:50:04,1.5,100,200200
20231229,09:50:25,1.45,250,198100
20231229,09:50:26,1.5,500,198100
20231229,09:51:02,1.5,100,198100
20231229,09:51:16,1.45,250,198100
20231229,09:51:42,1.45,300,198100
20231229,09:51:44,1.5,50,198100
20231229,09:51:52,1.45,400,198100
20231229,09:52:11,1.4,50,198100
20231229,09:52:13,1.4,1900,198100
20231229,09:52:28,1.4,400,198100
20231229,09:53:20,1.4,400,198100
20231229,09:53:21,1.4,2000,196700
20231229,09:53:27,1.4,450,196700
20231229,09:53:31,1.4,1000,196700
20231229,09:54:19,1.35,250,196700
20231229,09:54:19,1.35,150,196700
20231229,09:54:20,1.35,300,196700
20231229,09:54:42,1.4,800,196700
20231229,09:55:10,1.3,750,196700
20231229,09:55:15,1.3,5600,196700
20231229,09:55:16,1.25,1800,196700
20231229,09:55:19,1.25,600,196700
20231229,09:55:24,1.3,100,196700
20231229,09:55:27,1.3,1200,196700
20231229,09:55:28,1.3,100,196700
20231229,09:55:35,1.25,50,196700
20231229,09:55:39,1.25,1900,196700
20231229,09:55:43,1.25,350,196700
20231229,09:55:44,1.25,3700,196700
20231229,09:55:55,1.3,1200,196700
20231229,09:55:56,1.2,5500,196700
20231229,09:56:01,1.2,1200,196700
20231229,09:56:04,1.3,150,196700
20231229,09:56:09,1.3,1150,196700
20231229,09:56:12,1.25,1800,196700
20231229,09:56:25,1.2,7400,183750
20231229,09:56:26,1.15,1800,183750
20231229,09:56:42,1.15,250,183750
20231229,09:56:43,1.15,800,183750
20231229,09:56:43,1.2,2400,183750
20231229,09:56:48,1.15,250,183750
20231229,09:56:52,1.15,250,183750
20231229,09:56:53,1.1,7450,183750
20231229,09:56:55,1.1,50,183750
20231229,09:57:01,1.1,2550,183750
20231229,09:57:04,1.15,2100,183750
20231229,09:57:12,1.1,12600,183750
20231229,09:57:13,1.1,1800,183750
20231229,09:57:18,1.15,100,183750
20231229,09:57:21,1.15,600,183750
20231229,09:57:29,1.05,10800,183750
20231229,09:57:30,1.05,1800,183750
20231229,09:57:31,1.05,5400,183750
20231229,09:57:32,1.05,50,183750
20231229,09:57:38,1.15,150,183750
20231229,09:57:39,1.15,200,183750
20231229,09:57:40,1.1,1800,183750
20231229,09:57:42,1.15,2050,183750
20231229,09:57:46,1.15,1500,183750
20231229,09:57:47,1.15,100,183750
20231229,09:57:53,1.15,350,183750
20231229,09:57:55,1.15,1800,183750
20231229,09:57:59,1.1,10800,183750
20231229,09:58:00,1.1,3600,183750
20231229,09:58:01,1.15,800,183750
20231229,09:58:30,1.15,3600,183750
20231229,09:58:31,1.15,4800,183750
20231229,09:58:37,1.15,1100,183750
20231229,09:59:09,1.15,1100,183750
20231229,09:59:10,1.15,1800,183750
20231229,09:59:12,1.15,1800,183750
20231229,09:59:25,1.2,100,181750
20231229,09:59:47,1.15,400,181750
20231229,09:59:55,1.15,700,181750
20231229,10:00:03,1.15,300,181750
20231229,10:00:04,1.2,250,181750
20231229,10:00:10,1.15,100,181750
20231229,10:00:19,1.15,1850,181750
20231229,10:00:21,1.15,1050,181750
20231229,10:00:25,1.15,200,181750
20231229,10:00:27,1.1,300,181750
20231229,10:00:29,1.15,1800,181750
20231229,10:00:34,1.15,50,181750
20231229,10:00:38,1.15,250,181750
20231229,10:00:47,1.15,100,181750
20231229,10:00:49,1.15,600,181750
20231229,10:00:52,1.15,50,181750
20231229,10:00:54,1.1,600,181750
20231229,10:00:55,1.1,500,181750
20231229,10:00:57,1.15,500,181750
20231229,10:01:29,1.1,250,181750
20231229,10:01:56,1.1,750,181750
20231229,10:02:20,1.15,1800,184550
20231229,10:02:20,1.15,600,184550
20231229,10:04:31,1.15,1800,184550
20231229,10:04:32,1.15,1800,184550
20231229,10:04:33,1.15,1150,184550
20231229,10:05:00,1.15,700,184550
20231229,10:05:04,1.15,1800,184550
20231229,10:05:05,1.15,1000,184550
20231229,10:05:07,1.15,900,184550
20231229,10:05:10,1.15,900,184550
20231229,10:05:21,1.15,1800,183050
20231229,10:05:35,1.15,500,183050
20231229,10:05:47,1.15,1800,183050
20231229,10:05:57,1.1,150,183050
20231229,10:06:29,1.15,1000,183050
20231229,10:06:54,1.15,500,183050
20231229,10:06:57,1.15,800,183050
20231229,10:07:03,1.1,1800,183050
20231229,10:07:30,1.15,1800,183050
20231229,10:07:50,1.15,1800,183050
20231229,10:07:52,1.15,1800,183050
20231229,10:07:53,1.15,1900,183050
20231229,10:07:57,1.15,1000,183050
20231229,10:08:03,1.2,100,183050
20231229,10:09:02,1.2,100,183000
20231229,10:09:27,1.15,100,183000
20231229,10:10:19,1.2,50,183000
20231229,10:10:28,1.15,300,183000
20231229,10:10:33,1.15,1000,183000
20231229,10:11:03,1.2,250,183000
20231229,10:11:29,1.2,50,183000
20231229,10:12:06,1.15,250,183000
20231229,10:12:29,1.2,50,183000
20231229,10:13:49,1.2,1800,183000
20231229,10:13:55,1.15,100,183000
20231229,10:14:55,1.2,200,183000
20231229,10:15:12,1.2,100,183100
20231229,10:16:16,1.15,800,183100
20231229,10:16:59,1.15,500,183100
20231229,10:17:01,1.15,300,183100
20231229,10:17:12,1.15,150,183100
20231229,10:18:11,1.15,50,183100
20231229,10:21:05,1.2,1800,183000
20231229,10:21:08,1.2,50,183000
20231229,10:21:20,1.2,100,183000
20231229,10:21:21,1.2,1800,183000
20231229,10:21:26,1.2,1650,183000
20231229,10:25:05,1.2,2050,183000
20231229,10:25:15,1.2,50,181550
20231229,10:25:17,1.2,50,181550
20231229,10:25:22,1.2,650,181550
20231229,10:25:28,1.2,500,181550
20231229,10:25:40,1.25,400,181550
20231229,10:25:56,1.25,50,181550
20231229,10:26:00,1.25,100,181550
20231229,10:26:11,1.3,3350,181550
20231229,10:26:18,1.3,2050,179150
20231229,10:26:18,1.35,350,179150
20231229,10:26:21,1.4,2500,179150
20231229,10:26:23,1.35,2150,179150
20231229,10:26:24,1.35,100,179150
20231229,10:26:37,1.35,50,179150
20231229,10:26:42,1.35,2700,179150
20231229,10:27:00,1.35,1350,179150
20231229,10:27:08,1.35,600,179150
20231229,10:27:14,1.35,1800,179150
20231229,10:27:27,1.35,50,179150
20231229,10:27:28,1.35,100,179150
20231229,10:27:32,1.35,50,179150
20231229,10:27:33,1.35,50,179150
20231229,10:27:35,1.35,50,179150
20231229,10:27:36,1.35,100,179150
20231229,10:27:38,1.35,1650,179150
20231229,10:27:41,1.35,250,179150
20231229,10:27:44,1.25,550,179150
20231229,10:27:48,1.35,450,179150
20231229,10:27:48,1.35,300,179150
20231229,10:28:11,1.3,750,179150
20231229,10:28:22,1.3,450,179150
20231229,10:28:23,1.3,50,179150
20231229,10:28:24,1.3,50,179150
20231229,10:28:26,1.3,650,179150
20231229,10:28:42,1.35,500,179150
20231229,10:29:07,1.4,50,179150
20231229,10:29:09,1.35,50,179150
20231229,10:29:13,1.25,850,179150
20231229,10:29:16,1.35,100,179150
20231229,10:29:16,1.35,700,177900
20231229,10:29:27,1.35,100,177900
20231229,10:30:01,1.35,50,177900
20231229,10:30:14,1.3,300,177900
20231229,10:30:18,1.35,250,177900
20231229,10:30:22,1.35,50,177900
20231229,10:30:24,1.35,2200,177900
20231229,10:30:55,1.35,300,177900
20231229,10:31:04,1.35,350,177900
20231229,10:31:19,1.4,2150,177900
20231229,10:32:10,1.35,300,177900
20231229,10:32:13,1.35,300,177900
20231229,10:32:26,1.35,200,179700
20231229,10:32:27,1.35,200,179700
20231229,10:32:29,1.35,750,179700
20231229,10:32:30,1.4,2200,179700
20231229,10:32:41,1.4,250,179700
20231229,10:32:51,1.4,150,179700
20231229,10:33:32,1.35,50,179700
20231229,10:33:37,1.4,200,179700
20231229,10:34:07,1.4,250,179700
20231229,10:34:38,1.4,1800,179700
20231229,10:35:28,1.4,50,180200
20231229,10:35:30,1.4,850,180200
20231229,10:35:34,1.4,300,180200
20231229,10:35:35,1.4,500,180200
20231229,10:36:18,1.4,500,180200
20231229,10:36:19,1.4,50,180200
20231229,10:36:28,1.4,300,180200
20231229,10:36:30,1.4,350,180200
20231229,10:36:32,1.4,550,180200
20231229,10:37:12,1.45,300,180200
20231229,10:38:05,1.45,1800,180200
20231229,10:38:08,1.45,750,180200
20231229,10:38:08,1.45,700,180200
20231229,10:38:59,1.5,1800,180200
20231229,10:39:09,1.45,50,179150
20231229,10:39:19,1.5,150,179150
20231229,10:39:22,1.5,400,179150
20231229,10:39:39,1.45,450,179150
20231229,10:39:40,1.5,1850,179150
20231229,10:39:42,1.6,1900,179150
20231229,10:40:00,1.5,1900,179150
20231229,10:40:01,1.55,1800,179150
20231229,10:40:02,1.55,2500,179150
20231229,10:41:06,1.5,1800,179150
20231229,10:41:45,1.5,50,179150
20231229,10:42:08,1.55,250,181800
20231229,10:42:12,1.5,750,181800
20231229,10:42:22,1.55,1800,181800
20231229,10:42:27,1.6,200,181800
20231229,10:42:31,1.6,50,181800
20231229,10:43:12,1.6,700,181800
20231229,10:43:12,1.6,550,181800
20231229,10:43:13,1.6,250,181800
20231229,10:43:34,1.55,1800,181800
20231229,10:43:36,1.55,50,181800
20231229,10:43:41,1.6,600,181800
20231229,10:43:43,1.55,250,181800
20231229,10:44:13,1.55,100,181800
20231229,10:44:15,1.55,300,181800
20231229,10:44:16,1.55,350,181800
20231229,10:44:24,1.55,350,178200
20231229,10:44:25,1.6,100,178200
20231229,10:44:33,1.55,50,178200
20231229,10:44:34,1.55,850,178200
20231229,10:44:35,1.55,200,178200
20231229,10:45:02,1.55,50,178200
20231229,10:45:08,1.55,150,178200
20231229,10:45:17,1.55,50,178200
20231229,10:45:18,1.55,200,178200
20231229,10:45:22,1.55,50,178200
20231229,10:45:34,1.55,400,178200
20231229,10:45:53,1.5,50,178200
20231229,10:47:11,1.5,50,178200
20231229,10:47:22,1.55,250,178200
20231229,10:47:39,1.5,350,178150
20231229,10:47:39,1.5,150,178150
20231229,10:47:40,1.5,450,178150
20231229,10:48:16,1.5,2350,178150
20231229,10:48:59,1.45,100,178150
20231229,10:49:00,1.5,50,178150
20231229,10:49:02,1.45,50,178150
20231229,10:49:09,1.45,1200,178150
20231229,10:49:10,1.45,250,178150
20231229,10:49:12,1.45,1200,178150
20231229,10:49:17,1.45,100,178150
20231229,10:49:23,1.45,350,178150
20231229,10:49:38,1.4,50,178150
20231229,10:49:57,1.45,300,178150
20231229,10:50:20,1.4,50,178200
20231229,10:50:24,1.45,250,178200
20231229,10:50:37,1.45,250,178200
20231229,10:51:46,1.4,50,178200
20231229,10:52:53,1.4,50,178200
20231229,10:53:58,1.4,50,178200
20231229,10:54:47,1.4,50,178200
20231229,10:56:18,1.4,100,178200
20231229,10:58:50,1.4,200,178200
20231229,10:59:12,1.45,50,178200
20231229,11:00:31,1.4,100,178200
20231229,11:00:38,1.4,800,178200
20231229,11:00:51,1.4,250,178200
20231229,11:00:53,1.35,750,178200
20231229,11:02:41,1.4,50,180050
20231229,11:03:17,1.4,250,180050
20231229,11:04:19,1.35,50,180050
20231229,11:05:27,1.35,3050,180150
20231229,11:09:39,1.3,50,180050
20231229,11:11:02,1.35,150,180050
20231229,11:11:06,1.35,150,180050
20231229,11:11:08,1.35,100,180050
20231229,11:11:09,1.35,50,180050
20231229,11:11:10,1.35,50,180050
20231229,11:11:11,1.35,50,180050
20231229,11:12:58,1.3,1800,180150
20231229,11:12:58,1.25,3100,180150
20231229,11:13:08,1.25,550,180150
20231229,11:14:23,1.25,200,180150
20231229,11:14:32,1.25,100,179900
20231229,11:16:10,1.25,100,179900
20231229,11:16:30,1.25,200,179900
20231229,11:16:36,1.25,100,179900
20231229,11:19:36,1.3,2300,179900
20231229,11:19:37,1.3,1800,179800
20231229,11:19:38,1.3,1800,179800
20231229,11:19:39,1.3,1800,179800
20231229,11:19:40,1.3,1900,179800
20231229,11:20:57,1.3,1800,179800
20231229,11:21:08,1.3,100,180000
20231229,11:21:28,1.3,250,180000
20231229,11:25:14,1.25,100,180000
20231229,11:25:32,1.25,200,180700
20231229,11:28:59,1.3,250,180550
20231229,11:29:11,1.3,1500,180550
20231229,11:29:12,1.3,150,180550
20231229,11:29:15,1.3,1600,180550
20231229,11:31:06,1.3,50,181050
20231229,11:34:43,1.35,250,181050
20231229,11:35:40,1.35,2000,181300
20231229,11:36:00,1.35,1900,181300
20231229,11:36:21,1.35,50,181300
20231229,11:38:37,1.3,150,181300
20231229,11:42:00,1.35,300,182000
20231229,11:43:18,1.35,100,181850
20231229,11:45:28,1.35,1800,181850
20231229,11:47:02,1.35,50,181800
20231229,11:49:02,1.35,50,181800
20231229,11:49:23,1.35,200,180200
20231229,11:56:34,1.3,50,180200
20231229,11:57:55,1.35,100,180150
20231229,11:58:24,1.3,500,180150
20231229,12:00:43,1.3,400,180150
20231229,12:06:07,1.3,450,179600
20231229,12:06:14,1.3,100,179600
20231229,12:06:17,1.3,850,179600
20231229,12:06:36,1.3,500,179600
20231229,12:07:01,1.3,50,179600
20231229,12:07:06,1.3,500,179600
20231229,12:16:34,1.3,100,179350
20231229,12:18:01,1.35,600,179350
20231229,12:18:14,1.35,1500,179350
20231229,12:18:40,1.35,50,179350
20231229,12:19:14,1.4,1800,179350
20231229,12:19:15,1.4,100,179350
20231229,12:19:23,1.4,1050,179350
20231229,12:19:37,1.4,50,179350
20231229,12:20:16,1.4,700,179350
20231229,12:23:04,1.45,50,179350
20231229,12:23:53,1.45,50,181400
20231229,12:24:03,1.45,50,181450
20231229,12:24:05,1.45,50,181450
20231229,12:24:15,1.45,50,181450
20231229,12:24:36,1.45,50,181450
20231229,12:25:09,1.4,200,181450
20231229,12:30:25,1.45,50,181600
20231229,12:30:25,1.4,600,181600
20231229,12:30:31,1.4,1800,181600
20231229,12:30:33,1.4,1800,181600
20231229,12:30:34,1.4,1800,181600
20231229,12:30:37,1.4,1800,181600
20231229,12:30:38,1.4,1800,181600
20231229,12:30:39,1.4,250,181600
20231229,12:30:49,1.4,250,181600
20231229,12:30:58,1.4,250,181600
20231229,12:32:33,1.4,250,180850
20231229,12:33:18,1.4,250,180850
20231229,12:33:27,1.4,600,180850
20231229,12:34:02,1.4,250,180850
20231229,12:39:48,1.4,250,180850
20231229,12:39:51,1.4,250,180850
20231229,12:41:53,1.4,250,180850
20231229,12:42:21,1.4,250,180850
20231229,12:42:46,1.4,1200,180850
20231229,12:42:48,1.4,1200,180850
20231229,12:42:52,1.4,550,180850
20231229,12:42:53,1.4,600,180850
20231229,12:42:55,1.4,1200,180850
20231229,12:42:56,1.4,4750,180850
20231229,12:44:37,1.4,50,184300
20231229,12:48:04,1.4,50,184300
20231229,12:50:36,1.4,100,184300
20231229,12:51:13,1.4,100,184300
20231229,12:51:50,1.4,100,184300
20231229,12:52:22,1.4,100,184300
20231229,12:52:59,1.4,100,184300
20231229,12:53:11,1.4,100,184300
20231229,12:53:55,1.4,100,184300
20231229,12:54:29,1.35,700,184300
20231229,12:55:26,1.35,100,184300
20231229,12:55:41,1.35,300,184300
20231229,12:56:28,1.3,500,184300
20231229,12:56:35,1.3,2350,184300
20231229,12:56:50,1.3,900,184300
20231229,12:59:31,1.35,200,183550
20231229,13:00:18,1.35,100,184200
20231229,13:04:00,1.35,50,184200
20231229,13:05:26,1.3,50,184200
20231229,13:06:57,1.35,1150,184150
20231229,13:07:39,1.35,300,184150
20231229,13:07:42,1.35,550,184150
20231229,13:09:00,1.3,50,184150
20231229,13:10:23,1.35,50,183150
20231229,13:14:17,1.35,50,183100
20231229,13:21:26,1.35,1500,183100
20231229,13:21:28,1.35,450,183100
20231229,13:22:12,1.35,1950,183100
20231229,13:22:25,1.35,50,183100
20231229,13:23:07,1.3,950,183100
20231229,13:26:36,1.3,50,183100
20231229,13:30:13,1.35,100,182900
20231229,13:30:24,1.35,100,182950
20231229,13:30:42,1.35,100,182950
20231229,13:31:19,1.35,100,182950
20231229,13:32:02,1.35,100,182950
20231229,13:33:10,1.35,100,183450
20231229,13:36:21,1.3,2350,183550
20231229,13:36:22,1.3,50,183550
20231229,13:36:24,1.3,50,183550
20231229,13:39:54,1.3,100,183850
20231229,13:40:08,1.3,100,183850
20231229,13:40:40,1.3,100,183850
20231229,13:41:32,1.3,100,183850
20231229,13:42:27,1.3,100,184200
20231229,13:43:00,1.25,200,184200
20231229,13:43:03,1.3,50,184200
20231229,13:43:04,1.25,950,184200
20231229,13:45:50,1.3,250,184200
20231229,13:46:14,1.3,250,184200
20231229,13:46:48,1.3,250,184200
20231229,13:47:01,1.3,250,184200
20231229,13:47:15,1.3,250,184200
20231229,13:47:46,1.3,50,185450
20231229,13:49:04,1.3,50,185450
20231229,13:49:49,1.3,600,185450
20231229,13:49:51,1.3,250,185450
20231229,13:49:53,1.3,600,185450
20231229,13:49:57,1.3,500,185450
20231229,13:50:00,1.3,250,185450
20231229,13:50:22,1.3,850,185450
20231229,13:51:02,1.35,100,185450
20231229,13:51:23,1.35,400,184250
20231229,13:51:24,1.35,1800,184250
20231229,13:51:25,1.35,1800,184250
20231229,13:51:26,1.35,1500,184250
20231229,13:51:27,1.35,5250,184250
20231229,13:51:28,1.35,1500,184250
20231229,13:51:29,1.35,6500,184250
20231229,13:51:30,1.35,1500,184250
20231229,13:51:31,1.35,750,184250
20231229,13:51:32,1.35,50,184250
20231229,13:51:33,1.35,250,184250
20231229,13:51:39,1.4,2000,184250
20231229,13:52:01,1.4,700,184250
20231229,13:52:03,1.4,1150,184250
20231229,13:52:15,1.4,350,184250
20231229,13:52:19,1.4,500,184250
20231229,13:52:20,1.4,300,184250
20231229,13:52:22,1.4,250,184250
20231229,13:52:24,1.4,1100,184250
20231229,13:52:26,1.45,1800,184250
20231229,13:52:28,1.45,1800,184250
20231229,13:52:32,1.45,300,184250
20231229,13:52:37,1.45,1800,184250
20231229,13:52:39,1.45,1050,184250
20231229,13:52:41,1.45,5800,184250
20231229,13:53:02,1.45,150,184250
20231229,13:53:04,1.45,100,184250
20231229,13:53:28,1.45,300,184250
20231229,13:53:30,1.45,50,184250
20231229,13:53:33,1.45,250,184250
20231229,13:53:42,1.45,50,184250
20231229,13:53:52,1.5,600,184250
20231229,13:53:53,1.5,250,187300
20231229,13:54:01,1.5,100,187300
20231229,13:54:02,1.5,950,187300
20231229,13:54:04,1.5,1500,187300
20231229,13:54:05,1.5,3300,187300
20231229,13:54:06,1.5,2200,187300
20231229,13:54:08,1.55,200,187300
20231229,13:54:20,1.5,50,187300
20231229,13:54:26,1.5,300,187300
20231229,13:55:01,1.5,150,187300
20231229,13:55:02,1.5,2500,187300
20231229,13:55:04,1.5,300,187300
20231229,13:55:37,1.5,250,187300
20231229,13:56:02,1.5,550,187300
20231229,13:56:04,1.5,1500,187300
20231229,13:56:05,1.5,1500,187300
20231229,13:56:06,1.5,1500,187300
20231229,13:56:11,1.5,1850,187300
20231229,13:56:11,1.5,50,187300
20231229,13:57:02,1.55,550,187300
20231229,13:57:39,1.55,150,186450
20231229,13:58:02,1.55,100,186450
20231229,13:59:12,1.55,950,186450
20231229,13:59:13,1.55,50,186450
20231229,13:59:15,1.55,500,186450
20231229,13:59:19,1.55,50,186450
20231229,13:59:26,1.55,1500,186450
20231229,13:59:27,1.55,50,186450
20231229,13:59:32,1.5,150,186450
20231229,14:00:00,1.5,2100,184900
20231229,14:00:02,1.5,400,184900
20231229,14:00:04,1.45,900,184900
20231229,14:00:19,1.5,100,184900
20231229,14:00:20,1.5,1950,184900
20231229,14:00:21,1.5,700,184900
20231229,14:00:23,1.5,700,184900
20231229,14:02:49,1.5,400,184900
20231229,14:02:52,1.5,50,182700
20231229,14:02:54,1.5,50,182700
20231229,14:03:00,1.5,250,182700
20231229,14:03:19,1.45,1000,182700
20231229,14:03:26,1.45,2850,182700
20231229,14:03:27,1.45,50,182700
20231229,14:03:29,1.45,50,182700
20231229,14:03:41,1.4,50,182700
20231229,14:03:47,1.4,1300,182700
20231229,14:03:48,1.4,3100,182700
20231229,14:03:49,1.4,50,182700
20231229,14:03:50,1.4,50,182700
20231229,14:04:07,1.4,250,182700
20231229,14:04:10,1.4,100,182700
20231229,14:04:21,1.4,250,182700
20231229,14:04:22,1.4,900,182700
20231229,14:04:30,1.4,50,182700
20231229,14:04:40,1.45,300,182700
20231229,14:05:16,1.4,1500,182700
20231229,14:05:17,1.4,50,182700
20231229,14:05:59,1.4,250,179350
20231229,14:06:36,1.4,3300,179350
20231229,14:08:11,1.4,150,179350
20231229,14:11:33,1.4,250,179350
20231229,14:11:53,1.4,250,179550
20231229,14:12:09,1.4,300,179550
20231229,14:12:10,1.4,250,179550
20231229,14:12:15,1.4,250,179550
20231229,14:12:17,1.4,500,179550
20231229,14:12:32,1.45,50,179550
20231229,14:12:34,1.45,50,179550
20231229,14:13:26,1.4,550,179550
20231229,14:13:29,1.4,1150,179550
20231229,14:13:30,1.4,50,179550
20231229,14:13:59,1.4,400,179550
20231229,14:14:03,1.4,100,179550
20231229,14:14:06,1.4,250,179550
20231229,14:14:08,1.4,250,179550
20231229,14:14:32,1.45,2450,179550
20231229,14:14:36,1.45,300,179550
20231229,14:14:39,1.4,600,179550
20231229,14:14:42,1.35,300,179550
20231229,14:14:43,1.4,1000,179550
20231229,14:14:51,1.35,200,179550
20231229,14:15:12,1.4,300,179900
20231229,14:16:13,1.4,300,179900
20231229,14:16:31,1.4,150,179900
20231229,14:16:33,1.4,50,179900
20231229,14:17:07,1.35,200,179900
20231229,14:19:31,1.4,2500,179500
20231229,14:21:41,1.35,550,178650
20231229,14:21:42,1.35,300,178650
20231229,14:22:28,1.35,50,178650
20231229,14:23:40,1.35,600,178650
20231229,14:24:29,1.3,300,177700
20231229,14:25:13,1.35,50,177700
20231229,14:25:17,1.35,50,177700
20231229,14:25:21,1.35,50,177700
20231229,14:25:28,1.35,250,177700
20231229,14:28:13,1.3,650,178250
20231229,14:28:37,1.3,850,178250
20231229,14:28:38,1.3,600,178250
20231229,14:28:42,1.3,50,178250
20231229,14:28:52,1.3,250,178250
20231229,14:29:12,1.3,400,178250
20231229,14:29:16,1.3,400,178250
20231229,14:29:18,1.3,500,178250
20231229,14:29:29,1.25,50,178250
20231229,14:30:14,1.35,600,178250
20231229,14:30:32,1.35,1600,177000
20231229,14:30:35,1.3,650,177000
20231229,14:30:43,1.25,950,177000
20231229,14:30:47,1.25,50,177000
20231229,14:31:07,1.3,500,177000
20231229,14:31:08,1.3,250,177000
20231229,14:31:09,1.3,50,177000
20231229,14:31:40,1.25,500,177000
20231229,14:31:49,1.3,200,177000
20231229,14:32:51,1.3,50,177000
20231229,14:33:50,1.3,200,175950
20231229,14:33:51,1.3,50,175950
20231229,14:34:22,1.3,650,175950
20231229,14:34:26,1.3,50,175950
20231229,14:34:44,1.3,350,175950
20231229,14:35:03,1.3,250,175950
20231229,14:35:07,1.35,3100,175950
20231229,14:35:09,1.35,150,175950
20231229,14:35:16,1.4,250,175950
20231229,14:35:19,1.3,100,175950
20231229,14:35:20,1.3,250,175950
20231229,14:35:37,1.35,400,175950
20231229,14:35:41,1.35,200,175950
20231229,14:35:48,1.3,250,175950
20231229,14:35:52,1.35,2200,175250
20231229,14:36:52,1.35,100,175250
20231229,14:37:47,1.35,400,175250
20231229,14:38:52,1.35,50,175250
20231229,14:40:17,1.4,1600,173450
20231229,14:40:19,1.35,1600,173450
20231229,14:40:26,1.4,1900,173450
20231229,14:40:28,1.35,1300,173450
20231229,14:40:29,1.35,50,173450
20231229,14:40:33,1.35,2450,173450
20231229,14:40:35,1.3,1600,173450
20231229,14:40:54,1.35,50,173450
20231229,14:42:13,1.35,50,173450
20231229,14:43:34,1.3,50,173450
20231229,14:46:01,1.35,50,173450
20231229,14:49:09,1.3,50,173450
20231229,14:50:11,1.3,50,173450
20231229,14:52:41,1.3,50,173450
20231229,14:53:02,1.35,1600,173450
20231229,14:53:09,1.3,1600,173450
20231229,14:53:16,1.35,1600,173450
20231229,14:53:18,1.3,1600,173450
20231229,14:53:20,1.3,250,173450
20231229,14:53:25,1.35,4700,173450
20231229,14:53:26,1.3,50,173450
20231229,14:53:27,1.3,1600,173450
20231229,14:53:30,1.3,50,173450
20231229,14:54:40,1.3,250,176050
20231229,14:54:41,1.3,50,176050
20231229,14:55:35,1.35,700,176050
20231229,14:56:19,1.3,250,176050
20231229,14:57:38,1.3,850,176050
20231229,14:58:56,1.3,250,175250
20231229,14:59:01,1.3,300,175250
20231229,14:59:56,1.3,200,175300
20231229,15:00:27,1.3,250,175300
20231229,15:01:47,1.35,700,175300
20231229,15:02:00,1.35,2100,175300
20231229,15:02:03,1.35,250,175300
20231229,15:02:04,1.35,50,175300
20231229,15:02:14,1.35,250,175300
20231229,15:02:23,1.35,300,175300
20231229,15:04:37,1.4,250,175300
20231229,15:04:40,1.35,500,176650
20231229,15:04:42,1.4,50,176650
20231229,15:04:44,1.35,500,176650
20231229,15:04:45,1.45,550,176650
20231229,15:04:46,1.4,200,176650
20231229,15:04:57,1.4,50,176650
20231229,15:05:03,1.5,1900,176650
20231229,15:05:20,1.5,250,176650
20231229,15:05:23,1.5,2300,176650
20231229,15:05:40,1.5,100,176650
20231229,15:05:45,1.5,200,176650
20231229,15:05:53,1.5,300,176650
20231229,15:06:06,1.45,50,176650
20231229,15:07:33,1.45,500,176650
20231229,15:08:23,1.4,50,176650
20231229,15:09:52,1.4,500,176650
20231229,15:10:37,1.4,50,175450
20231229,15:10:38,1.35,700,175450
20231229,15:11:11,1.4,50,175450
20231229,15:11:14,1.45,1150,175450
20231229,15:11:20,1.35,2500,175450
20231229,15:11:30,1.4,300,175450
20231229,15:11:31,1.4,250,175450
20231229,15:11:46,1.4,600,175450
20231229,15:12:09,1.4,100,174450
20231229,15:12:39,1.4,150,174450
20231229,15:13:20,1.4,300,174450
20231229,15:13:34,1.4,50,174450
20231229,15:15:00,1.35,500,174450
20231229,15:15:01,1.25,200,175400
20231229,15:15:02,1.4,250,175400
20231229,15:15:04,1.4,250,175400
20231229,15:16:20,1.4,250,175400
20231229,15:16:28,1.4,250,175400
20231229,15:16:31,1.4,250,175400
20231229,15:16:34,1.4,100,175400
20231229,15:16:45,1.4,100,175400
20231229,15:17:43,1.4,6300,175400
20231229,15:17:54,1.4,1000,175400
20231229,15:17:55,1.45,100,175400
20231229,15:18:04,1.4,50,168100
20231229,15:18:10,1.55,7100,168100
20231229,15:18:48,1.5,250,168100
20231229,15:19:20,1.45,1800,168100
20231229,15:21:39,1.4,200,168100
20231229,15:22:23,1.4,50,163250
20231229,15:23:24,1.45,2100,163250
20231229,15:23:25,1.45,1600,163250
20231229,15:25:07,1.5,100,162050
20231229,15:25:08,1.45,200,162050
20231229,15:25:15,1.45,250,162050
20231229,15:25:17,1.6,100,162050
20231229,15:25:20,1.65,100,162050
20231229,15:25:23,1.45,200,162050
20231229,15:25:24,1.6,100,162050
20231229,15:25:27,1.5,300,162050
20231229,15:25:43,1.6,1900,162050
20231229,15:25:44,1.4,250,162050
20231229,15:25:45,1.4,750,162050
20231229,15:25:46,1.4,300,162050
20231229,15:25:56,1.35,550,162050
20231229,15:26:01,1.4,150,162050
20231229,15:27:06,1.4,300,160300
20231229,15:27:07,1.5,300,160300
20231229,15:27:45,1.35,1000,160300
20231229,15:28:24,1.35,50,160300
20231229,15:28:34,1.4,500,160300
20231229,15:29:12,1.35,300,160300
20231229,15:29:29,1.35,250,160300
20231229,15:29:39,1.35,250,160300
20231229,15:29:48,1.25,100,160300
20240101,09:15:03,1.25,1,159200
20240101,09:15:03,1.25,50,159200
20240101,09:15:07,1.25,50,159200
20240101,09:15:09,1.25,50,159200
20240101,09:15:35,1.65,50,159200
20240101,09:15:42,1.65,50,159200
20240101,09:15:43,1.4,300,159200
20240101,09:15:54,1.35,1800,159200
20240101,09:15:55,1.3,200,159200
20240101,09:16:02,1.35,300,159200
20240101,09:16:37,1.35,700,159200
20240101,09:16:46,1.3,50,159200
20240101,09:16:49,1.3,250,159200
20240101,09:16:51,1.3,350,159200
20240101,09:17:01,1.35,2000,159200
20240101,09:17:02,1.3,50,159200
20240101,09:17:06,1.3,100,159200
20240101,09:17:11,1.3,100,159200
20240101,09:17:20,1.3,250,159200
20240101,09:17:21,1.3,1150,161650
20240101,09:17:24,1.3,250,161650
20240101,09:17:24,1.3,100,161650
20240101,09:17:26,1.3,50,161650
20240101,09:17:28,1.3,50,161650
20240101,09:17:32,1.25,50,161650
20240101,09:17:33,1.3,200,161650
20240101,09:17:45,1.3,1450,161650
20240101,09:17:49,1.25,100,161650
20240101,09:17:53,1.25,300,161650
20240101,09:18:24,1.3,100,161650
20240101,09:18:25,1.3,200,161650
20240101,09:18:41,1.3,300,161650
20240101,09:18:51,1.25,50,161650
20240101,09:19:00,1.25,100,161650
20240101,09:19:03,1.25,100,161650
20240101,09:19:06,1.25,150,161650
20240101,09:19:10,1.25,150,161650
20240101,09:19:12,1.25,50,161650
20240101,09:19:18,1.25,250,161650
20240101,09:19:25,1.2,250,161650
20240101,09:19:34,1.2,50,161650
20240101,09:19:44,1.2,500,161650
20240101,09:19:44,1.25,50,161650
20240101,09:20:28,1.3,50,158450
20240101,09:20:41,1.25,700,158450
20240101,09:21:10,1.3,50,158450
20240101,09:21:41,1.25,200,158450
20240101,09:22:07,1.25,250,158450
20240101,09:22:37,1.25,300,158450
20240101,09:24:01,1.3,200,158450
20240101,09:24:02,1.3,200,158450
20240101,09:25:07,1.2,250,158450
20240101,09:26:36,1.25,250,158400
20240101,09:27:45,1.25,50,158400
20240101,09:28:13,1.2,50,158400
20240101,09:33:11,1.25,350,158400
20240101,09:34:03,1.25,250,158550
20240101,09:38:00,1.3,50,158200
20240101,09:38:44,1.2,50,158200
20240101,09:38:47,1.25,100,158200
20240101,09:39:48,1.2,1150,158200
20240101,09:43:26,1.2,50,158200
20240101,09:44:20,1.2,100,159050
20240101,09:45:39,1.25,400,159050
20240101,09:51:22,1.25,50,159050
20240101,09:51:57,1.25,50,159050
20240101,09:52:03,1.3,200,159050
20240101,09:53:39,1.25,200,159050
20240101,09:54:28,1.3,50,159050
20240101,09:55:02,1.25,50,159050
20240101,09:55:04,1.3,1300,159050
20240101,09:55:05,1.3,250,159050
20240101,09:55:06,1.35,100,159050
20240101,09:55:07,1.4,400,159050
20240101,09:55:10,1.35,350,159050
20240101,09:55:12,1.25,50,159050
20240101,09:55:17,1.45,800,159050
20240101,09:55:18,1.45,300,159050
20240101,09:55:29,1.4,950,159050
20240101,09:55:39,1.4,350,159050
20240101,09:55:42,1.4,100,159050
20240101,09:56:10,1.4,100,159050
20240101,09:56:23,1.35,50,159050
20240101,09:56:26,1.35,250,158950
20240101,09:56:40,1.4,450,158950
20240101,09:56:42,1.4,50,158950
20240101,09:56:45,1.45,400,158950
20240101,09:56:46,1.4,250,158950
20240101,09:56:50,1.4,50,158950
20240101,09:56:59,1.45,100,158950
20240101,09:57:02,1.4,100,158950
20240101,09:57:04,1.4,200,158950
20240101,09:57:06,1.45,250,158950
20240101,09:57:08,1.45,50,158950
20240101,09:57:10,1.45,250,158950
20240101,09:57:11,1.4,1600,158950
20240101,09:57:14,1.4,350,158950
20240101,09:57:18,1.45,500,158950
20240101,09:57:19,1.4,400,158950
20240101,09:57:20,1.45,150,158950
20240101,09:57:22,1.45,350,158950
20240101,09:57:23,1.4,850,158950
20240101,09:57:26,1.5,2200,158950
20240101,09:57:42,1.5,50,158950
20240101,09:57:44,1.45,250,158950
20240101,09:58:15,1.45,100,158950
20240101,09:58:35,1.5,100,158950
20240101,09:58:36,1.5,250,158950
20240101,09:58:37,1.5,1950,158950
20240101,09:58:48,1.5,50,158950
20240101,09:59:20,1.4,2000,158950
20240101,09:59:21,1.4,3700,158950
20240101,09:59:24,1.4,3000,166500
20240101,09:59:25,1.4,5150,166500
20240101,09:59:26,1.5,5550,166500
20240101,09:59:28,1.5,50,166500
20240101,09:59:37,1.4,2600,166500
20240101,09:59:43,1.4,450,166500
20240101,09:59:50,1.35,300,166500
20240101,10:01:19,1.4,50,166500
20240101,10:01:31,1.4,50,166500
20240101,10:02:48,1.35,400,166500
20240101,10:07:08,1.35,200,174400
20240101,10:07:14,1.35,50,174400
20240101,10:07:15,1.35,50,174400
20240101,10:07:20,1.35,50,174400
20240101,10:07:27,1.35,50,174400
20240101,10:07:54,1.35,50,174400
20240101,10:08:14,1.35,50,174400
20240101,10:08:40,1.35,300,174400
20240101,10:08:47,1.35,150,174450
20240101,10:09:02,1.35,450,174450
20240101,10:09:05,1.35,50,174450
20240101,10:10:29,1.35,100,174450
20240101,10:10:40,1.35,250,174450
20240101,10:10:41,1.35,150,174450
20240101,10:10:46,1.35,600,174450
20240101,10:11:24,1.35,250,176050
20240101,10:11:41,1.35,100,176050
20240101,10:17:48,1.35,400,176050
20240101,10:18:22,1.3,100,176050
20240101,10:18:27,1.3,100,176050
20240101,10:18:29,1.3,50,176050
20240101,10:19:39,1.35,50,176050
20240101,10:20:07,1.3,50,176050
20240101,10:20:23,1.3,450,176050
20240101,10:21:00,1.25,50,176050
20240101,10:21:30,1.25,1800,176350
20240101,10:21:31,1.25,2450,176350
20240101,10:21:31,1.2,300,176350
20240101,10:21:32,1.15,550,176350
20240101,10:22:52,1.15,200,176350
20240101,10:24:31,1.15,150,176350
20240101,10:25:12,1.2,400,175850
20240101,10:25:12,1.2,1000,175850
20240101,10:26:13,1.2,200,175850
20240101,10:26:39,1.2,100,174550
20240101,10:27:05,1.15,100,174550
20240101,10:27:26,1.2,1600,174550
20240101,10:34:13,1.1,500,173350
20240101,10:34:50,1.1,200,173350
20240101,10:39:26,1.15,50,173350
20240101,10:41:34,1.2,250,173050
20240101,10:41:36,1.2,200,173050
20240101,10:41:51,1.2,50,173050
20240101,10:42:18,1.2,150,173050
20240101,10:47:07,1.2,200,172700
20240101,10:51:01,1.2,50,172700
20240101,10:52:57,1.2,100,172550
20240101,10:57:18,1.2,100,172650
20240101,10:58:44,1.2,50,172650
20240101,11:00:50,1.25,150,172650
20240101,11:01:51,1.25,100,172650
20240101,11:02:08,1.25,100,172650
20240101,11:03:38,1.25,50,172650
20240101,11:04:26,1.2,200,172650
20240101,11:05:49,1.2,50,172650
20240101,11:07:50,1.2,1450,172650
20240101,11:09:00,1.2,400,172650
20240101,11:09:36,1.2,750,172650
20240101,11:15:26,1.25,500,173050
20240101,11:18:29,1.2,50,173050
20240101,11:19:00,1.25,200,173050
20240101,11:19:04,1.25,50,173050
20240101,11:19:26,1.25,150,173050
20240101,11:21:12,1.25,100,173050
20240101,11:21:38,1.2,600,173050
20240101,11:21:39,1.2,50,173050
20240101,11:24:49,1.15,250,173050
20240101,11:25:58,1.15,250,173700
20240101,11:29:03,1.15,200,173700
20240101,11:32:10,1.15,250,174200
20240101,11:32:50,1.2,200,174200
20240101,11:33:13,1.15,250,174450
20240101,11:34:04,1.15,250,174450
20240101,11:36:38,1.15,50,174750
20240101,11:44:40,1.15,250,174750
20240101,11:44:40,1.15,100,174750
20240101,11:45:22,1.15,400,174750
20240101,11:45:39,1.15,50,174750
20240101,11:51:35,1.15,100,174750
20240101,11:53:13,1.15,500,175400
20240101,12:01:45,1.15,250,175400
20240101,12:01:46,1.15,50,175400
20240101,12:01:47,1.15,250,175400
20240101,12:01:50,1.2,50,175400
20240101,12:01:58,1.15,250,175400
20240101,12:04:51,1.15,250,176150
20240101,12:05:21,1.15,50,176150
20240101,12:05:28,1.15,50,176150
20240101,12:10:25,1.2,250,176150
20240101,12:10:26,1.15,250,176150
20240101,12:10:27,1.15,250,176150
20240101,12:10:29,1.15,50,176150
20240101,12:10:31,1.15,100,176150
20240101,12:10:48,1.2,1250,176150
20240101,12:11:02,1.2,300,176150
20240101,12:11:12,1.2,50,176150
20240101,12:11:13,1.25,200,176150
20240101,12:11:14,1.25,100,176150
20240101,12:11:15,1.25,50,176150
20240101,12:11:16,1.25,200,176150
20240101,12:11:18,1.2,200,176150
20240101,12:11:26,1.25,1750,176150
20240101,12:11:26,1.25,50,176150
20240101,12:11:27,1.25,1550,176150
20240101,12:11:28,1.2,1400,176150
20240101,12:11:29,1.2,50,176150
20240101,12:11:31,1.2,50,176150
20240101,12:11:33,1.2,350,176150
20240101,12:11:47,1.35,2750,178500
20240101,12:12:07,1.2,350,178500
20240101,12:12:08,1.3,250,178500
20240101,12:12:09,1.3,8900,178500
20240101,12:12:10,2.2,10250,178500
20240101,12:12:11,1.15,3900,178500
20240101,12:12:12,1.3,2000,178500
20240101,12:12:14,1.25,4750,178500
20240101,12:12:14,1.45,5850,178500
20240101,12:12:15,1.35,1550,178500
20240101,12:12:16,1.3,5000,178500
20240101,12:12:18,1.35,13050,178500
20240101,12:12:19,1.3,50,178500
20240101,12:12:20,1.4,7050,178500
20240101,12:12:21,1.2,2150,178500
20240101,12:12:22,1.35,7200,178500
20240101,12:12:23,1.3,9450,178500
20240101,12:12:25,1.3,250,178500
20240101,12:12:31,1.35,1300,178500
20240101,12:12:45,1.7,6850,178500
20240101,12:12:54,1.35,100,178500
20240101,12:12:56,1.5,1000,178500
20240101,12:13:11,1.4,300,178500
20240101,12:13:12,1.4,300,178500
20240101,12:13:13,1.5,250,178500
20240101,12:13:14,1.35,1500,178500
20240101,12:13:27,1.35,50,178500
20240101,12:13:45,1.35,250,178500
20240101,12:14:00,1.35,50,178500
20240101,12:14:34,1.4,2050,178500
20240101,12:14:39,1.4,100,178500
20240101,12:14:51,1.35,50,188000
20240101,12:15:04,1.35,500,188000
20240101,12:15:10,1.4,1700,188000
20240101,12:15:12,1.45,1800,188000
20240101,12:15:50,1.4,50,188000
20240101,12:15:57,1.35,500,188000
20240101,12:16:05,1.35,150,188000
20240101,12:16:07,1.35,500,188000
20240101,12:16:09,1.4,2000,188000
20240101,12:16:10,1.4,750,188000
20240101,12:16:12,1.35,1650,188000
20240101,12:17:16,1.35,600,188000
20240101,12:17:21,1.35,1000,188000
20240101,12:17:43,1.3,100,188000
20240101,12:20:08,1.25,50,190150
20240101,12:20:10,1.25,50,190150
20240101,12:20:11,1.25,50,190150
20240101,12:20:12,1.25,100,190150
20240101,12:20:13,1.25,100,190150
20240101,12:20:14,1.25,50,190150
20240101,12:21:45,1.25,400,189750
20240101,12:21:59,1.25,250,189750
20240101,12:22:08,1.25,250,189750
20240101,12:22:27,1.25,1350,189750
20240101,12:24:33,1.25,700,189600
20240101,12:25:38,1.3,100,189600
20240101,12:26:12,1.25,100,189600
20240101,12:26:59,1.25,1000,189600
20240101,12:27:29,1.25,300,189400
20240101,12:28:28,1.25,200,189400
20240101,12:29:14,1.2,600,189400
20240101,12:29:15,1.2,50,189400
20240101,12:30:17,1.2,1850,189550
20240101,12:31:13,1.2,250,189550
20240101,12:34:07,1.25,50,189550
20240101,12:42:59,1.15,50,187800
20240101,12:42:59,1.2,200,187800
20240101,12:43:51,1.2,100,187800
20240101,12:47:17,1.2,250,187750
20240101,12:47:58,1.2,50,187650
20240101,12:49:44,1.2,1000,187650
20240101,12:50:51,1.2,250,187300
20240101,12:52:38,1.2,1500,187300
20240101,12:55:59,1.2,100,187300
20240101,12:56:21,1.2,100,187650
20240101,12:58:51,1.2,50,187450
20240101,13:02:39,1.2,50,187450
20240101,13:28:37,1.25,250,187400
20240101,13:30:27,1.25,250,187400
20240101,13:41:25,1.25,50,187150
20240101,13:41:58,1.25,250,186900
20240101,13:44:27,1.25,150,186950
20240101,13:53:45,1.25,2200,186950
20240101,13:54:12,1.25,200,186700
20240101,13:57:27,1.3,600,186700
20240101,13:58:42,1.35,2400,186700
20240101,13:58:47,1.3,250,186700
20240101,13:58:52,1.35,900,186700
20240101,13:58:57,1.35,50,186700
20240101,13:58:58,1.35,50,186700
20240101,13:59:00,1.4,500,186700
20240101,13:59:01,1.4,500,186700
20240101,13:59:07,1.4,650,186700
20240101,13:59:50,1.45,450,186700
20240101,13:59:50,1.4,2400,186700
20240101,13:59:51,1.4,100,186700
20240101,13:59:58,1.45,950,191200
20240101,14:00:07,1.45,50,191200
20240101,14:00:12,1.45,550,191200
20240101,14:00:21,1.5,100,191200
20240101,14:00:48,1.45,50,191200
20240101,14:02:10,1.45,350,191200
20240101,14:02:44,1.45,400,191200
20240101,14:02:49,1.5,500,191200
20240101,14:02:50,1.5,800,191200
20240101,14:02:58,1.55,500,191200
20240101,14:03:08,1.5,150,193250
20240101,14:03:11,1.5,50,193250
20240101,14:03:45,1.55,1000,193250
20240101,14:04:07,1.55,450,193250
20240101,14:04:15,1.55,400,193250
20240101,14:04:16,1.55,2650,193250
20240101,14:04:17,1.55,1500,193250
20240101,14:04:23,1.6,50,193250
20240101,14:04:42,1.65,1150,193250
20240101,14:04:50,1.6,1400,193250
20240101,14:04:51,1.6,600,193250
20240101,14:04:53,1.65,150,193250
20240101,14:05:06,1.65,1600,193250
20240101,14:05:07,1.65,2600,193250
20240101,14:05:09,1.6,500,193250
20240101,14:05:09,1.6,250,193250
20240101,14:05:26,1.75,400,193250
20240101,14:06:07,1.75,300,200550
20240101,14:06:11,1.75,300,200550
20240101,14:06:32,1.65,1050,200550
20240101,14:07:22,1.65,400,200550
20240101,14:07:57,1.7,150,200550
20240101,14:08:06,1.7,150,200550
20240101,14:08:15,1.65,2200,200550
20240101,14:08:41,1.65,50,200550
20240101,14:08:46,1.6,200,200550
20240101,14:08:47,1.55,2100,200550
20240101,14:08:49,1.55,200,200550
20240101,14:10:48,1.6,4550,201850
20240101,14:10:48,1.6,11700,201850
20240101,14:10:52,1.6,500,201850
20240101,14:10:57,1.6,300,201850
20240101,14:11:05,1.6,150,201850
20240101,14:11:26,1.65,250,201850
20240101,14:11:31,1.6,100,201850
20240101,14:11:32,1.65,2100,201850
20240101,14:11:48,1.6,50,201850
20240101,14:11:52,1.7,300,201850
20240101,14:12:07,1.65,200,191350
20240101,14:12:09,1.7,1850,191350
20240101,14:12:10,1.7,100,191350
20240101,14:12:36,1.65,50,191350
20240101,14:12:53,1.7,100,191350
20240101,14:12:58,1.65,100,191350
20240101,14:13:02,1.75,950,191350
20240101,14:13:08,1.65,100,191350
20240101,14:13:42,1.7,400,191350
20240101,14:13:49,1.7,100,191350
20240101,14:14:07,1.7,400,191350
20240101,14:14:21,1.7,250,191350
20240101,14:14:23,1.65,100,191350
20240101,14:14:34,1.7,650,191350
20240101,14:14:46,1.75,2300,191350
20240101,14:15:12,1.8,1500,195750
20240101,14:15:16,1.8,50,195750
20240101,14:15:25,1.75,400,195750
20240101,14:15:33,1.75,200,195750
20240101,14:15:52,1.8,650,195750
20240101,14:16:26,1.7,600,195750
20240101,14:16:26,1.7,200,195750
20240101,14:16:27,1.7,200,195750
20240101,14:16:30,1.7,200,195750
20240101,14:16:32,1.7,800,195750
20240101,14:16:32,1.7,600,195750
20240101,14:16:36,1.7,200,195750
20240101,14:16:39,1.7,400,195750
20240101,14:16:40,1.7,2300,195750
20240101,14:16:56,1.75,50,195750
20240101,14:16:58,1.7,50,195750
20240101,14:17:04,1.7,1450,195750
20240101,14:17:07,1.7,200,195750
20240101,14:17:29,1.75,50,195750
20240101,14:17:30,1.75,1350,195750
20240101,14:17:32,1.75,600,195750
20240101,14:17:32,1.75,250,195750
20240101,14:17:48,1.8,1800,195750
20240101,14:17:50,1.75,200,195750
20240101,14:17:53,1.8,50,195750
20240101,14:17:54,1.75,50,195750
20240101,14:17:55,1.8,800,195750
20240101,14:17:59,1.85,200,201150
20240101,14:18:01,1.85,700,201150
20240101,14:18:07,1.9,350,201150
20240101,14:18:08,1.9,50,201150
20240101,14:18:15,1.9,5050,201150
20240101,14:18:33,1.9,100,201150
20240101,14:18:33,1.9,3350,201150
20240101,14:18:41,1.95,750,201150
20240101,14:18:45,1.95,100,201150
20240101,14:18:48,1.95,250,201150
20240101,14:18:49,2.0,100,201150
20240101,14:18:50,1.9,50,201150
20240101,14:19:04,2.0,50,201150
20240101,14:19:06,2.0,200,201150
20240101,14:20:04,1.9,50,201150
20240101,14:20:13,1.85,200,201150
20240101,14:20:14,1.85,200,201150
20240101,14:20:15,1.85,600,201150
20240101,14:20:16,1.85,1000,201150
20240101,14:21:24,1.85,800,201150
20240101,14:21:47,1.85,900,210550
20240101,14:22:07,1.85,250,210550
20240101,14:22:29,1.8,900,210550
20240101,14:23:08,1.8,1800,210550
20240101,14:23:19,1.8,200,210550
20240101,14:23:21,1.8,50,210550
20240101,14:24:00,1.75,1000,210550
20240101,14:25:02,1.75,100,209800
20240101,14:25:14,1.8,1000,209800
20240101,14:25:31,1.8,300,209800
20240101,14:25:35,1.7,250,209800
20240101,14:26:50,1.7,200,209800
20240101,14:27:32,1.75,50,207750
20240101,14:29:36,1.75,50,207750
20240101,14:29:46,1.8,700,207750
20240101,14:29:47,1.8,150,207750
20240101,14:32:31,1.8,250,207750
20240101,14:32:38,1.8,250,207950
20240101,14:34:11,1.75,250,208200
20240101,14:34:25,1.75,450,208200
20240101,14:35:05,1.75,200,208200
20240101,14:35:21,1.7,100,208200
20240101,14:35:26,1.75,250,208200
20240101,14:39:13,1.7,250,208200
20240101,14:40:11,1.7,50,207600
20240101,14:40:17,1.6,350,207600
20240101,14:40:27,1.65,50,207600
20240101,14:40:28,1.65,50,207600
20240101,14:40:29,1.65,50,207600
20240101,14:40:35,1.65,250,207600
20240101,14:40:44,1.6,100,207600
20240101,14:43:01,1.7,400,207600
20240101,14:43:02,1.7,600,206950
20240101,14:43:23,1.75,850,206950
20240101,14:43:37,1.8,150,206950
20240101,14:43:43,1.8,100,206950
20240101,14:43:45,1.75,250,206950
20240101,14:43:50,1.75,250,206950
20240101,14:43:57,1.8,50,206950
20240101,14:43:58,1.8,100,206950
20240101,14:44:03,1.8,900,206950
20240101,14:44:08,1.8,50,206950
20240101,14:44:09,1.8,600,206950
20240101,14:44:11,1.85,50,206950
20240101,14:44:13,1.85,300,206950
20240101,14:44:18,1.9,100,206950
20240101,14:44:21,1.9,50,206950
20240101,14:44:39,1.85,600,206950
20240101,14:44:40,1.85,600,206950
20240101,14:44:41,1.85,1000,206950
20240101,14:44:48,1.9,200,206950
20240101,14:44:51,1.9,50,206950
20240101,14:44:56,1.9,150,206950
20240101,14:44:58,1.9,800,206950
20240101,14:45:03,1.9,150,206950
20240101,14:45:04,1.9,500,209300
20240101,14:45:38,1.9,750,209300
20240101,14:45:57,1.9,50,209300
20240101,14:46:21,1.85,400,209300
20240101,14:47:44,1.85,200,209300
20240101,14:49:12,1.8,150,209750
20240101,14:49:13,1.85,250,209750
20240101,14:49:16,1.85,250,209750
20240101,14:50:15,1.85,250,209750
20240101,14:50:16,1.85,200,209750
20240101,14:51:02,1.9,50,209750
20240101,14:52:17,1.8,100,209400
20240101,14:52:36,1.8,200,209400
20240101,14:52:38,1.75,100,209400
20240101,14:52:40,1.8,50,209400
20240101,14:52:42,1.8,50,209400
20240101,14:53:03,1.8,350,209400
20240101,14:53:08,1.8,250,209400
20240101,14:53:30,1.8,250,209400
20240101,14:53:32,1.75,1800,209400
20240101,14:53:43,1.8,1250,209400
20240101,14:56:59,1.85,50,209400
20240101,14:56:59,1.85,50,209900
20240101,14:57:14,1.85,50,209900
20240101,14:58:04,1.85,50,209900
20240101,14:58:38,1.95,700,209900
20240101,14:58:48,1.9,100,209900
20240101,15:00:19,1.85,50,209900
20240101,15:01:05,1.85,250,210500
20240101,15:01:08,1.85,650,210500
20240101,15:01:09,1.85,250,210500
20240101,15:01:10,1.85,50,210500
20240101,15:01:29,1.8,250,210500
20240101,15:01:30,1.8,250,210500
20240101,15:01:31,1.8,250,210500
20240101,15:01:33,1.8,100,210500
20240101,15:01:50,1.8,300,210500
20240101,15:01:59,1.75,1100,210500
20240101,15:02:20,1.75,250,210500
20240101,15:02:48,1.75,100,210500
20240101,15:03:14,1.65,300,210500
20240101,15:03:28,1.65,100,210050
20240101,15:03:57,1.65,100,210050
20240101,15:10:23,1.65,500,209950
20240101,15:10:25,1.65,250,209950
20240101,15:10:27,1.65,200,209950
20240101,15:10:52,1.7,250,209950
20240101,15:10:59,1.6,50,209950
20240101,15:10:59,1.6,250,209950
20240101,15:11:24,1.55,50,209950
20240101,15:11:27,1.55,50,209950
20240101,15:11:32,1.45,1150,209950
20240101,15:11:56,1.55,350,209950
20240101,15:11:57,1.55,150,209950
20240101,15:12:08,1.5,100,210300
20240101,15:13:17,1.5,50,210300
20240101,15:14:09,1.55,50,210300
20240101,15:14:20,1.5,200,210300
20240101,15:15:55,1.4,400,210550
20240101,15:16:12,1.35,2100,210550
20240101,15:16:32,1.4,600,210550
20240101,15:16:33,1.4,100,210550
20240101,15:17:18,1.4,100,210550
20240101,15:17:47,1.4,200,210550
20240101,15:17:49,1.4,500,210550
20240101,15:18:05,1.4,1250,210550
20240101,15:19:36,1.45,100,210550
20240101,15:20:01,1.5,400,209050
20240101,15:20:07,1.55,1250,209050
20240101,15:20:08,1.5,1650,209050
20240101,15:20:13,1.5,100,209050
20240101,15:20:41,1.55,400,209050
20240101,15:20:41,1.55,200,209050
20240101,15:20:50,1.55,400,209050
20240101,15:21:10,1.45,200,207650
20240101,15:21:18,1.45,100,207650
20240101,15:23:53,1.45,500,207650
20240101,15:24:39,1.45,250,207350
20240101,15:24:42,1.5,800,207350
20240101,15:24:43,1.5,200,207350
20240101,15:24:45,1.45,400,207350
20240101,15:24:49,1.5,250,207350
20240101,15:24:50,1.45,250,207350
20240101,15:24:52,1.5,50,207350
20240101,15:25:02,1.4,250,207350
20240101,15:25:30,1.4,100,207350
20240101,15:25:45,1.4,200,207350
20240101,15:25:58,1.35,200,207350
20240101,15:26:07,1.35,100,207350
20240101,15:26:16,1.35,50,207350
20240101,15:26:18,1.35,200,207350
20240101,15:26:20,1.35,100,207350
20240101,15:26:26,1.35,100,207350
20240101,15:26:30,1.35,2200,207350
20240101,15:27:17,1.35,400,206150
20240101,15:27:18,1.35,50,206150
20240101,15:27:30,1.35,100,206150
20240101,15:27:34,1.35,100,206150
20240101,15:28:16,1.3,50,206150
20240101,15:28:40,1.35,600,206150
20240101,15:28:43,1.35,1000,206150
20240101,15:28:51,1.35,200,206150
20240101,15:28:52,1.3,2000,206150
20240101,15:29:08,1.2,300,206150
20240101,15:29:36,1.4,100,206150
20240101,15:29:37,1.4,50,206150
20240101,15:29:46,1.5,50,206150
20240102,09:15:03,1.5,1,205350
20240102,09:15:03,1.55,1,205350
20240102,09:15:03,1.5,350,205350
20240102,09:15:13,1.2,950,205350
20240102,09:15:15,1.2,850,205350
20240102,09:16:42,1.2,2000,205350
20240102,09:17:05,1.25,550,205350
20240102,09:17:07,1.25,150,205350
20240102,09:18:11,1.25,300,205150
20240102,09:19:04,1.2,100,205150
20240102,09:20:44,1.25,150,205050
20240102,09:22:21,1.25,250,205050
20240102,09:22:22,1.25,800,205050
20240102,09:23:09,1.3,200,205050
20240102,09:24:09,1.2,1150,205000
20240102,09:24:10,1.15,5850,205000
20240102,09:24:11,1.25,400,205000
20240102,09:24:12,1.25,200,205000
20240102,09:24:13,1.25,200,205000
20240102,09:24:18,1.25,200,205000
20240102,09:24:29,1.25,900,205000
20240102,09:24:30,1.25,1400,205000
20240102,09:24:31,1.15,2750,205000
20240102,09:24:41,1.25,1200,205000
20240102,09:25:24,1.2,1200,205000
20240102,09:25:42,1.2,950,205000
20240102,09:27:13,1.15,200,205000
20240102,09:28:46,1.2,1250,201900
20240102,09:29:22,1.15,50,201900
20240102,09:29:25,1.2,600,201900
20240102,09:30:41,1.25,200,201900
20240102,09:30:56,1.25,200,201900
20240102,09:31:36,1.25,400,201900
20240102,09:31:38,1.25,200,201900
20240102,09:31:39,1.25,200,201900
20240102,09:32:06,1.2,250,201900
20240102,09:32:18,1.2,100,201900
20240102,09:33:47,1.2,250,201700
20240102,09:34:13,1.25,200,201700
20240102,09:35:20,1.2,200,201700
20240102,09:38:06,1.2,50,201700
20240102,09:43:24,1.15,50,202050
20240102,09:43:25,1.15,100,202050
20240102,09:43:47,1.2,50,202050
20240102,09:43:53,1.2,1050,202050
20240102,09:44:10,1.2,100,202050
20240102,09:44:58,1.2,100,202050
20240102,09:45:34,1.25,50,202950
20240102,09:47:44,1.1,1850,203050
20240102,09:50:55,1.15,50,202250
20240102,09:51:04,1.1,50,202250
20240102,09:52:26,1.15,1800,202250
20240102,09:52:34,1.2,2150,202250
20240102,09:52:37,1.15,150,202250
20240102,09:52:53,1.2,1450,202250
20240102,09:52:53,1.2,50,202250
20240102,09:52:54,1.2,50,202250
20240102,09:52:56,1.2,50,202250
20240102,09:52:57,1.2,50,202250
20240102,09:52:59,1.25,2200,202250
20240102,09:53:03,1.2,50,202250
20240102,09:55:26,1.15,50,202250
20240102,09:56:31,1.15,300,205900
20240102,09:56:34,1.15,100,205850
20240102,09:56:36,1.15,200,205850
20240102,09:57:05,1.1,150,205850
20240102,09:57:16,1.1,200,205850
20240102,09:57:25,1.1,50,205850
20240102,09:57:33,1.1,2050,205850
20240102,09:57:34,1.1,50,205850
20240102,09:57:40,1.1,50,205850
20240102,09:57:41,1.05,650,205850
20240102,09:57:42,1.05,50,205850
20240102,09:57:46,1.05,250,205850
20240102,09:57:59,1.1,100,205850
20240102,09:58:05,1.1,900,205850
20240102,09:58:14,1.1,500,205850
20240102,09:58:15,1.05,3750,205850
20240102,09:58:29,1.05,100,205850
20240102,09:58:30,1.05,250,205850
20240102,09:58:31,1.0,2200,205850
20240102,09:58:32,1.0,400,205850
20240102,09:58:36,1.0,50,205850
20240102,09:58:38,0.95,50,205850
20240102,09:58:39,0.95,50,205850
20240102,09:58:57,0.95,3250,205850
20240102,09:59:03,1.0,50,205850
20240102,09:59:09,0.95,1000,205850
20240102,09:59:10,1.0,1600,205850
20240102,09:59:15,0.95,150,205850
20240102,10:00:04,0.95,1700,205850
20240102,10:00:05,0.9,3450,203100
20240102,10:00:06,0.9,1900,203100
20240102,10:00:07,0.85,1550,203100
20240102,10:00:08,0.9,700,203100
20240102,10:00:11,0.95,250,203100
20240102,10:00:12,0.85,500,203100
20240102,10:00:13,0.95,50,203100
20240102,10:00:16,0.85,300,203100
20240102,10:00:28,0.85,400,203100
20240102,10:00:28,0.8,1850,203100
20240102,10:00:41,0.8,750,203100
20240102,10:00:49,0.8,450,203100
20240102,10:00:52,0.9,2050,203100
20240102,10:01:06,0.8,450,203100
20240102,10:01:07,0.8,650,203100
20240102,10:01:15,0.8,2050,203100
20240102,10:01:16,0.8,3650,203100
20240102,10:01:41,0.8,250,203100
20240102,10:02:04,0.8,1800,203100
20240102,10:02:06,0.75,1900,203100
20240102,10:02:06,0.7,1800,203100
20240102,10:02:24,0.7,50,203100
20240102,10:02:31,0.8,200,203100
20240102,10:02:45,0.8,1200,195200
20240102,10:02:46,0.8,400,195200
20240102,10:03:08,0.85,100,195200
20240102,10:03:25,0.8,250,195200
20240102,10:03:53,0.85,1200,195200
20240102,10:03:53,0.85,2450,195200
20240102,10:03:54,0.9,2400,195200
20240102,10:04:05,0.8,50,195200
20240102,10:04:51,0.8,250,195200
20240102,10:05:08,0.8,450,195200
20240102,10:05:41,0.85,300,191550
20240102,10:07:00,0.85,250,191550
20240102,10:08:21,0.9,450,191550
20240102,10:09:21,0.9,100,191400
20240102,10:09:26,0.95,1000,191400
20240102,10:10:22,0.95,50,191400
20240102,10:10:26,0.9,200,191400
20240102,10:14:14,0.95,1350,190700
20240102,10:15:22,0.95,100,191500
20240102,10:16:17,1.0,100,191500
20240102,10:16:55,1.0,1500,191500
20240102,10:16:57,1.0,100,191500
20240102,10:17:26,1.0,250,191500
20240102,10:17:48,1.0,50,191500
20240102,10:17:55,1.0,50,191000
20240102,10:18:50,1.0,400,191000
20240102,10:21:02,1.0,250,190850
20240102,10:21:58,1.0,250,190850
20240102,10:22:13,1.0,50,190850
20240102,10:22:16,1.0,50,190850
20240102,10:22:26,1.0,1000,190850
20240102,10:23:36,1.05,50,190850
20240102,10:23:41,1.0,50,189600
20240102,10:24:21,1.05,50,189600
20240102,10:25:13,1.0,200,189600
20240102,10:28:12,0.95,1050,189550
20240102,10:28:15,0.95,50,189550
20240102,10:28:22,1.0,2300,189550
20240102,10:28:23,0.9,1900,189550
20240102,10:28:32,0.9,250,189550
20240102,10:28:51,0.95,650,189550
20240102,10:28:57,0.95,50,189550
20240102,10:29:04,0.9,300,189550
20240102,10:29:05,0.9,400,189550
20240102,10:29:06,0.9,9100,189550
20240102,10:29:07,0.8,2450,189550
20240102,10:29:07,0.85,50,189550
20240102,10:29:08,0.85,50,189550
20240102,10:29:35,0.8,200,180950
20240102,10:29:45,0.8,100,180950
20240102,10:29:52,0.85,100,180950
20240102,10:30:02,0.8,1800,180950
20240102,10:30:05,0.85,200,180950
20240102,10:30:06,0.8,50,180950
20240102,10:30:08,0.8,200,180950
20240102,10:30:09,0.8,4500,180950
20240102,10:30:10,0.75,100,180950
20240102,10:30:27,0.85,250,180950
20240102,10:30:48,0.8,1000,180950
20240102,10:30:55,0.8,50,180950
20240102,10:30:57,0.8,400,180950
20240102,10:31:26,0.75,550,180950
20240102,10:31:30,0.75,250,180950
20240102,10:31:33,0.75,50,180950
20240102,10:31:36,0.75,350,180950
20240102,10:31:46,0.75,50,180950
20240102,10:31:51,0.7,100,180950
20240102,10:32:09,0.75,350,180950
20240102,10:32:11,0.75,200,180950
20240102,10:32:12,0.75,1450,180950
20240102,10:32:39,0.75,50,180950
20240102,10:32:49,0.75,250,179100
20240102,10:33:12,0.75,300,179100
20240102,10:33:53,0.75,50,179100
20240102,10:34:24,0.8,250,179100
20240102,10:34:29,0.75,300,179100
20240102,10:35:14,0.75,850,179100
20240102,10:36:47,0.8,200,178800
20240102,10:36:57,0.8,400,178800
20240102,10:36:58,0.75,100,178800
20240102,10:37:11,0.8,100,178800
20240102,10:37:49,0.85,50,178800
20240102,10:38:13,0.8,200,178800
20240102,10:38:15,0.75,1450,178800
20240102,10:38:16,0.8,50,178800
20240102,10:38:19,0.8,50,178800
20240102,10:38:29,0.8,50,178800
20240102,10:38:31,0.8,50,178800
20240102,10:38:48,0.85,200,178100
20240102,10:39:21,0.8,50,178100
20240102,10:39:34,0.85,150,178100
20240102,10:39:34,0.85,250,178100
20240102,10:39:35,0.85,1100,178100
20240102,10:39:41,0.9,350,178100
20240102,10:40:04,0.9,50,178100
20240102,10:40:27,0.9,200,178100
20240102,10:41:06,0.85,50,178100
20240102,10:41:31,0.85,100,178100
20240102,10:41:41,0.85,400,179050
20240102,10:41:42,0.85,50,179050
20240102,10:41:52,0.8,100,179050
20240102,10:42:05,0.8,50,179050
20240102,10:42:06,0.8,2100,179050
20240102,10:42:13,0.8,50,179050
20240102,10:43:12,0.8,250,179050
20240102,10:43:26,0.85,250,179050
20240102,10:51:05,0.8,50,178900
20240102,10:51:20,0.8,250,178900
20240102,10:53:00,0.8,200,178900
20240102,10:55:09,0.85,150,178850
20240102,10:56:48,0.8,50,178850
20240102,10:58:53,0.85,50,178900
20240102,11:01:12,0.8,250,178900
20240102,11:01:25,0.8,1050,178950
20240102,11:01:29,0.8,50,178950
20240102,11:01:37,0.85,500,178950
20240102,11:01:46,0.85,250,178950
20240102,11:01:53,0.85,300,178950
20240102,11:02:01,0.85,500,178950
20240102,11:02:01,0.85,250,178950
20240102,11:02:12,0.85,500,178950
20240102,11:02:12,0.85,250,178950
20240102,11:02:24,0.85,800,178950
20240102,11:02:27,0.85,800,178950
20240102,11:02:47,0.85,600,179550
20240102,11:02:52,0.85,250,179550
20240102,11:08:32,0.85,250,179550
20240102,11:11:50,0.85,600,179500
20240102,11:12:06,0.9,1850,179650
20240102,11:12:13,0.9,400,179650
20240102,11:12:19,0.9,50,179650
20240102,11:12:19,0.9,150,179650
20240102,11:12:33,0.9,1500,179650
20240102,11:12:34,0.9,50,179650
20240102,11:12:35,0.9,300,179650
20240102,11:13:04,0.85,50,179650
20240102,11:13:17,0.9,50,179650
20240102,11:14:34,0.9,400,179650
20240102,11:18:00,0.95,500,180850
20240102,11:18:05,0.85,500,180850
20240102,11:18:06,0.85,250,180850
20240102,11:18:08,0.95,50,180850
20240102,11:18:09,0.85,750,180850
20240102,11:18:10,0.85,450,180850
20240102,11:18:11,0.95,350,180850
20240102,11:18:12,0.85,250,180850
20240102,11:18:13,0.85,100,180850
20240102,11:18:14,0.9,200,180850
20240102,11:18:16,0.9,50,180850
20240102,11:18:45,0.9,200,180850
20240102,11:18:55,0.9,50,180850
20240102,11:18:57,0.9,50,180850
20240102,11:19:00,0.9,400,180850
20240102,11:19:16,0.9,450,180850
20240102,11:19:19,0.85,100,180850
20240102,11:19:30,0.9,250,180850
20240102,11:19:32,0.9,450,180850
20240102,11:19:41,0.9,250,180850
20240102,11:19:45,0.95,250,180850
20240102,11:20:47,0.95,400,180400
20240102,11:29:55,0.85,300,180000
20240102,11:30:26,0.85,100,180000
20240102,11:30:37,0.85,300,180000
20240102,11:30:58,0.85,600,180000
20240102,11:31:00,0.85,150,180000
20240102,11:32:28,0.9,250,180000
20240102,11:34:26,0.9,400,178950
20240102,11:35:30,0.85,250,178950
20240102,11:36:31,0.9,150,178950
20240102,11:40:56,0.85,1350,178300
20240102,11:41:00,0.85,950,178300
20240102,11:49:34,0.85,800,177700
20240102,11:54:29,0.8,1000,177500
20240102,11:55:51,0.8,1000,177500
20240102,11:56:14,0.85,400,177500
20240102,11:56:25,0.85,50,177500
20240102,11:56:26,0.85,50,177500
20240102,11:57:27,0.8,500,177850
20240102,11:59:53,0.8,1300,177850
20240102,11:59:54,0.8,50,177850
20240102,12:07:26,0.8,500,177850
20240102,12:10:39,0.8,50,176650
20240102,12:11:12,0.8,250,176650
20240102,12:11:50,0.8,200,176650
20240102,12:12:05,0.8,50,176600
20240102,12:17:17,0.8,1050,176550
20240102,12:17:29,0.75,100,176550
20240102,12:19:27,0.8,400,176400
20240102,12:19:37,0.8,1200,176400
20240102,12:19:42,0.8,800,176400
20240102,12:19:44,0.8,200,176400
20240102,12:19:48,0.8,400,176400
20240102,12:20:52,0.8,300,173700
20240102,12:21:06,0.8,300,173700
20240102,12:24:34,0.8,2300,174000
20240102,12:25:55,0.8,50,174000
20240102,12:31:00,0.8,250,174000
20240102,12:31:05,0.75,500,173950
20240102,12:31:06,0.75,100,173950
20240102,12:31:13,0.75,1800,173950
20240102,12:34:46,0.75,500,173950
20240102,12:35:17,0.75,50,173450
20240102,12:49:37,0.75,50,173500
20240102,12:58:13,0.8,50,173500
20240102,13:02:26,0.8,550,173450
20240102,13:02:49,0.75,500,173500
20240102,13:02:51,0.75,1000,173500
20240102,13:03:04,0.75,1000,173500
20240102,13:03:10,0.8,550,173550
20240102,13:03:10,0.75,550,173550
20240102,13:03:11,0.8,600,173550
20240102,13:03:13,0.75,500,173550
20240102,13:03:29,0.75,50,173550
20240102,13:04:16,0.85,850,173550
20240102,13:04:25,0.8,50,173550
20240102,13:04:36,0.8,250,173550
20240102,13:06:20,0.8,50,173550
20240102,13:07:49,0.8,250,174350
20240102,13:08:06,0.8,250,174350
20240102,13:08:12,0.75,200,174350
20240102,13:15:56,0.75,900,174250
20240102,13:17:21,0.75,150,174250
20240102,13:17:36,0.75,200,174250
20240102,13:42:23,0.75,50,174050
20240102,13:46:49,0.75,50,174000
20240102,13:47:14,0.75,50,174000
20240102,13:47:46,0.75,300,174000
20240102,13:50:50,0.8,250,174000
20240102,13:53:34,0.8,550,174000
20240102,13:57:38,0.75,300,173900
20240102,13:59:16,0.75,50,173900
20240102,14:06:16,0.75,100,173950
20240102,14:07:57,0.8,250,173950
20240102,14:08:44,0.8,50,173950
20240102,14:09:10,0.75,50,173950
20240102,14:09:17,0.8,250,173750
20240102,14:10:52,0.75,500,173750
20240102,14:10:53,0.75,50,173750
20240102,14:12:13,0.8,600,173750
20240102,14:14:14,0.85,250,173100
20240102,14:14:34,0.85,250,173100
20240102,14:16:05,0.85,250,173100
20240102,14:16:22,0.85,250,172800
20240102,14:16:31,0.85,50,172800
20240102,14:16:35,0.85,50,172800
20240102,14:16:40,0.85,50,172800
20240102,14:17:03,0.9,1800,172800
20240102,14:17:22,0.9,700,172800
20240102,14:17:38,0.9,300,172800
20240102,14:17:39,0.9,300,172800
20240102,14:17:40,0.9,450,172800
20240102,14:17:54,0.9,200,172800
20240102,14:18:02,0.9,250,172800
20240102,14:18:03,0.95,750,172800
20240102,14:18:09,0.95,50,173200
20240102,14:18:14,0.95,50,173200
20240102,14:18:15,0.95,350,173200
20240102,14:18:19,1.0,3600,173200
20240102,14:18:20,1.05,5550,173200
20240102,14:18:27,1.0,100,173200
20240102,14:18:28,1.05,950,173200
20240102,14:18:32,1.05,150,173200
20240102,14:18:41,1.1,1100,173200
20240102,14:18:42,1.1,400,173200
20240102,14:18:52,1.1,50,173200
20240102,14:19:08,1.1,2000,173200
20240102,14:19:18,1.15,1550,173200
20240102,14:19:23,1.05,300,173200
20240102,14:19:23,1.05,100,173200
20240102,14:19:29,1.05,200,173200
20240102,14:19:41,1.1,50,173200
20240102,14:19:41,1.1,2050,173200
20240102,14:19:52,1.05,500,173200
20240102,14:19:55,1.1,50,173200
20240102,14:19:56,1.1,900,173200
20240102,14:20:00,1.05,1600,173200
20240102,14:20:01,1.05,400,173200
20240102,14:20:09,1.1,150,173200
20240102,14:20:10,1.1,100,173200
20240102,14:20:13,1.05,450,173200
20240102,14:20:58,1.1,2100,173200
20240102,14:21:00,1.1,400,173200
20240102,14:21:03,1.1,200,173200
20240102,14:21:04,1.1,300,178850
20240102,14:21:05,1.15,1800,178850
20240102,14:21:11,1.1,500,178850
20240102,14:21:16,1.1,300,178850
20240102,14:21:32,1.1,200,178850
20240102,14:21:51,1.15,50,178850
20240102,14:22:04,1.1,400,178850
20240102,14:22:05,1.2,3200,178850
20240102,14:22:06,1.2,1350,178850
20240102,14:22:07,1.1,450,178850
20240102,14:22:26,1.05,4950,178850
20240102,14:23:03,1.05,200,178850
20240102,14:23:05,1.1,200,178850
20240102,14:23:17,1.05,50,178850
20240102,14:23:18,1.05,150,178850
20240102,14:23:19,1.05,150,178850
20240102,14:24:13,1.05,300,185200
20240102,14:24:27,1.05,300,185200
20240102,14:24:33,1.0,350,185200
20240102,14:24:36,1.0,50,185200
20240102,14:24:37,1.0,100,185200
20240102,14:24:39,1.0,50,185200
20240102,14:24:46,1.0,1450,185200
20240102,14:24:49,1.0,100,185200
20240102,14:26:29,1.05,300,185200
20240102,14:27:24,0.95,250,185200
20240102,14:27:45,1.0,250,183500
20240102,14:27:47,0.95,50,183500
20240102,14:28:11,1.0,250,183500
20240102,14:29:21,1.0,300,183500
20240102,14:30:34,0.95,250,183500
20240102,14:30:35,0.95,250,183400
20240102,14:33:15,1.05,2450,182900
20240102,14:33:16,1.0,50,182900
20240102,14:33:17,1.05,1200,182900
20240102,14:33:18,1.05,50,182900
20240102,14:33:23,1.05,350,182900
20240102,14:33:27,1.1,150,182900
20240102,14:33:28,1.1,3600,182900
20240102,14:34:37,1.1,1500,182900
20240102,14:36:00,1.1,250,182900
20240102,14:36:37,1.1,250,189150
20240102,14:36:41,1.1,50,189150
20240102,14:36:51,1.1,100,189150
20240102,14:37:05,1.1,250,189150
20240102,14:37:11,1.1,300,189150
20240102,14:37:32,1.1,2900,189150
20240102,14:37:35,1.1,350,189150
20240102,14:37:41,1.1,1400,189150
20240102,14:37:46,1.15,200,189150
20240102,14:37:46,1.2,100,189150
20240102,14:38:17,1.2,650,189150
20240102,14:38:21,1.15,250,189150
20240102,14:38:57,1.2,250,189150
20240102,14:39:00,1.2,1400,189150
20240102,14:39:08,1.2,300,195050
20240102,14:39:09,1.35,4450,195050
20240102,14:39:22,1.2,250,195050
20240102,14:39:33,1.25,350,195050
20240102,14:39:35,1.3,1550,195050
20240102,14:40:00,1.35,150,195050
20240102,14:40:01,1.35,900,195050
20240102,14:40:05,1.4,100,195050
20240102,14:40:06,1.35,50,195050
20240102,14:40:28,1.4,2050,195050
20240102,14:40:30,1.35,100,195050
20240102,14:40:34,1.5,1150,195050
20240102,14:40:38,1.45,400,195050
20240102,14:40:39,1.4,150,195050
20240102,14:40:40,1.5,500,195050
20240102,14:41:22,1.4,1500,195050
20240102,14:41:24,1.4,2050,195050
20240102,14:41:25,1.4,50,195050
20240102,14:42:01,1.35,200,195050
20240102,14:42:12,1.35,250,195050
20240102,14:42:14,1.35,550,200350
20240102,14:42:15,1.35,50,200350
20240102,14:42:49,1.4,450,200350
20240102,14:42:50,1.4,500,200350
20240102,14:42:51,1.4,150,200350
20240102,14:43:01,1.35,250,200350
20240102,14:43:12,1.35,50,200350
20240102,14:43:30,1.3,50,200350
20240102,14:43:38,1.3,150,200350
20240102,14:44:04,1.3,200,200350
20240102,14:44:21,1.3,50,200350
20240102,14:44:25,1.35,2300,200350
20240102,14:44:28,1.35,50,200350
20240102,14:44:29,1.35,200,200350
20240102,14:44:31,1.3,600,200350
20240102,14:44:33,1.35,50,200350
20240102,14:44:47,1.3,50,200350
20240102,14:44:49,1.3,250,200350
20240102,14:44:57,1.35,100,200350
20240102,14:44:58,1.35,150,200350
20240102,14:44:59,1.35,100,200350
20240102,14:45:04,1.35,100,200350
20240102,14:45:06,1.3,400,200350
20240102,14:45:07,1.3,600,197950
20240102,14:45:08,1.35,1450,197950
20240102,14:45:13,1.35,250,197950
20240102,14:45:17,1.35,100,197950
20240102,14:45:40,1.3,50,197950
20240102,14:46:51,1.25,400,197950
20240102,14:49:37,1.2,200,197950
20240102,14:49:53,1.25,1500,199300
20240102,14:50:02,1.25,800,199300
20240102,14:50:03,1.25,700,199300
20240102,14:51:29,1.2,200,199300
20240102,14:51:30,1.15,200,199250
20240102,14:51:32,1.15,200,199250
20240102,14:53:09,1.2,300,199250
20240102,14:54:22,1.15,100,199500
20240102,14:57:04,1.15,50,199500
20240102,14:57:46,1.15,150,199500
20240102,14:58:40,1.15,100,199500
20240102,14:59:17,1.05,150,199500
20240102,15:00:10,1.05,200,199500
20240102,15:04:28,1.1,250,199450
20240102,15:05:06,1.1,200,199450
20240102,15:05:40,1.1,700,199450
20240102,15:05:41,1.05,500,199450
20240102,15:06:24,1.1,250,199450
20240102,15:06:53,1.1,250,199400
20240102,15:07:35,1.1,100,199400
20240102,15:08:44,1.1,50,199400
20240102,15:08:58,1.1,1600,199400
20240102,15:08:59,1.1,450,199400
20240102,15:11:32,1.1,300,199350
20240102,15:12:56,1.15,200,199050
20240102,15:13:01,1.15,800,199050
20240102,15:13:11,1.15,50,199050
20240102,15:13:17,1.2,200,199050
20240102,15:13:18,1.2,1900,199050
20240102,15:13:19,1.2,200,199050
20240102,15:13:30,1.15,200,199050
20240102,15:13:53,1.15,250,199050
20240102,15:14:10,1.15,250,199050
20240102,15:16:34,1.1,250,197950
20240102,15:16:41,1.1,250,197950
20240102,15:16:47,1.1,250,197950
20240102,15:16:56,1.1,250,197950
20240102,15:17:17,1.05,200,197950
20240102,15:17:49,1.1,800,197950
20240102,15:18:03,1.05,1250,197950
20240102,15:18:09,1.05,800,197950
20240102,15:18:09,1.05,200,197950
20240102,15:18:18,1.1,100,197950
20240102,15:20:14,1.2,700,198550
20240102,15:20:28,1.2,750,198550
20240102,15:20:37,1.15,50,198550
20240102,15:20:43,1.15,300,198550
20240102,15:21:02,1.15,450,198550
20240102,15:21:14,1.1,600,198750
20240102,15:21:15,1.05,650,198750
20240102,15:21:23,1.1,50,198750
20240102,15:21:24,1.05,50,198750
20240102,15:22:11,1.05,300,198750
20240102,15:22:26,1.05,400,198750
20240102,15:22:26,1.05,200,198750
20240102,15:23:04,1.05,50,198750
20240102,15:23:24,1.1,250,198750
20240102,15:23:31,1.1,300,198750
20240102,15:23:53,1.05,600,198750
20240102,15:24:25,1.05,50,198950
20240102,15:24:41,1.1,200,198950
20240102,15:24:55,1.05,50,198950
20240102,15:25:43,0.6,9700,198950
20240102,15:25:44,0.6,200,198950
20240102,15:25:49,1.15,350,198950
20240102,15:26:01,1.0,1800,198950
20240102,15:26:03,1.0,1800,198950
20240102,15:26:04,1.05,200,198950
20240102,15:26:16,1.0,850,198950
20240102,15:26:19,1.05,400,198950
20240102,15:26:46,0.95,250,198950
20240102,15:28:23,0.95,250,195450
20240102,15:28:42,1.0,50,195450
20240102,15:29:46,1.15,100,195450
20240103,09:15:02,0.7,1,195200
20240103,09:15:02,0.7,100,195200
20240103,09:15:45,0.8,50,195200
20240103,09:16:03,0.85,400,195200
20240103,09:17:03,1.0,1800,195200
20240103,09:17:06,0.9,50,195200
20240103,09:17:07,0.9,800,195200
20240103,09:17:39,0.85,150,194250
20240103,09:18:22,0.85,150,194250
20240103,09:19:13,0.9,50,194250
20240103,09:19:31,0.9,250,194250
20240103,09:19:32,0.95,250,194250
20240103,09:20:06,0.9,250,194250
20240103,09:20:07,0.85,50,194250
20240103,09:20:09,0.95,250,194250
20240103,09:20:10,0.95,600,194250
20240103,09:20:12,1.0,450,194250
20240103,09:20:13,1.05,50,194250
20240103,09:20:17,1.05,50,194250
20240103,09:20:39,0.9,300,194850
20240103,09:20:48,0.9,100,194850
20240103,09:23:41,1.0,300,194500
20240103,09:24:44,0.9,100,194500
20240103,09:28:58,0.9,250,194500
20240103,09:29:09,0.9,250,194400
20240103,09:31:29,0.95,650,194700
20240103,09:31:53,0.9,150,194700
20240103,09:31:56,0.95,1750,194700
20240103,09:31:57,1.0,1150,194700
20240103,09:31:58,1.0,50,194700
20240103,09:32:22,0.95,1650,194700
20240103,09:33:53,0.9,150,197500
20240103,09:34:11,0.9,300,197500
20240103,09:34:20,0.9,50,197500
20240103,09:34:25,0.9,1250,197500
20240103,09:34:32,0.9,1050,197500
20240103,09:35:48,0.85,1050,195700
20240103,09:35:57,0.85,50,195700
20240103,09:37:25,0.8,100,195700
20240103,09:37:39,0.85,250,195700
20240103,09:38:37,0.8,50,194850
20240103,09:39:07,0.8,50,194850
20240103,09:39:49,0.8,150,194850
20240103,09:40:01,0.8,100,194850
20240103,09:40:20,0.8,1600,194850
20240103,09:41:14,0.75,50,194850
20240103,09:41:23,0.75,150,194850
20240103,09:41:36,0.75,150,194050
20240103,09:41:45,0.75,200,194050
20240103,09:41:45,0.75,100,194050
20240103,09:42:08,0.75,200,194050
20240103,09:42:09,0.75,2000,194050
20240103,09:42:14,0.7,3600,194050
20240103,09:42:21,0.7,650,194050
20240103,09:42:28,0.7,50,194050
20240103,09:42:34,0.75,400,194050
20240103,09:42:34,0.75,1000,194050
20240103,09:43:01,0.75,400,194050
20240103,09:43:02,0.75,1400,194050
20240103,09:43:29,0.7,3850,194050
20240103,09:43:31,0.75,800,194050
20240103,09:43:58,0.65,250,194050
