date,time,tick_price,volume,open_interest
20240108,09:35:50,502.9,50,50
20240108,10:02:53,546.4,50,50
20240109,12:06:30,502.0,1,50
20240109,12:06:30,502.0,1000,50
20240109,12:25:38,493.55,50,1050
20240109,12:32:17,493.55,200,1050
20240109,12:35:43,497.25,50,1250
20240109,12:38:46,486.0,500,1300
20240109,12:59:02,486.0,50,1800
20240109,12:59:30,494.75,100,1800
20240109,12:59:40,494.9,100,1800
20240109,13:00:47,499.0,500,2050
20240109,13:08:33,497.05,200,2050
20240109,13:23:39,500.75,50,2250
20240109,13:57:46,514.1,250,2300
20240109,14:08:01,524.0,250,2050
20240109,14:08:37,529.0,250,2050
20240109,14:12:37,538.0,250,2050
20240109,14:26:49,577.85,50,1800
20240109,14:28:24,588.2,200,1850
20240109,14:30:49,607.0,550,1650
20240109,14:56:00,607.0,50,2200
20240109,15:22:09,634.75,400,2250
20240109,15:22:20,634.75,800,2250
20240110,09:23:01,634.0,1,3450
20240110,09:23:01,634.0,50,3450
20240110,11:15:32,626.4,50,3450
20240110,15:03:51,565.6,150,3400
20240110,15:05:25,550.5,50,3400
20240112,09:15:17,561.85,1,3600
20240112,09:15:17,561.85,50,3600
20240112,09:17:20,496.3,100,3600
20240112,09:20:31,493.65,50,3750
20240112,09:30:33,480.7,50,3750
20240112,09:38:06,480.7,200,3700
20240112,09:39:42,478.1,100,3900
20240112,09:40:51,478.1,50,3900
20240112,09:41:59,481.35,50,3950
20240112,09:46:25,473.85,50,4000
20240112,09:47:29,473.85,100,4000
20240112,09:49:01,477.85,50,4150
20240112,09:51:54,475.65,50,4200
20240112,09:52:29,472.9,400,4200
20240112,09:52:45,469.65,800,4200
20240112,09:56:38,469.65,100,5400
20240112,10:05:11,442.85,50,5500
20240112,10:06:34,433.5,450,5550
20240112,10:08:11,433.95,400,5550
20240112,10:08:21,433.15,800,5550
20240112,10:08:55,433.35,400,7200
20240112,10:11:19,432.7,400,7200
20240112,10:11:28,430.45,100,7200
20240112,10:27:15,423.95,50,8100
20240112,10:27:32,421.35,100,8100
20240112,10:28:25,418.65,400,8100
20240112,10:28:35,418.35,100,8100
20240112,10:28:44,418.2,450,8100
20240112,10:32:15,418.2,50,9200
20240112,10:32:22,430.75,250,9200
20240112,10:38:26,426.25,100,9200
20240112,10:39:00,424.95,250,9200
20240112,10:40:00,422.45,150,9200
20240112,10:40:39,418.75,150,9200
20240112,10:45:18,424.45,50,9600
20240112,10:50:43,416.45,50,9550
20240112,10:53:17,416.45,150,9550
20240112,10:59:56,416.2,550,9500
20240112,11:00:23,413.55,250,9500
20240112,11:04:20,423.0,50,10150
20240112,11:08:04,425.85,500,10150
20240112,11:08:13,427.35,600,10150
20240112,11:09:55,427.45,50,10500
20240112,11:19:10,418.05,200,10550
20240112,11:19:45,418.0,50,10550
20240112,11:21:08,418.0,1750,10500
20240112,11:29:28,419.1,200,11400
20240112,11:36:00,418.0,150,11450
20240112,11:45:10,415.45,50,11450
20240112,11:47:28,417.15,50,11450
20240112,11:51:35,410.6,50,11550
20240112,11:58:41,410.6,200,11550
20240112,12:32:18,419.0,150,11750
20240112,12:54:59,405.0,100,11750
20240112,12:55:50,400.0,500,11750
20240112,12:57:28,400.0,50,12250
20240112,12:59:08,405.05,250,12250
20240112,13:01:16,402.1,50,12550
20240112,13:15:32,405.05,500,12600
20240112,13:15:39,401.6,500,12600
20240112,13:20:15,407.15,200,13100
20240112,13:20:37,407.0,50,13100
20240112,13:28:50,393.85,500,13350
20240112,13:30:53,393.85,200,13000
20240112,13:33:42,392.15,50,13000
20240112,13:34:00,392.15,100,13000
20240112,13:36:21,391.9,400,13000
20240112,13:38:56,386.8,300,13000
20240112,13:39:05,386.8,100,13000
20240112,13:39:28,386.65,150,13700
20240112,13:39:45,383.8,150,13700
20240112,13:40:03,383.8,250,13700
20240112,13:40:11,385.2,250,13700
20240112,13:40:57,382.25,50,13700
20240112,13:41:45,378.85,350,13700
20240112,13:42:54,372.0,50,14800
20240112,13:43:43,372.0,600,14800
20240112,13:50:30,380.25,50,15350
20240112,13:56:45,381.25,150,15400
20240112,14:00:57,385.1,50,15550
20240112,14:02:08,379.45,50,15550
20240112,14:06:03,389.85,50,15600
20240112,14:11:28,385.5,1000,15550
20240112,14:12:47,391.0,200,15550
20240112,14:17:26,380.0,50,15750
20240112,14:20:40,384.4,50,15800
20240112,14:21:53,386.0,100,15800
20240112,14:27:02,378.2,50,15800
20240112,14:28:19,373.7,50,15900
20240112,14:30:38,374.5,50,15950
20240112,14:34:17,373.5,50,16000
20240112,14:36:50,365.0,350,16000
20240112,14:37:10,363.9,150,16000
20240112,14:38:25,360.05,100,16000
20240112,14:38:52,360.2,100,16000
20240112,14:39:19,357.4,50,16500
20240112,14:39:33,357.35,50,16500
20240112,14:42:02,357.35,100,16500
20240112,14:45:51,363.7,250,16500
20240112,14:47:46,368.05,50,16500
20240112,14:49:02,368.05,50,16800
20240112,15:07:57,389.65,100,16800
20240112,15:08:36,393.9,200,16800
20240112,15:12:23,388.7,100,16800
20240112,15:13:11,386.2,200,16900
20240112,15:24:31,370.0,50,16900
20240112,15:25:35,365.5,50,16900
20240112,15:26:00,364.65,300,16900
20240112,15:27:50,360.85,50,17250
20240115,09:15:48,321.9,1,17300
20240115,09:15:48,322.0,350,17300
20240115,09:15:56,319.65,200,17300
20240115,09:16:11,312.05,200,17300
20240115,09:16:19,312.6,200,17300
20240115,09:16:34,313.55,50,17300
20240115,09:16:41,312.0,250,17300
20240115,09:17:57,311.5,450,17850
20240115,09:18:06,310.0,150,17850
20240115,09:18:20,306.45,50,17850
20240115,09:18:21,306.45,50,17850
20240115,09:18:40,309.25,50,17850
20240115,09:18:49,309.25,250,17850
20240115,09:19:21,309.0,50,17850
20240115,09:19:35,308.05,250,17850
20240115,09:20:04,306.6,50,17850
20240115,09:20:44,301.0,250,18100
20240115,09:21:08,301.0,50,18100
20240115,09:21:09,300.0,100,18100
20240115,09:21:18,300.0,150,18100
20240115,09:21:23,300.75,400,18100
20240115,09:21:24,299.15,50,18100
20240115,09:21:26,299.0,250,18100
20240115,09:21:27,299.0,200,18100
20240115,09:21:28,299.0,700,18100
20240115,09:21:32,297.2,550,18100
20240115,09:21:56,297.2,100,18100
20240115,09:22:14,300.3,50,18100
20240115,09:22:19,298.05,250,18100
20240115,09:22:22,300.35,50,18100
20240115,09:22:24,301.45,100,18100
20240115,09:22:27,301.9,50,18100
20240115,09:22:28,301.9,100,18100
20240115,09:22:33,300.45,50,18100
20240115,09:22:36,301.9,100,18100
20240115,09:22:39,300.8,50,18100
20240115,09:22:43,300.8,150,18100
20240115,09:22:52,301.5,100,18100
20240115,09:23:30,305.0,100,18100
20240115,09:23:35,305.0,50,19250
20240115,09:23:40,305.0,50,19250
20240115,09:24:26,301.6,50,19250
20240115,09:24:49,299.0,50,19250
20240115,09:24:51,298.55,50,19250
20240115,09:25:14,301.0,50,19250
20240115,09:25:54,300.15,50,19250
20240115,09:25:56,300.3,200,19250
20240115,09:26:47,300.3,800,19150
20240115,09:27:34,300.0,50,19150
20240115,09:27:37,300.0,250,19150
20240115,09:27:46,298.05,50,19150
20240115,09:27:58,298.0,50,19150
20240115,09:28:04,297.35,100,19150
20240115,09:29:13,297.35,50,19150
20240115,09:30:03,299.95,50,18850
20240115,09:30:07,300.4,200,18850
20240115,09:30:26,299.15,100,18850
20240115,09:30:39,299.15,100,18850
20240115,09:30:42,299.15,50,18850
20240115,09:33:33,300.0,50,18900
20240115,09:33:39,299.15,100,18900
20240115,09:33:58,298.7,50,18900
20240115,09:34:07,298.9,400,18900
20240115,09:34:50,302.7,100,18900
20240115,09:36:39,304.65,50,18650
20240115,09:37:05,303.1,50,18650
20240115,09:37:41,304.75,50,18650
20240115,09:38:02,306.2,50,18650
20240115,09:39:44,305.1,50,18650
20240115,09:41:24,310.0,50,18700
20240115,09:41:30,311.1,50,18700
20240115,09:41:36,310.25,150,18700
20240115,09:41:45,310.1,100,18700
20240115,09:41:53,310.05,600,18700
20240115,09:42:17,313.15,50,18700
20240115,09:44:14,312.65,250,18700
20240115,09:44:18,312.1,50,18700
20240115,09:44:34,312.0,250,18700
20240115,09:45:28,312.15,100,18700
20240115,09:45:32,312.05,100,18900
20240115,09:45:54,313.9,100,18900
20240115,09:47:57,319.75,50,18800
20240115,09:48:00,320.0,100,18800
20240115,09:48:09,319.85,250,18800
20240115,09:49:03,324.15,50,18800
20240115,09:49:22,325.55,100,18800
20240115,09:49:38,325.55,50,18800
20240115,09:49:46,325.0,50,18800
20240115,09:50:20,321.0,300,18800
20240115,09:50:54,323.55,150,18600
20240115,09:51:32,327.95,150,18600
20240115,09:51:33,328.25,50,18600
20240115,09:51:41,330.1,100,18600
20240115,09:51:48,334.5,100,18600
20240115,09:51:53,334.5,100,18600
20240115,09:51:57,334.0,200,18600
20240115,09:51:58,334.5,100,18600
20240115,09:51:59,334.55,250,18600
20240115,09:52:00,334.55,150,18600
20240115,09:52:15,335.35,50,18600
20240115,09:52:37,335.35,50,18600
20240115,09:52:43,331.9,100,18600
20240115,09:52:44,331.0,100,18600
20240115,09:52:56,330.1,50,18600
20240115,09:53:31,322.45,100,18600
20240115,09:53:43,322.1,100,18300
20240115,09:53:52,324.95,100,18300
20240115,09:54:04,324.9,100,18300
20240115,09:54:23,331.7,100,18300
20240115,09:54:55,338.65,50,18300
20240115,09:55:15,338.65,150,18300
20240115,09:55:22,338.7,100,18300
20240115,09:55:50,338.7,100,18300
20240115,09:56:19,336.0,500,18300
20240115,09:56:31,334.55,500,18300
20240115,09:56:31,337.3,100,18300
20240115,09:56:43,334.5,700,19150
20240115,09:57:03,337.7,800,19150
20240115,09:57:21,341.5,50,19150
20240115,09:57:33,345.0,100,19150
20240115,09:57:54,347.0,50,19150
20240115,09:58:02,347.35,50,19150
20240115,09:58:11,348.5,50,19150
20240115,09:58:20,348.5,50,19150
20240115,09:58:22,342.65,50,19150
20240115,09:59:53,342.35,150,20250
20240115,09:59:55,344.95,50,20250
20240115,09:59:57,345.8,100,20250
20240115,10:00:02,346.0,250,20250
20240115,10:00:11,347.9,150,20250
20240115,10:00:13,349.8,100,20250
20240115,10:00:17,350.0,150,20250
20240115,10:00:18,350.5,150,20250
20240115,10:00:24,353.1,400,20250
20240115,10:00:28,353.1,150,20250
20240115,10:00:40,350.55,100,20250
20240115,10:01:31,350.3,50,20250
20240115,10:02:09,345.4,150,20250
20240115,10:02:49,333.35,100,20400
20240115,10:03:01,335.4,50,20400
20240115,10:03:02,336.85,100,20400
20240115,10:03:04,338.0,350,20400
20240115,10:04:03,333.95,50,20400
20240115,10:04:33,331.5,400,20400
20240115,10:04:42,333.35,600,20400
20240115,10:05:00,330.0,50,20400
20240115,10:05:08,330.75,100,20400
20240115,10:05:12,335.35,150,20400
20240115,10:05:19,333.95,100,20400
20240115,10:05:43,330.45,250,21000
20240115,10:06:48,326.7,200,21000
20240115,10:07:32,331.1,300,21000
20240115,10:08:17,330.0,50,21000
20240115,10:08:20,329.5,50,21000
20240115,10:09:19,328.35,100,21050
20240115,10:09:20,329.45,50,21050
20240115,10:09:32,327.9,250,21050
20240115,10:09:36,326.15,150,21050
20240115,10:10:00,326.5,50,21050
20240115,10:10:47,331.8,50,21050
20240115,10:11:09,326.7,200,21050
20240115,10:11:51,324.55,100,21400
20240115,10:12:08,321.15,50,21400
20240115,10:12:44,320.0,50,21400
20240115,10:12:45,321.15,50,21400
20240115,10:13:49,326.6,50,21400
20240115,10:14:38,330.0,250,21400
20240115,10:15:10,325.75,150,21550
20240115,10:15:11,325.75,150,21550
20240115,10:18:25,330.1,50,21300
20240115,10:19:35,326.0,150,21300
20240115,10:21:52,326.0,50,21350
20240115,10:22:20,325.4,50,21350
20240115,10:23:29,327.4,50,21350
20240115,10:23:31,326.8,50,21350
20240115,10:23:35,326.5,50,21350
20240115,10:23:37,326.45,50,21350
20240115,10:23:56,329.1,50,21300
20240115,10:23:58,329.35,100,21300
20240115,10:24:02,328.35,600,21300
20240115,10:25:28,330.0,50,21300
20240115,10:26:19,331.1,200,21300
20240115,10:28:21,326.2,50,21250
20240115,10:29:06,323.5,50,21250
20240115,10:32:03,323.0,250,21250
20240115,10:32:25,320.0,50,21250
20240115,10:33:17,321.75,150,21250
20240115,10:33:20,321.75,50,21250
20240115,10:34:16,325.55,200,21250
20240115,10:34:33,326.45,50,21250
20240115,10:35:11,325.0,50,21250
20240115,10:36:01,323.2,200,21050
20240115,10:36:14,324.0,100,21050
20240115,10:36:29,323.55,50,21050
20240115,10:36:48,321.6,50,21050
20240115,10:36:52,320.8,50,21050
20240115,10:37:15,321.1,100,21050
20240115,10:37:26,320.6,150,21050
20240115,10:37:35,321.95,150,21050
20240115,10:37:43,321.95,100,21050
20240115,10:37:44,322.0,450,21050
20240115,10:37:45,322.4,150,21050
20240115,10:38:03,322.65,200,21050
20240115,10:39:18,326.1,50,20100
20240115,10:40:05,322.0,250,20100
20240115,10:40:42,322.7,50,20100
20240115,10:46:32,325.5,300,20050
20240115,10:46:57,326.1,100,20050
20240115,10:47:34,326.65,50,20050
20240115,10:49:30,320.55,250,20100
20240115,10:57:21,321.1,1800,20200
20240115,10:57:28,321.2,1800,20200
20240115,10:59:36,315.3,1000,20200
20240115,10:59:37,315.0,50,20200
20240115,10:59:38,314.5,100,20200
20240115,10:59:40,313.7,350,20200
20240115,10:59:47,314.05,1800,20200
20240115,10:59:53,313.7,1800,24150
20240115,11:00:03,311.7,50,24150
20240115,11:00:07,311.75,50,24150
20240115,11:00:32,312.85,50,24150
20240115,11:01:04,313.05,50,24150
20240115,11:05:37,317.95,450,27250
20240115,11:06:15,317.0,100,26900
20240115,11:06:30,317.0,50,26900
20240115,11:06:31,317.0,150,26900
20240115,11:08:05,317.0,700,26900
20240115,11:11:09,316.25,100,27600
20240115,11:13:35,315.95,1100,27700
20240115,11:13:40,316.45,400,27700
20240115,11:14:30,316.0,50,27700
20240115,11:15:52,312.85,1050,28800
20240115,11:16:42,314.2,50,28800
20240115,11:16:58,315.2,50,28800
20240115,11:17:33,311.85,200,28800
20240115,11:18:30,312.55,50,27950
20240115,11:23:10,309.65,50,28000
20240115,11:23:25,309.85,500,28000
20240115,11:23:36,308.35,200,28000
20240115,11:24:35,306.25,350,28100
20240115,11:24:54,307.35,250,28100
20240115,11:25:15,306.75,50,28100
20240115,11:25:51,306.8,50,28100
20240115,11:28:00,310.7,50,28150
20240115,11:28:28,310.75,1500,28150
20240115,11:28:57,310.5,50,28150
20240115,11:29:51,309.65,50,28150
20240115,11:30:26,311.0,150,29100
20240115,11:30:42,310.1,100,29100
20240115,11:31:20,311.0,50,29100
20240115,11:32:19,312.8,50,29100
20240115,11:39:12,319.15,150,29100
20240115,11:40:30,317.15,150,29150
20240115,11:40:46,317.25,150,29150
20240115,11:40:53,315.95,50,29150
20240115,11:41:01,315.9,150,29150
20240115,11:41:02,316.25,150,29150
20240115,11:41:03,314.65,50,29150
20240115,11:42:52,312.5,100,28950
20240115,11:45:26,310.85,50,28850
20240115,11:46:22,309.6,2350,28850
20240115,11:56:32,309.6,1050,27900
20240115,11:57:37,311.0,150,27950
20240115,11:57:40,311.0,150,27950
20240115,11:57:41,311.0,650,27950
20240115,11:58:03,310.0,200,27950
20240115,11:58:06,310.0,150,27950
20240115,11:58:08,310.0,150,27950
20240115,11:58:09,310.0,50,27950
20240115,11:58:10,310.0,200,27950
20240115,11:58:11,310.0,250,27950
20240115,11:59:21,307.95,50,27950
20240115,11:59:51,305.7,800,27950
20240115,12:00:15,305.5,50,29700
20240115,12:07:31,305.5,250,29700
20240115,12:07:33,305.0,50,29700
20240115,12:09:22,302.65,50,29750
20240115,12:11:53,303.85,50,29750
20240115,12:14:25,303.85,100,29800
20240115,12:14:41,304.8,800,29800
20240115,12:15:59,304.8,150,30250
20240115,12:17:02,300.1,1800,30250
20240115,12:20:28,302.65,50,31550
20240115,12:21:07,303.1,150,31550
20240115,12:23:47,300.0,50,31550
20240115,12:24:03,299.0,50,31750
20240115,12:26:30,301.3,50,31750
20240115,12:27:03,301.0,550,31750
20240115,12:27:16,302.05,200,31750
20240115,12:27:26,302.35,50,31750
20240115,12:29:48,302.0,100,31750
20240115,12:29:49,302.0,400,31750
20240115,12:30:52,301.45,350,31900
20240115,12:35:49,304.25,100,32200
20240115,12:36:25,305.5,150,32250
20240115,12:37:58,308.95,100,32250
20240115,12:41:31,300.0,50,32150
20240115,12:54:27,303.25,50,32150
20240115,12:55:53,300.95,150,32150
20240115,12:59:48,299.6,800,32300
20240115,13:08:23,306.1,550,32000
20240115,13:09:23,303.0,100,31700
20240115,13:09:33,303.5,50,31700
20240115,13:09:49,301.0,50,31700
20240115,13:11:01,304.05,500,31700
20240115,13:12:15,301.4,50,32200
20240115,13:13:08,298.7,450,32200
20240115,13:13:14,299.35,100,32200
20240115,13:13:44,299.0,50,32200
20240115,13:15:19,299.15,300,32300
20240115,13:16:18,300.9,50,32300
20240115,13:17:21,298.6,100,32300
20240115,13:18:13,297.0,50,32500
20240115,13:18:28,295.0,50,32500
20240115,13:18:49,294.85,400,32500
20240115,13:19:49,296.25,100,32500
20240115,13:24:10,298.25,400,33000
20240115,13:29:32,300.0,350,32600
20240115,13:29:56,298.6,100,32600
20240115,13:30:43,302.0,50,33000
20240115,13:31:13,303.95,200,33000
20240115,13:32:25,299.95,100,33000
20240115,13:33:35,302.95,50,33300
20240115,13:35:59,300.2,150,33300
20240115,13:36:00,300.05,50,33300
20240115,13:36:18,300.75,50,33350
20240115,13:36:52,300.3,50,33350
20240115,13:37:48,300.35,50,33350
20240115,13:40:04,298.75,100,33500
20240115,13:40:40,297.0,50,33500
20240115,13:40:45,297.35,100,33500
20240115,13:41:00,297.0,50,33500
20240115,13:41:11,298.0,50,33500
20240115,13:41:26,298.0,50,33500
20240115,13:42:09,297.4,150,33500
20240115,13:44:33,300.2,50,33700
20240115,13:45:35,303.05,250,33700
20240115,13:45:52,303.1,100,33700
20240115,13:45:59,303.05,350,33700
20240115,13:47:22,304.9,50,33700
20240115,13:47:39,304.95,100,33700
20240115,13:48:08,305.8,100,33700
20240115,13:48:16,306.2,50,33950
20240115,13:48:20,306.5,50,33950
20240115,13:48:22,306.8,150,33950
20240115,13:49:14,309.65,300,33950
20240115,13:49:41,312.0,100,33950
20240115,13:49:54,311.05,100,33950
20240115,13:50:08,312.25,50,33950
20240115,13:53:16,299.65,50,34450
20240115,13:55:00,298.75,50,34400
20240115,13:55:21,298.0,50,34400
20240115,14:00:01,291.0,50,34350
20240115,14:00:23,290.1,100,34350
20240115,14:01:19,290.1,50,34350
20240115,14:03:33,294.35,100,34400
20240115,14:04:38,290.9,50,34400
20240115,14:04:55,285.9,100,34400
20240115,14:04:57,285.0,100,34400
20240115,14:05:01,285.0,50,34400
20240115,14:05:07,285.7,350,34400
20240115,14:05:19,286.9,750,34400
20240115,14:05:41,286.9,100,34400
20240115,14:05:57,284.1,50,34400
20240115,14:06:02,284.1,50,34400
20240115,14:06:42,288.5,550,34900
20240115,14:08:44,287.55,50,34900
20240115,14:09:21,285.0,50,34950
20240115,14:09:31,283.8,50,34950
20240115,14:09:33,283.8,150,34950
20240115,14:09:39,284.35,50,34950
20240115,14:10:00,284.0,50,34950
20240115,14:10:02,284.0,950,34950
20240115,14:10:03,284.0,1000,34950
20240115,14:10:04,284.65,50,34950
20240115,14:11:43,287.75,400,34950
20240115,14:11:45,288.05,550,34950
20240115,14:12:43,291.75,50,34950
20240115,14:14:02,293.4,50,34950
20240115,14:15:10,290.25,100,34950
20240115,14:15:37,293.35,100,34900
20240115,14:15:58,296.65,450,34900
20240115,14:16:30,294.5,200,34900
20240115,14:16:35,294.65,100,34900
20240115,14:16:36,294.5,250,34900
20240115,14:20:57,290.1,150,34700
20240115,14:21:53,288.95,150,34700
20240115,14:22:25,290.25,350,34850
20240115,14:23:41,289.65,50,34850
20240115,14:24:18,291.7,50,34700
20240115,14:25:42,291.7,50,34700
20240115,14:27:35,296.0,100,34700
20240115,14:27:46,298.0,100,34700
20240115,14:27:46,296.9,50,34700
20240115,14:28:03,295.85,50,34700
20240115,14:28:08,295.45,50,34700
20240115,14:28:11,295.5,450,34700
20240115,14:28:19,295.5,250,34700
20240115,14:28:32,293.65,350,34700
20240115,14:28:33,293.8,300,34700
20240115,14:28:36,294.75,100,34700
20240115,14:28:57,296.8,100,34700
20240115,14:29:14,296.5,50,34700
20240115,14:29:46,298.3,50,34700
20240115,14:30:01,295.55,50,34700
20240115,14:30:30,295.5,450,34300
20240115,14:31:08,295.1,50,34300
20240115,14:32:06,296.9,150,34300
20240115,14:32:12,298.15,150,34300
20240115,14:32:14,298.0,50,34300
20240115,14:32:21,300.0,150,34300
20240115,14:32:32,299.65,100,34300
20240115,14:32:35,299.95,500,34300
20240115,14:32:38,302.0,100,34300
20240115,14:33:03,301.6,500,34300
20240115,14:34:11,301.45,50,33700
20240115,14:34:46,302.9,150,33700
20240115,14:34:55,301.6,500,33700
20240115,14:34:59,302.9,50,33700
20240115,14:37:12,291.95,50,33550
20240115,14:37:13,293.25,100,33550
20240115,14:38:02,289.2,50,33550
20240115,14:38:46,290.95,100,33550
20240115,14:39:07,291.75,150,33550
20240115,14:40:07,290.0,50,33250
20240115,14:40:41,288.6,50,33250
20240115,14:41:09,289.0,50,33250
20240115,14:41:33,290.25,50,33250
20240115,14:41:47,292.75,50,33250
20240115,14:43:05,290.0,50,33250
20240115,14:46:24,289.45,50,33300
20240115,14:46:32,287.45,50,33300
20240115,14:46:56,286.0,50,33300
20240115,14:47:05,285.6,200,33300
20240115,14:47:35,284.55,50,33300
20240115,14:48:25,283.25,50,33300
20240115,14:49:16,282.55,50,33450
20240115,14:49:19,282.4,50,33450
20240115,14:49:24,282.4,200,33450
20240115,14:49:28,282.5,100,33450
20240115,14:49:32,281.9,250,33450
20240115,14:49:34,281.9,50,33450
20240115,14:49:45,281.9,50,33450
20240115,14:50:14,284.7,50,33450
20240115,14:54:47,280.0,150,34050
20240115,14:54:56,278.7,50,34050
20240115,14:55:01,278.4,50,34050
20240115,14:55:08,278.4,50,34050
20240115,14:55:26,280.45,50,34050
20240115,14:55:37,282.0,50,34050
20240115,14:55:56,282.6,100,34050
20240115,14:56:11,282.05,100,34050
20240115,14:58:03,275.0,50,34300
20240115,14:58:05,275.0,300,34300
20240115,14:58:22,276.5,300,34300
20240115,14:59:03,277.0,50,34300
20240115,14:59:29,278.55,300,34300
20240115,14:59:39,277.25,50,34300
20240115,14:59:54,276.5,300,34300
20240115,15:00:19,273.7,50,34300
20240115,15:00:24,273.3,50,34950
20240115,15:00:36,273.3,400,34950
20240115,15:00:37,276.85,50,34950
20240115,15:00:45,277.95,250,34950
20240115,15:00:46,279.3,350,34950
20240115,15:00:54,278.5,550,34950
20240115,15:01:00,281.7,50,34950
20240115,15:01:02,281.75,250,34950
20240115,15:01:05,284.3,1100,34950
20240115,15:01:15,282.45,100,34950
20240115,15:01:19,280.65,100,34950
20240115,15:01:23,279.9,50,34950
20240115,15:04:21,281.4,50,34900
20240115,15:04:40,283.5,50,34900
20240115,15:05:54,279.95,50,34900
20240115,15:06:20,279.9,50,34900
20240115,15:06:25,279.15,50,34950
20240115,15:06:34,279.05,50,34950
20240115,15:06:35,279.3,50,34950
20240115,15:06:36,279.0,50,34950
20240115,15:06:39,278.7,50,34950
20240115,15:06:41,278.4,50,34950
20240115,15:07:22,281.45,50,34950
20240115,15:07:41,283.5,100,34950
20240115,15:08:18,281.7,150,34950
20240115,15:09:01,283.35,50,34950
20240115,15:09:27,283.7,50,35050
20240115,15:09:33,283.55,200,35050
20240115,15:09:38,283.9,300,35050
20240115,15:09:45,282.0,50,35050
20240115,15:09:46,281.8,50,35050
20240115,15:10:00,283.55,50,35050
20240115,15:10:14,285.1,300,35050
20240115,15:13:05,286.45,300,35300
20240115,15:13:23,283.1,200,35300
20240115,15:13:56,283.15,50,35300
20240115,15:14:18,285.1,100,35300
20240115,15:14:23,284.25,100,35300
20240115,15:14:40,284.3,100,35300
20240115,15:14:58,283.2,50,35300
20240115,15:15:35,283.2,50,35300
20240115,15:15:42,281.1,50,35500
20240115,15:16:01,279.35,200,35500
20240115,15:16:03,279.1,50,35500
20240115,15:16:18,280.0,50,35500
20240115,15:16:51,278.55,50,35500
20240115,15:16:59,278.0,50,35500
20240115,15:17:23,277.0,100,35500
20240115,15:18:00,276.5,50,35500
20240115,15:18:22,277.0,300,35500
20240115,15:18:52,275.6,50,36000
20240115,15:19:10,275.5,50,36000
20240115,15:19:16,276.2,100,36000
20240115,15:19:54,276.35,100,36000
20240115,15:19:55,276.45,250,36000
20240115,15:20:03,276.2,50,36000
20240115,15:20:04,276.25,200,36000
20240115,15:20:05,276.25,200,36000
20240115,15:20:06,276.2,200,36000
20240115,15:20:07,276.15,50,36000
20240115,15:20:08,276.2,200,36000
20240115,15:20:10,276.2,400,36000
20240115,15:20:11,276.0,200,36000
20240115,15:20:12,276.0,200,36000
20240115,15:20:13,275.95,200,36000
20240115,15:20:14,275.85,50,36000
20240115,15:20:15,275.45,500,36000
20240115,15:20:16,276.45,50,36000
20240115,15:20:17,276.55,200,36000
20240115,15:20:23,275.5,50,36000
20240115,15:20:29,276.75,100,36000
20240115,15:20:31,276.65,200,36000
20240115,15:20:52,275.0,150,36000
20240115,15:21:00,276.15,200,36000
20240115,15:21:01,276.15,50,36000
20240115,15:21:02,276.15,200,36000
20240115,15:21:03,276.2,200,36000
20240115,15:21:04,276.5,200,36000
20240115,15:21:05,276.45,100,36000
20240115,15:21:19,274.05,300,36000
20240115,15:21:26,274.35,50,34950
20240115,15:21:30,272.75,100,34950
20240115,15:21:34,272.65,50,34950
20240115,15:21:35,272.55,50,34950
20240115,15:21:36,272.5,150,34950
20240115,15:21:38,272.4,100,34950
20240115,15:21:54,272.4,50,34950
20240115,15:21:55,271.5,50,34950
20240115,15:21:56,271.5,100,34950
20240115,15:21:58,271.5,50,34950
20240115,15:21:59,271.5,200,34950
20240115,15:22:00,271.05,100,34950
20240115,15:22:06,271.05,150,34950
20240115,15:22:07,272.4,200,34950
20240115,15:22:20,271.65,200,34950
20240115,15:22:30,271.95,50,34950
20240115,15:23:00,275.05,150,34950
20240115,15:23:18,274.25,50,34950
20240115,15:24:02,274.0,550,34950
20240115,15:24:09,274.0,150,34950
20240115,15:24:19,273.4,50,34950
20240115,15:25:08,273.9,50,35750
20240115,15:25:22,274.95,50,35750
20240115,15:25:39,273.9,150,35750
20240115,15:26:07,273.05,250,35750
20240115,15:26:17,273.3,300,35750
20240115,15:27:14,275.25,100,35750
20240115,15:27:24,275.25,50,35750
20240115,15:27:32,275.0,1700,35700
20240115,15:27:41,275.7,100,35700
20240115,15:27:51,273.9,100,35700
20240115,15:28:01,272.75,550,35700
20240115,15:28:29,275.15,100,35700
20240115,15:28:39,274.7,50,35700
20240115,15:28:50,274.25,50,35700
20240115,15:29:00,272.6,1000,35700
20240115,15:29:10,273.3,50,35700
20240115,15:29:25,274.1,100,35700
20240115,15:29:40,273.85,350,35700
20240116,09:15:16,289.05,1,36150
20240116,09:15:16,289.05,100,36150
20240116,09:15:35,310.15,100,36150
20240116,09:15:47,310.15,650,36150
20240116,09:16:07,304.05,750,36150
20240116,09:16:17,303.8,1600,36150
20240116,09:16:28,304.35,250,36150
20240116,09:16:38,303.3,250,36150
20240116,09:16:48,305.4,1500,36150
20240116,09:17:05,305.0,50,36150
20240116,09:17:15,302.2,2250,36150
20240116,09:17:24,300.0,50,36150
20240116,09:17:35,300.0,50,36150
20240116,09:18:03,298.75,250,36150
20240116,09:18:05,297.75,250,33650
20240116,09:18:14,297.8,400,33650
20240116,09:18:20,298.3,50,33650
20240116,09:18:21,297.8,350,33650
20240116,09:18:38,297.5,50,33650
20240116,09:18:43,297.25,100,33650
20240116,09:18:45,298.5,100,33650
20240116,09:19:40,301.55,100,33650
20240116,09:20:23,305.35,250,33650
20240116,09:20:29,304.0,50,33650
20240116,09:21:03,302.45,150,33900
20240116,09:21:21,306.9,50,33900
20240116,09:21:24,307.45,50,33900
20240116,09:22:21,312.95,100,33900
20240116,09:22:33,312.95,50,33900
20240116,09:22:34,308.8,100,33900
20240116,09:22:44,308.85,500,33900
20240116,09:23:17,307.15,100,33900
20240116,09:23:18,308.0,150,33900
20240116,09:23:20,307.6,150,33900
20240116,09:23:28,309.15,50,33900
20240116,09:24:14,308.65,100,33150
20240116,09:24:47,304.2,800,33150
20240116,09:25:09,304.6,200,33150
20240116,09:26:25,309.95,350,33150
20240116,09:29:10,303.4,100,32250
20240116,09:30:41,303.85,100,32250
20240116,09:30:56,305.8,150,32250
20240116,09:31:03,303.85,50,32250
20240116,09:32:38,298.0,100,32250
20240116,09:32:51,297.55,150,32200
20240116,09:32:52,297.6,100,32200
20240116,09:33:35,301.0,250,32200
20240116,09:35:20,305.15,50,32200
20240116,09:37:00,304.75,100,32100
20240116,09:38:58,305.0,50,32100
20240116,09:39:14,304.0,250,32100
20240116,09:39:40,298.5,100,32100
20240116,09:41:21,306.35,50,32100
20240116,09:41:40,308.0,50,32100
20240116,09:42:19,306.4,100,31800
20240116,09:44:21,303.2,250,31800
20240116,09:44:53,300.75,50,31700
20240116,09:45:02,300.15,50,31700
20240116,09:45:12,302.85,50,31700
20240116,09:46:14,299.75,250,31700
20240116,09:46:26,297.9,300,31700
20240116,09:46:40,297.45,50,31700
20240116,09:47:05,293.7,250,31700
20240116,09:48:03,291.9,50,32150
20240116,09:50:33,288.0,50,32150
20240116,09:51:34,288.0,350,32200
20240116,09:52:52,287.85,500,32200
20240116,09:52:55,287.85,50,32200
20240116,09:52:59,289.65,400,32200
20240116,09:53:22,286.45,100,32200
20240116,09:53:45,286.25,50,32650
20240116,09:54:00,284.4,500,32650
20240116,09:54:01,284.4,50,32650
20240116,09:57:10,294.3,50,32650
20240116,09:57:32,293.4,50,32650
20240116,09:58:19,295.9,50,32650
20240116,09:59:40,298.0,50,32650
20240116,10:00:52,300.0,400,32650
20240116,10:01:22,305.0,50,32650
20240116,10:01:42,304.15,250,32650
20240116,10:02:59,300.55,500,32250
20240116,10:03:11,297.65,50,32250
20240116,10:03:48,291.75,300,32250
20240116,10:07:41,300.0,50,32750
20240116,10:08:08,298.5,50,32750
20240116,10:08:12,296.95,200,32750
20240116,10:10:44,296.25,50,32750
20240116,10:12:28,297.3,500,33050
20240116,10:13:24,294.0,500,33050
20240116,10:13:29,294.0,500,33050
20240116,10:20:34,296.7,50,33800
20240116,10:21:39,295.25,500,33850
20240116,10:21:54,295.05,500,33850
20240116,10:23:01,293.25,150,33850
20240116,10:25:09,296.0,50,32850
20240116,10:30:57,293.9,100,32900
20240116,10:32:29,293.9,50,32900
20240116,10:34:09,292.35,250,33000
20240116,10:34:45,290.5,50,33000
20240116,10:38:21,287.0,50,33000
20240116,10:40:01,280.9,50,33050
20240116,10:40:46,280.9,50,33050
20240116,10:41:11,284.25,50,33050
20240116,10:41:26,285.0,50,33050
20240116,10:42:17,285.0,50,33050
20240116,10:42:23,284.25,500,33050
20240116,10:42:26,283.65,50,33050
20240116,10:47:53,277.9,250,33100
20240116,10:48:00,278.75,500,33100
20240116,10:53:29,285.0,50,33700
20240116,10:54:15,285.55,350,33650
20240116,10:57:14,282.05,50,34000
20240116,11:00:24,281.35,50,33950
20240116,11:01:00,282.1,50,33950
20240116,11:01:33,282.4,50,33950
20240116,11:03:09,281.2,50,34000
20240116,11:04:11,278.6,150,34000
20240116,11:06:17,277.45,50,33900
20240116,11:06:34,275.65,50,33900
20240116,11:06:38,275.65,50,33900
20240116,11:06:39,277.25,50,33900
20240116,11:07:34,276.85,50,33900
20240116,11:07:47,276.0,100,33900
20240116,11:08:48,278.75,100,33900
20240116,11:09:40,280.0,50,34100
20240116,11:09:59,279.15,50,34100
20240116,11:11:37,277.0,500,34100
20240116,11:11:49,276.45,100,34100
20240116,11:11:59,275.0,250,34550
20240116,11:13:28,273.1,750,34550
20240116,11:14:39,273.1,50,34550
20240116,11:16:20,273.95,50,34550
20240116,11:16:21,273.9,100,34550
20240116,11:18:17,277.65,50,34700
20240116,11:18:33,277.2,50,34700
20240116,11:19:20,279.15,50,34700
20240116,11:19:35,279.65,50,34700
20240116,11:19:47,281.3,100,34700
20240116,11:20:05,279.0,500,34700
20240116,11:20:21,278.45,50,34700
20240116,11:20:24,278.0,200,34700
20240116,11:20:34,278.35,100,34700
20240116,11:21:07,280.1,650,35150
20240116,11:21:08,280.1,100,35150
20240116,11:24:02,281.5,50,35150
20240116,11:24:13,280.95,50,35150
20240116,11:26:24,284.35,350,35150
20240116,11:26:35,283.5,350,35150
20240116,11:26:45,284.65,50,35150
20240116,11:27:33,283.95,1000,35150
20240116,11:27:48,284.35,1000,35300
20240116,11:27:57,283.55,1000,35300
20240116,11:28:45,284.0,50,35300
20240116,11:29:02,284.75,100,35300
20240116,11:29:06,283.55,100,35300
20240116,11:29:48,281.0,50,35300
20240116,11:29:52,281.0,500,35300
20240116,11:30:05,281.3,50,37600
20240116,11:31:03,285.05,150,37600
20240116,11:31:25,285.05,50,37600
20240116,11:31:51,285.4,50,37600
20240116,11:32:12,284.6,300,37600
20240116,11:34:24,281.1,50,37800
20240116,11:34:40,280.1,250,37800
20240116,11:34:52,280.1,400,37800
20240116,11:34:57,280.1,1150,37800
20240116,11:35:09,278.6,100,37800
20240116,11:38:38,278.75,50,39500
20240116,11:38:44,278.6,50,39500
20240116,11:40:27,281.8,50,39500
20240116,11:42:05,285.1,100,39500
20240116,11:42:43,287.5,500,39500
20240116,11:43:00,290.5,250,39500
20240116,11:43:04,290.35,950,39500
20240116,11:43:06,290.0,250,39500
20240116,11:44:28,289.2,100,39500
20240116,11:44:33,288.0,50,39500
20240116,11:44:58,290.0,100,39500
20240116,11:45:07,291.0,50,39150
20240116,11:47:09,294.4,100,39150
20240116,11:47:18,293.25,200,39150
20240116,11:47:53,290.0,50,39150
20240116,11:49:10,286.95,250,38950
20240116,11:49:14,287.05,250,38950
20240116,11:49:15,287.1,250,38950
20240116,11:49:25,285.0,50,38950
20240116,11:52:10,292.0,1000,38950
20240116,11:52:37,294.0,50,38950
20240116,11:52:39,294.0,50,38950
20240116,11:54:05,288.0,50,38100
20240116,11:55:45,288.0,300,38100
20240116,11:56:22,287.5,50,38100
20240116,11:56:28,289.45,50,38100
20240116,11:58:39,280.85,50,38100
20240116,11:58:40,280.9,50,38150
20240116,11:58:49,279.4,100,38150
20240116,12:00:04,278.5,50,38150
20240116,12:00:31,280.15,50,38150
20240116,12:00:35,281.05,250,38150
20240116,12:02:20,282.0,50,38150
20240116,12:05:35,286.45,100,38200
20240116,12:05:54,288.1,50,38200
20240116,12:06:20,288.15,50,38300
20240116,12:06:26,288.5,50,38300
20240116,12:07:21,287.8,50,38300
20240116,12:08:51,298.0,50,38300
20240116,12:09:00,298.65,50,38300
20240116,12:09:10,296.0,50,38500
20240116,12:09:20,298.0,50,38500
20240116,12:09:43,299.25,200,38500
20240116,12:09:56,301.95,50,38500
20240116,12:10:31,302.15,50,38500
20240116,12:10:46,302.15,50,38500
20240116,12:11:26,296.4,50,38500
20240116,12:11:47,295.6,50,38500
20240116,12:11:58,295.3,250,38500
20240116,12:12:48,296.95,50,38600
20240116,12:13:48,298.0,150,38600
20240116,12:14:21,297.6,50,38600
20240116,12:14:31,298.0,1000,38600
20240116,12:15:39,300.0,100,37750
20240116,12:16:13,302.55,100,37750
20240116,12:16:31,302.2,1000,37750
20240116,12:17:50,298.55,50,37750
20240116,12:19:47,304.15,50,36800
20240116,12:20:01,303.6,100,36800
20240116,12:20:46,301.7,50,36800
20240116,12:22:19,298.5,250,36800
20240116,12:22:37,297.0,50,36750
20240116,12:30:40,296.0,100,36750
20240116,12:31:19,290.8,50,36750
20240116,12:31:44,291.6,250,36750
20240116,12:33:09,295.2,50,36550
20240116,12:38:15,301.35,350,36550
20240116,12:39:15,301.5,100,36900
20240116,12:39:18,301.5,200,36900
20240116,12:39:22,302.05,150,36900
20240116,12:39:23,302.05,250,36900
20240116,12:42:17,300.3,50,37600
20240116,12:42:48,300.0,250,37600
20240116,12:43:38,302.9,100,37600
20240116,12:44:22,303.6,150,37600
20240116,12:45:07,306.0,150,37600
20240116,12:45:24,302.15,100,37600
20240116,12:46:07,302.45,150,37800
20240116,12:46:54,304.65,50,37800
20240116,12:47:03,304.65,50,37800
20240116,12:48:02,310.0,50,37800
20240116,12:48:11,312.0,150,37600
20240116,12:48:19,311.3,300,37600
20240116,12:49:28,313.2,50,37600
20240116,12:49:39,314.5,50,37600
20240116,12:49:46,314.5,50,37600
20240116,12:50:02,311.65,50,37600
20240116,12:50:12,312.75,50,37600
20240116,12:50:22,313.35,50,37600
20240116,12:50:26,312.0,50,37600
20240116,12:51:19,312.0,50,37500
20240116,12:51:28,313.0,50,37500
20240116,12:52:06,308.0,1000,37500
20240116,12:53:31,303.05,600,37500
20240116,12:53:32,304.25,50,37500
20240116,12:54:33,301.9,50,36350
20240116,12:56:42,301.6,50,36350
20240116,12:57:38,305.65,50,36350
20240116,12:58:20,306.75,100,36350
20240116,13:00:47,315.0,1150,36300
20240116,13:01:00,317.85,1000,36300
20240116,13:01:01,316.0,600,36300
20240116,13:01:04,317.4,50,36300
20240116,13:01:07,317.5,100,36300
20240116,13:04:43,316.55,1800,35250
20240116,13:05:06,314.7,100,35250
20240116,13:06:06,311.9,50,35250
20240116,13:06:36,318.35,600,37000
20240116,13:06:57,318.35,100,37000
20240116,13:07:47,318.65,50,37000
20240116,13:10:23,318.65,50,37400
20240116,13:11:24,318.95,50,37400
20240116,13:11:39,318.95,900,37400
20240116,13:12:17,312.45,50,36450
20240116,13:12:23,314.5,50,36450
20240116,13:12:40,316.65,100,36450
20240116,13:12:51,317.6,400,36450
20240116,13:12:58,320.0,150,36450
20240116,13:13:23,325.0,150,36450
20240116,13:13:26,325.05,500,36450
20240116,13:13:33,325.05,50,36450
20240116,13:13:42,323.65,400,36450
20240116,13:13:50,320.55,100,36450
20240116,13:13:53,322.5,50,36450
20240116,13:14:43,321.3,50,36450
20240116,13:14:52,322.85,50,36450
20240116,13:15:18,323.0,50,35350
20240116,13:15:26,325.85,50,35350
20240116,13:15:36,325.85,50,35350
20240116,13:16:52,315.7,250,35350
20240116,13:17:00,315.7,250,35350
20240116,13:17:12,315.7,50,35350
20240116,13:18:54,315.0,50,35350
20240116,13:19:10,318.0,50,35350
20240116,13:19:47,323.75,100,35350
20240116,13:20:20,325.0,150,35350
20240116,13:20:27,324.25,50,35350
20240116,13:20:34,321.75,750,35350
20240116,13:21:08,323.55,50,35350
20240116,13:21:15,325.0,200,34600
20240116,13:21:38,323.75,50,34600
20240116,13:22:05,323.0,200,34600
20240116,13:22:10,324.1,500,34600
20240116,13:22:23,324.0,100,34600
20240116,13:22:33,324.0,50,34600
20240116,13:23:40,324.0,50,34600
20240116,13:25:06,329.0,400,34200
20240116,13:25:08,330.0,50,34200
20240116,13:27:12,330.0,50,34200
20240116,13:27:31,322.8,250,34200
20240116,13:27:36,324.25,50,33750
20240116,13:30:00,321.8,50,33750
20240116,13:33:14,334.8,50,33500
20240116,13:33:46,340.0,50,33500
20240116,13:33:57,345.0,100,33500
20240116,13:34:00,345.0,150,33500
20240116,13:34:07,345.0,350,33500
20240116,13:34:08,344.2,50,33500
20240116,13:34:11,346.45,50,33500
20240116,13:34:31,348.55,50,33500
20240116,13:35:20,349.0,1050,33500
20240116,13:35:48,349.0,50,33500
20240116,13:35:57,349.0,50,33500
20240116,13:36:12,350.0,250,33500
20240116,13:36:34,355.0,50,32850
20240116,13:36:45,355.0,150,32850
20240116,13:36:52,356.2,50,32850
20240116,13:37:08,356.2,50,32850
20240116,13:37:17,353.0,250,32850
20240116,13:37:44,356.0,50,32850
20240116,13:37:48,355.1,50,32850
20240116,13:39:45,349.2,300,33150
20240116,13:39:46,349.8,50,33150
20240116,13:40:00,348.45,50,33150
20240116,13:40:20,340.4,50,33150
20240116,13:40:29,339.15,50,33150
20240116,13:40:30,338.3,300,33150
20240116,13:41:03,341.05,450,33150
20240116,13:42:01,344.0,50,33150
20240116,13:42:16,343.65,50,33200
20240116,13:42:22,343.0,50,33200
20240116,13:42:32,342.4,200,33200
20240116,13:43:20,342.4,200,33200
20240116,13:44:31,331.15,50,33200
20240116,13:44:32,333.0,50,33200
20240116,13:44:57,333.0,100,33200
20240116,13:45:26,337.2,100,33000
20240116,13:47:02,324.35,50,33000
20240116,13:47:09,322.1,100,33000
20240116,13:47:14,322.1,100,33000
20240116,13:47:51,322.0,150,33000
20240116,13:48:00,322.5,350,33000
20240116,13:48:27,325.0,100,33000
20240116,13:48:56,325.0,500,33100
20240116,13:50:22,329.9,750,33100
20240116,13:51:09,335.85,100,33100
20240116,13:51:20,335.0,50,33100
20240116,13:51:43,329.9,50,33700
20240116,13:52:52,317.05,50,33700
20240116,13:53:10,323.0,50,33700
20240116,13:53:27,325.55,250,33700
20240116,13:53:29,326.2,50,33700
20240116,13:55:38,318.4,100,33700
20240116,13:56:14,320.45,50,33350
20240116,13:56:16,318.0,50,33350
20240116,13:57:00,313.5,1000,33350
20240116,13:57:22,315.35,200,33500
20240116,13:59:03,312.4,100,33500
20240116,13:59:19,314.45,150,33500
20240116,14:00:01,314.45,150,33500
20240116,14:00:02,313.95,50,33500
20240116,14:00:04,315.35,50,33500
20240116,14:00:31,316.0,200,33850
20240116,14:01:19,311.65,100,33850
20240116,14:02:03,314.6,150,33850
20240116,14:03:00,322.2,350,33850
20240116,14:03:03,321.3,150,33850
20240116,14:07:08,322.1,300,33700
20240116,14:07:22,320.8,100,33700
20240116,14:07:26,319.1,350,33700
20240116,14:09:12,317.0,150,33700
20240116,14:10:21,315.05,50,33300
20240116,14:10:53,315.5,50,33300
20240116,14:11:26,314.4,50,33300
20240116,14:12:22,310.25,50,33350
20240116,14:12:31,309.6,350,33350
20240116,14:12:45,308.8,650,33350
20240116,14:12:57,307.2,50,33350
20240116,14:13:08,308.85,50,33350
20240116,14:13:21,305.5,150,33350
20240116,14:13:42,304.8,50,33350
20240116,14:13:52,305.0,50,33350
20240116,14:14:59,312.15,50,33350
20240116,14:16:00,312.85,50,32750
20240116,14:17:02,313.0,150,32750
20240116,14:17:38,312.85,50,32750
20240116,14:18:02,310.75,200,32750
20240116,14:20:01,307.0,50,33100
20240116,14:20:18,305.3,300,33100
20240116,14:20:22,304.2,50,33100
20240116,14:20:35,304.05,350,33100
20240116,14:20:42,302.0,50,33100
20240116,14:21:01,304.95,200,33100
20240116,14:21:29,308.65,50,33000
20240116,14:22:05,307.55,50,33000
20240116,14:22:15,309.0,350,33000
20240116,14:24:44,311.9,100,32750
20240116,14:26:55,318.4,300,32750
20240116,14:27:51,316.05,100,32650
20240116,14:28:05,316.3,50,32650
20240116,14:29:03,313.6,100,32650
20240116,14:29:33,312.8,250,32650
20240116,14:29:34,311.55,50,32650
20240116,14:31:05,310.45,50,32750
20240116,14:31:33,311.25,50,32750
20240116,14:31:42,309.05,50,32750
20240116,14:33:03,315.0,50,32750
20240116,14:33:42,314.05,150,32750
20240116,14:33:44,313.35,50,32750
20240116,14:35:33,319.75,150,32750
20240116,14:35:34,319.45,100,32750
20240116,14:35:35,319.4,150,32750
20240116,14:35:37,319.5,100,32750
20240116,14:35:45,323.4,250,32750
20240116,14:36:02,325.05,150,32750
20240116,14:36:03,324.9,50,32750
20240116,14:36:06,324.85,100,32750
20240116,14:36:07,324.85,150,32750
20240116,14:36:08,324.8,50,32750
20240116,14:36:23,330.0,450,33300
20240116,14:36:33,331.55,200,33300
20240116,14:36:34,331.1,250,33300
20240116,14:36:36,331.1,50,33300
20240116,14:36:38,333.2,300,33300
20240116,14:36:50,333.85,350,33300
20240116,14:37:32,330.0,150,33300
20240116,14:37:47,325.35,150,33300
20240116,14:37:59,322.9,100,33300
20240116,14:39:23,321.35,50,33300
20240116,14:40:28,315.0,100,33550
20240116,14:40:32,315.2,300,33550
20240116,14:40:59,316.95,50,33550
20240116,14:42:20,315.9,500,33550
20240116,14:42:37,315.25,100,34100
20240116,14:43:04,315.0,300,34100
20240116,14:43:38,314.05,50,34100
20240116,14:44:07,313.55,600,34100
20240116,14:44:28,313.6,300,34100
20240116,14:44:37,315.1,100,34100
20240116,14:46:37,310.0,50,34450
20240116,14:48:05,313.6,300,34450
20240116,14:48:37,316.9,200,34500
20240116,14:49:52,311.9,150,34500
20240116,14:49:56,312.4,50,34500
20240116,14:50:01,312.7,100,34500
20240116,14:50:52,312.75,50,34500
20240116,14:51:47,310.05,50,34650
20240116,14:51:51,309.85,50,34650
20240116,14:51:53,309.6,250,34650
20240116,14:52:20,306.85,200,34650
20240116,14:52:31,308.0,500,34650
20240116,14:53:42,315.25,50,34650
20240116,14:54:08,312.85,50,34650
20240116,14:55:01,315.05,250,34350
20240116,14:55:03,314.4,50,34350
20240116,14:55:11,316.5,50,34350
20240116,14:56:24,316.4,50,34350
20240116,14:57:29,315.0,50,34150
20240116,14:59:11,314.4,50,34150
20240116,14:59:42,311.35,200,34150
20240116,15:00:50,317.2,50,34150
20240116,15:01:54,313.65,100,34150
20240116,15:02:02,313.55,50,34150
20240116,15:03:27,309.85,50,34200
20240116,15:04:58,311.85,50,34200
20240116,15:05:12,312.05,100,34200
20240116,15:07:54,316.0,50,34300
20240116,15:09:28,315.0,50,34350
20240116,15:09:47,315.3,50,34350
20240116,15:09:59,313.7,50,34350
20240116,15:10:00,315.2,100,34350
20240116,15:10:04,314.15,50,34350
20240116,15:11:46,315.15,300,34350
20240116,15:12:38,315.55,50,33950
20240116,15:13:36,318.85,50,33950
20240116,15:13:41,320.0,500,33950
20240116,15:13:54,317.95,100,33950
20240116,15:15:04,319.0,50,33950
20240116,15:15:20,322.15,50,33950
20240116,15:16:38,324.0,50,33950
20240116,15:16:39,324.0,200,34150
20240116,15:16:40,324.0,100,34150
20240116,15:16:41,324.05,150,34150
20240116,15:16:42,325.0,650,34150
20240116,15:16:46,326.6,100,34150
20240116,15:17:06,331.0,1800,34150
20240116,15:17:10,332.5,100,34150
20240116,15:17:14,330.1,250,34150
20240116,15:17:17,328.6,1850,34150
20240116,15:17:20,330.55,1800,34150
20240116,15:17:21,328.35,200,34150
20240116,15:17:32,330.55,50,34150
20240116,15:17:45,328.2,50,34150
20240116,15:18:00,323.75,1800,34150
20240116,15:18:01,324.0,1800,34150
20240116,15:18:02,324.55,1800,34150
20240116,15:18:03,324.8,150,34150
20240116,15:18:15,325.65,400,34150
20240116,15:18:30,329.25,1800,33050
20240116,15:18:32,330.4,1800,33050
20240116,15:18:33,330.1,1800,33050
20240116,15:18:38,327.05,250,33050
20240116,15:18:59,327.05,50,33050
20240116,15:19:28,324.2,1800,33050
20240116,15:19:29,324.75,1800,33050
20240116,15:19:30,324.7,150,33050
20240116,15:19:39,325.75,300,33050
20240116,15:19:43,324.5,1800,33050
20240116,15:19:53,325.4,250,33050
20240116,15:19:57,327.7,50,33050
20240116,15:20:04,328.5,200,33050
20240116,15:20:08,328.1,100,33050
20240116,15:20:10,328.7,250,33050
20240116,15:20:12,329.1,50,33050
20240116,15:20:14,328.9,200,33050
20240116,15:20:15,328.95,200,33050
20240116,15:20:16,328.95,50,33050
20240116,15:20:37,327.85,150,33050
20240116,15:20:37,327.25,400,33050
20240116,15:21:11,327.0,200,33050
20240116,15:21:13,328.15,100,33050
20240116,15:21:22,328.15,50,33050
20240116,15:21:34,326.05,100,32800
20240116,15:22:40,322.05,50,32800
20240116,15:22:52,322.0,150,32800
20240116,15:23:08,322.0,50,32800
20240116,15:25:19,322.0,150,32650
20240116,15:25:21,321.75,1800,32650
20240116,15:25:32,321.85,100,32650
20240116,15:25:35,321.95,100,32650
20240116,15:25:47,321.1,150,32650
20240116,15:26:24,322.65,100,32650
20240116,15:26:27,323.25,200,32650
20240116,15:26:28,322.8,100,32650
20240116,15:26:28,322.85,150,32650
20240116,15:26:32,323.55,50,32650
20240116,15:27:06,322.35,100,32650
20240116,15:27:14,323.55,300,32650
20240116,15:27:18,323.5,100,32650
20240116,15:27:25,323.5,100,32650
20240116,15:27:30,323.55,50,32650
20240116,15:27:33,323.6,100,33400
20240116,15:27:34,323.65,150,33400
20240116,15:29:09,323.65,50,33400
20240116,15:29:15,321.1,1800,33400
20240116,15:29:38,323.65,500,33400
20240116,15:29:48,322.3,50,33400
20240116,15:29:54,323.0,100,33400
20240117,09:15:04,405.0,1,31350
20240117,09:15:04,405.0,200,31350
20240117,09:15:19,410.0,100,31350
20240117,09:15:23,410.0,450,31350
20240117,09:15:36,330.0,50,31350
20240117,09:15:40,323.95,50,31350
20240117,09:15:58,323.05,50,31350
20240117,09:16:02,323.05,400,31350
20240117,09:16:07,418.6,200,31350
20240117,09:16:12,418.6,100,31350
20240117,09:16:22,383.7,50,31350
20240117,09:16:26,381.8,350,31350
20240117,09:16:31,409.4,400,31350
20240117,09:16:35,384.5,550,31350
20240117,09:16:40,410.0,500,31350
20240117,09:16:45,410.0,50,31350
20240117,09:16:50,393.3,50,31350
20240117,09:17:21,401.0,50,31350
20240117,09:17:26,410.0,50,31350
20240117,09:17:35,402.85,50,31350
20240117,09:17:40,410.0,150,31350
20240117,09:17:44,408.0,200,30450
20240117,09:17:48,408.0,50,30450
20240117,09:17:52,410.0,400,30450
20240117,09:17:56,401.3,250,30450
20240117,09:18:01,412.45,200,30450
20240117,09:18:06,412.5,150,30450
20240117,09:18:17,413.3,50,30450
20240117,09:18:35,412.55,200,30450
20240117,09:18:45,412.55,100,30450
20240117,09:19:30,418.95,350,30450
20240117,09:19:37,419.0,700,30450
20240117,09:19:45,425.0,1300,30450
20240117,09:19:52,420.75,50,30450
20240117,09:19:59,421.3,300,30450
20240117,09:20:06,421.3,150,30450
20240117,09:20:12,425.0,450,30450
20240117,09:20:19,425.0,50,30450
20240117,09:20:33,423.6,50,30450
20240117,09:20:39,429.45,300,30450
20240117,09:20:46,425.2,50,29800
20240117,09:20:53,425.4,50,29800
20240117,09:20:59,429.95,550,29800
20240117,09:21:13,429.95,150,29800
20240117,09:21:16,425.75,100,29800
20240117,09:21:18,425.7,300,29800
20240117,09:21:25,424.5,150,29800
20240117,09:21:27,426.7,250,29800
20240117,09:21:29,426.7,450,29800
20240117,09:21:37,426.7,50,29800
20240117,09:21:47,430.0,100,29800
20240117,09:21:57,430.0,50,29800
20240117,09:22:04,425.5,50,29800
20240117,09:22:05,426.7,50,29800
20240117,09:22:10,427.85,100,29800
20240117,09:22:11,427.9,50,29800
20240117,09:22:19,428.55,150,29800
20240117,09:22:54,435.0,1050,29800
20240117,09:23:12,436.9,50,29800
20240117,09:23:23,440.0,50,29800
20240117,09:23:33,450.0,500,29800
20240117,09:23:44,451.5,150,29800
20240117,09:24:23,451.5,50,29050
20240117,09:24:32,445.9,50,29050
20240117,09:24:38,446.4,50,29050
20240117,09:24:45,444.95,100,29050
20240117,09:24:51,448.5,100,29050
20240117,09:25:06,448.5,50,29050
20240117,09:25:07,448.5,50,29050
20240117,09:25:21,455.0,50,29050
20240117,09:26:11,464.35,700,29050
20240117,09:26:17,464.35,2000,29050
20240117,09:26:27,464.4,50,29050
20240117,09:26:36,464.4,1800,29050
20240117,09:26:44,462.35,350,26000
20240117,09:27:02,466.8,3150,26000
20240117,09:27:22,468.35,1900,26000
20240117,09:27:31,467.95,200,26000
20240117,09:27:39,469.0,300,26000
20240117,09:27:47,470.0,250,26000
20240117,09:28:14,470.0,450,26000
20240117,09:28:17,464.35,100,26000
20240117,09:28:18,464.75,100,26000
20240117,09:28:19,465.0,50,26000
20240117,09:28:26,461.55,50,26000
20240117,09:28:30,458.75,250,26000
20240117,09:28:36,457.2,100,26000
20240117,09:28:38,456.3,300,26000
20240117,09:28:49,455.2,100,26000
20240117,09:28:49,455.2,150,26000
20240117,09:28:50,454.65,50,26000
20240117,09:28:58,452.35,50,26000
20240117,09:29:02,452.1,150,26000
20240117,09:29:04,451.7,150,26000
20240117,09:29:05,453.05,50,26000
20240117,09:29:23,454.65,650,26000
20240117,09:29:31,456.05,50,26000
20240117,09:29:46,457.85,350,26000
20240117,09:29:54,457.65,100,19300
20240117,09:30:09,460.8,300,19300
20240117,09:30:40,455.7,150,19300
20240117,09:30:56,456.95,700,19300
20240117,09:31:11,455.55,150,19300
20240117,09:31:19,453.05,250,19300
20240117,09:31:37,452.45,50,19300
20240117,09:31:45,454.05,2700,19300
20240117,09:32:26,454.05,450,19300
20240117,09:32:51,443.9,700,17450
20240117,09:33:01,440.05,300,17450
20240117,09:33:11,442.6,400,17450
20240117,09:33:16,440.0,50,17450
20240117,09:33:37,442.65,50,17450
20240117,09:33:43,443.9,50,17450
20240117,09:34:01,440.0,1200,17450
20240117,09:34:03,440.05,100,17450
20240117,09:34:29,430.25,50,17450
20240117,09:34:30,430.55,150,17450
20240117,09:35:00,430.9,200,17450
20240117,09:35:37,423.0,50,17450
20240117,09:35:46,423.0,250,17450
20240117,09:35:54,424.0,1600,16450
20240117,09:36:03,425.65,50,16450
20240117,09:36:27,427.4,150,16450
20240117,09:36:41,432.3,100,16450
20240117,09:36:46,436.55,150,16450
20240117,09:36:49,436.7,100,16450
20240117,09:36:51,436.15,150,16450
20240117,09:37:05,439.0,250,16450
20240117,09:37:13,437.8,50,16450
20240117,09:37:20,435.75,200,16450
20240117,09:37:45,430.9,50,16450
20240117,09:37:48,430.25,200,16450
20240117,09:38:03,427.7,250,16450
20240117,09:38:23,430.1,150,16450
20240117,09:39:04,429.0,350,15850
20240117,09:39:29,426.6,200,15850
20240117,09:39:38,427.9,100,15850
20240117,09:39:47,429.0,200,15850
20240117,09:41:13,429.0,100,15850
20240117,09:42:05,425.1,50,15750
20240117,09:42:10,425.9,350,15750
20240117,09:42:24,425.7,150,15750
20240117,09:42:54,428.6,100,15750
20240117,09:44:06,429.0,50,15750
20240117,09:44:45,433.4,200,15750
20240117,09:44:54,433.4,250,15650
20240117,09:45:03,431.25,50,15650
20240117,09:45:11,432.95,100,15650
20240117,09:45:19,430.3,250,15650
20240117,09:47:50,422.4,50,15300
20240117,09:48:10,421.9,50,15300
20240117,09:48:58,418.05,50,15300
20240117,09:49:48,420.0,500,15300
20240117,09:50:34,420.85,50,15300
20240117,09:51:59,420.0,1950,14700
20240117,09:52:05,420.0,200,14700
20240117,09:52:19,425.0,50,14700
20240117,09:52:36,430.0,700,14700
20240117,09:53:28,435.5,250,14700
20240117,09:54:01,435.5,50,12800
20240117,09:55:43,426.8,100,12800
20240117,09:56:36,437.8,50,12800
20240117,09:57:15,442.3,200,12800
20240117,09:57:25,441.95,100,12800
20240117,09:58:07,436.8,1150,12800
20240117,09:58:17,436.7,50,12800
20240117,09:58:41,435.6,200,12800
20240117,09:58:50,436.15,100,12800
20240117,09:59:41,441.35,450,12800
20240117,10:00:06,445.0,50,13250
20240117,10:00:52,446.2,150,13250
20240117,10:00:54,446.15,200,13250
20240117,10:01:59,448.6,50,13250
20240117,10:06:07,447.25,50,13200
20240117,10:06:50,448.6,100,13200
20240117,10:07:10,455.0,50,13200
20240117,10:07:21,451.1,250,13200
20240117,10:10:34,445.65,50,13250
20240117,10:10:52,445.05,150,13250
20240117,10:13:07,445.05,50,13250
20240117,10:22:15,448.75,50,13200
20240117,10:22:39,450.0,100,13200
20240117,10:23:16,453.75,50,13200
20240117,10:25:06,455.4,200,13200
20240117,10:26:43,458.65,50,13200
20240117,10:27:25,462.0,100,12950
20240117,10:27:45,460.8,300,12950
20240117,10:27:56,459.25,200,12950
20240117,10:28:06,460.0,50,12950
20240117,10:30:52,449.4,100,13100
20240117,10:33:38,453.85,200,13050
20240117,10:34:15,457.6,150,13050
20240117,10:34:45,458.85,50,13050
20240117,10:35:32,461.5,50,13050
20240117,10:35:52,462.0,200,13050
20240117,10:36:59,465.0,50,12900
20240117,10:37:10,466.0,50,12900
20240117,10:38:08,474.95,200,12900
20240117,10:39:15,479.95,250,13050
20240117,10:40:29,482.8,50,13050
20240117,10:41:01,482.8,50,13050
20240117,10:42:11,475.0,50,13350
20240117,10:44:12,480.35,250,13350
20240117,10:44:24,480.35,50,13350
20240117,10:45:03,480.0,50,13350
20240117,10:54:11,475.0,100,13100
20240117,10:55:00,478.05,400,13100
20240117,10:55:20,478.05,50,13100
20240117,10:57:31,480.35,50,13000
20240117,11:03:23,482.0,50,12950
20240117,11:04:36,482.6,50,12950
20240117,11:15:06,479.85,200,12950
20240117,11:17:12,487.5,50,12950
20240117,11:17:32,487.5,50,12950
20240117,11:17:42,482.5,250,12950
20240117,11:20:10,481.0,500,13200
20240117,11:20:19,481.0,900,13200
20240117,11:22:42,481.0,800,12450
20240117,11:28:32,485.45,50,11650
20240117,11:28:49,485.45,50,11650
20240117,11:30:58,487.55,50,11600
20240117,11:31:07,488.15,100,11600
20240117,11:31:17,489.45,300,11600
20240117,11:31:28,487.05,50,11600
20240117,11:31:37,487.15,50,11600
20240117,11:31:46,486.7,150,11600
20240117,11:32:03,486.2,150,11600
20240117,11:34:07,496.2,250,11650
20240117,11:34:20,496.2,150,11650
20240117,11:37:17,499.8,1350,11800
20240117,11:37:39,500.0,50,11800
20240117,11:38:57,500.0,50,11800
20240117,11:39:58,505.7,300,11000
20240117,11:40:11,510.4,450,11000
20240117,11:40:24,508.15,250,11000
20240117,11:41:07,520.8,300,11000
20240117,11:41:45,525.05,300,11000
20240117,11:41:55,524.4,50,11000
20240117,11:42:18,527.1,250,11150
20240117,11:43:06,543.25,600,11150
20240117,11:43:16,540.4,200,11150
20240117,11:43:27,542.8,50,11150
20240117,11:43:52,545.55,100,11150
20240117,11:44:03,545.55,250,11150
20240117,11:49:58,538.05,150,11350
20240117,11:50:18,539.0,50,11350
20240117,11:52:06,541.3,200,11250
20240117,11:52:16,541.8,150,11250
20240117,11:58:38,541.8,50,10900
20240117,12:01:46,549.8,800,10850
20240117,12:02:55,557.75,250,10850
20240117,12:03:29,562.55,150,10300
20240117,12:06:20,586.45,150,10100
20240117,12:08:29,586.45,100,10100
20240117,12:09:30,558.6,50,10150
20240117,12:09:58,563.05,50,10150
20240117,12:11:07,563.45,100,10150
20240117,12:12:58,556.45,150,10150
20240117,12:13:37,556.05,100,10150
20240117,12:13:46,558.05,200,10150
20240117,12:14:31,560.7,150,10150
20240117,12:15:37,536.5,1150,10000
20240117,12:15:47,536.0,150,10000
20240117,12:15:59,537.3,100,10000
20240117,12:16:28,535.95,100,10000
20240117,12:16:38,527.85,100,10000
20240117,12:17:22,535.05,150,10000
20240117,12:18:02,539.05,100,10000
20240117,12:20:20,525.05,150,10850
20240117,12:20:31,530.15,100,10850
20240117,12:23:15,526.45,100,10900
20240117,12:26:05,536.75,100,11000
20240117,12:26:45,541.15,50,11000
20240117,12:29:08,554.05,50,11000
20240117,12:29:19,552.35,50,11000
20240117,12:39:58,539.15,100,11050
20240117,12:40:16,537.3,50,11050
20240117,12:43:44,558.55,250,11050
20240117,12:43:54,555.8,500,10900
20240117,12:44:24,554.4,200,10900
20240117,12:45:30,562.6,50,10400
20240117,12:49:04,555.0,50,10350
20240117,12:49:58,561.05,50,10350
20240117,13:02:43,557.9,300,10350
20240117,13:02:54,559.25,150,10350
20240117,13:03:04,561.3,150,10350
20240117,13:06:24,557.2,50,10650
20240117,13:06:51,559.75,50,10700
20240117,13:10:44,555.85,3000,10650
20240117,13:13:29,575.25,50,13100
20240117,13:15:08,574.2,900,13100
20240117,13:15:55,576.65,3000,13800
20240117,13:17:06,573.8,200,13800
20240117,13:19:01,567.9,3000,16700
20240117,13:20:07,578.5,500,16700
20240117,13:20:45,579.0,500,16700
20240117,13:22:27,579.5,500,14650
20240117,13:23:11,576.3,500,14650
20240117,13:23:20,576.0,500,14650
20240117,13:29:39,564.05,250,16100
20240117,13:34:52,577.15,100,16250
20240117,13:38:08,592.45,200,16150
20240117,13:38:20,594.75,50,16150
20240117,13:39:07,600.05,100,16150
20240117,13:39:57,600.05,200,16150
20240117,13:40:09,587.2,100,16150
20240117,13:40:19,580.55,50,16150
20240117,13:40:49,577.05,100,16150
20240117,13:42:07,564.05,50,16150
20240117,13:42:38,564.05,150,16050
20240117,13:44:11,560.7,200,16050
20240117,13:47:05,558.6,50,16200
20240117,13:51:37,534.6,50,16150
20240117,13:51:46,535.55,50,16150
20240117,13:53:38,543.45,400,16150
20240117,13:54:08,550.0,50,16150
20240117,13:54:47,553.0,200,16500
20240117,13:54:55,553.0,250,16500
20240117,13:55:45,555.4,250,16500
20240117,14:00:12,563.55,50,17000
20240117,14:01:08,568.05,100,17050
20240117,14:03:31,566.9,50,17050
20240117,14:09:40,553.0,200,17150
20240117,14:10:10,559.5,100,17150
20240117,14:18:08,572.75,150,17150
20240117,14:18:29,566.95,50,17150
20240117,14:32:54,606.3,100,17200
20240117,14:34:13,613.05,100,17200
20240117,14:40:23,609.0,100,17250
20240117,14:41:52,624.0,50,17250
20240117,14:42:52,625.55,500,17250
20240117,14:43:23,629.85,700,17250
20240117,14:43:55,629.85,50,17250
20240117,14:46:37,640.0,50,17200
20240117,14:47:48,640.0,50,17200
20240117,14:48:31,629.3,100,17200
20240117,14:48:43,631.7,250,17200
20240117,14:50:14,636.8,50,17200
20240117,14:50:24,632.05,50,17200
20240117,14:51:14,628.75,50,17200
20240117,14:58:15,635.0,50,17100
20240117,15:00:20,633.0,100,17100
20240117,15:01:00,639.6,300,17100
20240117,15:01:30,638.55,100,17000
20240117,15:01:58,643.45,100,17000
20240117,15:02:20,644.75,100,17000
20240117,15:02:32,647.6,150,17000
20240117,15:03:03,647.6,100,17000
20240117,15:05:25,636.8,50,16550
20240117,15:05:35,640.4,3200,16550
20240117,15:07:31,650.75,50,15050
20240117,15:07:42,656.3,50,15050
20240117,15:08:03,656.3,100,15050
20240117,15:08:13,654.95,3000,15050
20240117,15:10:25,628.0,50,12100
20240117,15:12:52,610.7,50,12050
20240117,15:13:34,617.5,200,12050
20240117,15:20:52,635.75,50,11950
20240117,15:21:11,636.0,100,11950
20240117,15:25:31,635.85,200,11850
20240117,15:26:27,633.05,150,11850
20240117,15:26:37,633.2,150,11850
20240117,15:27:31,630.7,1100,11850
20240117,15:27:54,630.15,50,10250
20240117,15:28:06,630.35,450,10250
20240117,15:29:18,631.8,100,10250
20240117,15:29:59,622.15,100,10250
20240118,09:16:55,750.95,1,10000
20240118,09:16:55,751.0,200,10000
20240118,09:18:41,720.0,50,9900
20240118,09:23:17,720.0,50,9850
20240118,09:26:03,716.45,50,9850
20240118,09:40:19,716.45,50,9800
20240118,09:44:23,798.8,50,9800
20240118,10:20:12,770.05,100,9800
20240118,10:51:54,706.85,50,9700
20240118,11:00:42,704.55,50,9750
20240118,11:21:51,704.55,50,9700
20240118,11:24:02,688.2,50,9700
20240118,11:28:01,688.2,200,9750
20240118,11:28:41,695.0,200,9750
20240118,11:40:44,693.3,200,10150
20240118,11:41:52,701.15,100,10150
20240118,11:48:46,702.0,200,10450
20240118,11:51:16,702.0,100,10650
20240118,11:52:48,702.85,100,10650
20240118,12:02:17,667.05,100,10750
20240118,12:06:19,661.7,200,10750
20240118,12:13:37,647.0,100,10950
20240118,12:26:50,625.25,150,10950
20240118,12:27:11,625.25,500,11100
20240118,12:28:06,634.8,150,11100
20240118,12:39:49,671.75,100,11750
20240118,12:43:51,700.25,100,11850
20240118,12:58:09,700.6,50,11850
20240118,13:10:31,698.0,100,11900
20240118,13:10:42,700.65,50,11900
20240118,13:11:03,707.1,50,11900
20240118,13:12:15,707.3,100,11900
20240118,13:12:26,709.9,100,12150
20240118,13:14:07,708.9,500,12150
20240118,13:14:59,706.7,200,12150
20240118,13:15:19,707.55,100,12950
20240118,13:15:28,707.45,50,12950
20240118,13:18:53,707.65,350,13100
20240118,13:19:24,705.85,100,13100
20240118,13:22:45,694.1,50,13550
20240118,13:33:34,712.2,150,13600
20240118,13:33:45,712.3,50,13600
20240118,13:38:40,717.55,150,13800
20240118,13:38:51,720.25,50,13800
20240118,13:39:32,717.15,100,14000
20240118,13:42:04,722.5,50,14000
20240118,13:43:08,721.65,50,14150
20240118,13:47:30,718.35,100,14200
20240118,13:48:28,715.15,100,14100
20240118,14:17:24,698.4,100,14100
20240118,14:30:50,728.45,50,14100
20240118,14:31:37,724.35,50,14100
20240118,14:46:29,668.0,250,14050
20240118,14:56:45,680.25,50,13800
20240118,15:06:26,674.85,100,13850
20240118,15:11:54,662.0,250,13850
20240118,15:21:00,649.85,100,13600
20240119,09:17:10,555.0,1,13500
20240119,09:17:10,555.0,50,13500
20240119,09:19:07,556.95,50,13550
20240119,09:22:14,556.95,50,13600
20240119,09:22:26,545.15,50,13600
20240119,09:27:28,545.15,50,13600
20240119,09:29:04,540.0,50,13600
20240119,09:33:56,540.0,250,13600
20240119,09:35:03,559.25,1200,13600
20240119,09:35:50,559.25,50,14800
20240119,09:38:36,546.0,50,14750
20240119,09:39:23,545.15,50,14750
20240119,09:42:07,556.0,50,14750
20240119,09:50:43,572.85,700,14750
20240119,09:50:54,572.85,300,14750
20240119,09:52:38,568.3,50,14750
20240119,09:57:33,550.0,50,14700
20240119,09:58:17,547.45,50,14700
20240119,09:59:02,551.95,50,14700
20240119,09:59:13,551.2,50,14700
20240119,10:00:14,554.0,50,14700
20240119,10:07:39,544.0,350,14750
20240119,10:14:14,548.45,250,14750
20240119,10:14:42,551.55,300,14750
20240119,10:21:41,554.45,50,14750
20240119,10:29:55,522.0,150,14750
20240119,10:48:51,522.0,50,14600
20240119,11:03:04,553.0,850,14550
20240119,11:03:14,553.0,200,14550
20240119,11:07:14,585.15,150,13500
20240119,11:08:20,597.85,300,13500
20240119,11:10:25,607.5,50,13550
20240119,11:15:40,616.0,50,13550
20240119,11:23:50,616.0,100,13550
20240119,11:24:11,602.1,100,13550
20240119,11:25:36,589.4,100,13550
20240119,11:39:21,561.0,50,13450
20240119,11:40:54,567.6,100,13450
20240119,11:43:09,579.95,50,13450
20240119,11:44:55,586.6,50,13450
20240119,11:45:59,600.0,50,13450
20240119,12:02:01,576.9,200,13450
20240119,12:17:02,592.4,50,13650
20240119,12:17:19,592.0,50,13650
20240119,12:27:07,593.85,50,13650
20240119,12:28:13,595.35,100,13650
20240119,12:31:32,585.85,100,13550
20240119,12:31:39,583.9,50,13550
20240119,12:32:03,585.2,50,13550
20240119,12:32:21,587.3,50,13550
20240119,12:33:06,582.5,50,13400
20240119,12:35:32,574.9,50,13400
20240119,12:36:54,569.9,50,13300
20240119,12:39:51,570.2,100,13250
20240119,12:40:17,574.5,50,13250
20240119,12:41:04,570.0,200,13250
20240119,12:42:07,577.55,250,13100
20240119,12:43:12,581.0,50,13100
20240119,12:47:30,560.0,50,13100
20240119,12:55:00,557.2,200,13100
20240119,13:08:23,540.0,50,12950
20240119,13:09:20,535.5,500,12950
20240119,13:11:27,549.0,50,12950
20240119,13:11:35,547.4,500,12950
20240119,13:14:46,535.0,450,12850
20240119,13:15:09,530.0,50,12850
20240119,13:17:38,530.0,500,12850
20240119,13:23:28,530.6,50,12850
20240119,13:29:02,559.6,500,12900
20240119,13:29:48,562.0,350,12900
20240119,13:32:42,550.0,350,12600
20240119,13:48:27,557.35,100,12600
20240119,14:03:58,573.0,350,12600
20240119,14:18:08,558.0,50,12600
20240119,14:19:44,558.85,50,12650
20240119,14:20:57,555.6,300,12650
20240119,14:36:36,535.0,50,12850
20240119,14:39:58,528.0,50,12900
20240119,14:43:59,510.0,50,12900
20240119,14:44:11,510.0,50,12900
20240119,14:44:46,510.0,50,12900
20240119,14:45:09,514.0,350,12900
20240119,14:46:03,514.4,300,13250
20240119,14:48:25,526.0,50,13100
20240119,14:56:53,524.8,250,13100
20240119,15:00:15,526.4,50,13000
20240119,15:05:33,536.0,50,13000
20240119,15:10:58,539.0,50,13000
20240119,15:18:41,527.85,50,13000
20240119,15:19:17,530.95,100,13000
20240119,15:21:13,535.45,100,13000
20240119,15:22:04,530.2,250,13100
20240119,15:27:16,531.3,100,13250
20240119,15:27:38,531.35,100,13250
20240119,15:28:46,532.1,100,13250
20240120,09:21:37,475.25,1,13350
20240120,09:21:37,475.3,100,13350
20240120,09:23:23,488.2,200,13350
20240120,09:24:05,497.5,150,13450
20240120,09:30:41,511.6,50,13600
20240120,09:30:46,511.6,50,13600
20240120,09:32:42,505.5,50,13600
20240120,09:35:54,511.4,50,13600
20240120,09:41:42,521.0,100,13600
20240120,09:41:53,521.0,50,13600
20240120,09:44:10,515.0,200,13600
20240120,09:45:24,511.9,50,13600
20240120,09:50:03,512.65,50,13800
20240120,09:52:03,510.2,100,13750
20240120,10:10:04,538.6,50,13750
20240120,10:25:27,538.6,950,13750
20240120,10:25:46,506.7,50,13750
20240120,10:26:03,505.9,250,13750
20240120,10:26:12,506.9,300,13750
20240120,10:26:30,510.45,600,13750
20240120,10:26:41,511.1,100,13750
20240120,10:26:51,508.8,350,14350
20240120,10:26:59,509.0,200,14350
20240120,10:27:06,510.4,100,14350
20240120,10:27:14,509.8,50,14350
20240120,10:27:16,508.3,50,14350
20240120,10:27:36,511.1,50,14350
20240120,10:31:46,502.75,600,14800
20240120,10:32:06,498.1,50,14800
20240120,10:32:28,499.0,50,14800
20240120,10:32:33,499.6,50,14800
20240120,10:32:35,499.25,50,14800
20240120,10:32:51,502.7,600,14950
20240120,10:33:22,504.7,50,14950
20240120,10:33:27,503.5,350,14950
20240120,10:33:35,503.4,50,14950
20240120,10:33:40,503.95,50,14950
20240120,10:33:50,501.75,50,14950
20240120,10:34:03,498.8,650,14950
20240120,10:34:43,501.9,600,14950
20240120,10:34:48,499.5,300,14950
20240120,10:34:51,499.7,50,14950
20240120,10:35:09,499.75,50,14950
20240120,10:35:26,500.5,50,14950
20240120,10:35:38,499.9,50,14950
20240120,10:35:46,500.6,50,14950
20240120,10:35:50,500.4,50,14950
20240120,10:35:58,502.15,50,14950
20240120,10:36:00,501.4,100,14950
20240120,10:36:13,501.7,50,14950
20240120,10:36:15,502.35,50,14950
20240120,10:36:29,503.05,150,14950
20240120,10:36:43,507.55,150,14950
20240120,10:37:31,506.5,150,14950
20240120,10:37:58,512.05,600,14950
20240120,10:38:00,514.8,300,14950
20240120,10:38:23,510.7,200,14950
20240120,10:38:28,509.35,100,14950
20240120,10:38:30,509.3,50,14950
20240120,10:38:33,508.85,100,14950
20240120,10:38:35,509.3,50,14950
20240120,10:38:36,508.65,50,14950
20240120,10:38:44,509.55,100,15650
20240120,10:38:48,508.6,50,15650
20240120,10:38:57,508.85,50,15650
20240120,10:38:59,507.95,50,15650
20240120,10:39:05,508.35,50,15650
20240120,10:39:17,506.4,50,15650
20240120,10:42:17,504.65,100,15750
20240120,10:42:19,504.65,300,15750
20240120,10:42:31,506.0,100,15750
20240120,10:45:27,498.3,500,15300
20240120,10:48:00,498.0,50,15100
20240120,10:48:02,495.35,300,15100
20240120,10:50:20,500.0,50,15100
20240120,10:53:13,511.9,50,14900
20240120,11:19:47,519.3,50,14850
20240120,11:21:39,513.5,50,14900
20240120,12:02:43,509.3,50,14950
20240120,12:04:41,516.0,50,14950
20240120,12:08:04,511.0,500,14900
20240120,12:28:15,522.0,50,14900
20240120,12:31:13,530.8,50,15200
20240120,12:35:26,547.7,50,15250
20240120,12:36:11,549.0,50,15200
20240120,12:36:41,554.2,50,15200
20240120,12:37:15,557.85,50,15200
20240120,12:37:26,557.85,50,15200
20240120,12:37:38,551.9,50,15200
20240120,12:38:40,552.95,50,15200
20240120,12:40:39,555.0,300,15200
20240120,12:40:49,555.0,50,15200
20240120,12:47:28,540.0,350,15050
20240120,12:57:31,525.1,50,15350
20240120,12:58:33,521.95,50,15350
20240120,13:00:41,518.2,50,15350
20240120,13:20:51,524.1,50,15400
20240120,13:21:53,534.8,50,15400
20240120,13:27:04,522.05,50,15400
20240120,13:32:57,534.5,50,15400
20240120,13:38:57,534.0,100,15400
20240120,13:46:59,547.5,50,15350
20240120,13:48:37,554.1,50,15300
20240120,13:53:20,552.95,100,15300
20240120,13:54:48,549.15,50,15350
20240120,13:57:39,523.6,50,15400
20240120,14:00:17,526.35,100,15350
20240120,14:08:08,540.0,100,15450
20240120,14:08:30,536.75,100,15450
20240120,14:18:02,550.0,50,15250
20240120,14:18:10,550.0,200,15250
20240120,14:26:23,535.5,50,15100
20240120,14:37:56,538.0,50,15100
20240120,14:46:00,571.8,50,15050
20240120,14:46:36,577.9,100,15050
20240120,14:46:52,582.0,350,15050
20240120,14:48:44,582.0,50,14650
20240120,14:49:42,538.0,50,14650
20240120,14:50:37,546.6,50,14650
20240120,14:59:10,563.75,600,14550
20240120,15:00:38,571.3,250,14450
20240120,15:01:38,594.0,50,14450
20240120,15:02:03,594.0,50,14450
20240120,15:02:12,586.95,100,14450
20240120,15:03:37,590.0,350,14800
20240120,15:06:16,592.0,350,14800
20240120,15:07:41,590.65,100,14800
20240120,15:08:01,596.35,50,14800
20240120,15:09:20,597.35,100,14800
20240120,15:12:02,597.35,50,14850
20240120,15:17:05,597.35,350,14700
20240120,15:17:15,567.3,50,14700
20240120,15:25:16,560.8,100,15000
20240120,15:27:24,560.7,50,15000
20240123,09:15:10,449.65,100,14950
20240123,09:15:11,449.6,100,14950
20240123,09:16:24,424.0,100,14950
20240123,09:16:50,424.45,50,14950
20240123,09:17:00,429.6,100,14950
20240123,09:17:19,428.85,50,14950
20240123,09:18:54,430.0,200,15250
20240123,09:19:24,435.45,250,15250
20240123,09:19:40,435.9,100,15250
20240123,09:19:53,436.1,50,15250
20240123,09:20:00,433.05,100,15250
20240123,09:20:33,430.55,950,15750
20240123,09:20:45,429.95,100,15750
20240123,09:21:00,431.3,250,15750
20240123,09:21:10,428.0,50,15750
20240123,09:21:20,427.35,50,15750
20240123,09:21:31,428.0,50,15750
20240123,09:21:54,432.85,500,15750
20240123,09:22:43,435.4,300,15750
20240123,09:23:12,433.0,50,15750
20240123,09:23:16,432.5,300,15750
20240123,09:24:15,440.05,50,15800
20240123,09:24:55,448.0,50,15800
20240123,09:25:53,453.7,1800,15800
20240123,09:29:28,445.0,550,17000
20240123,09:29:51,450.0,1000,16550
20240123,09:30:01,446.75,100,16550
20240123,09:31:39,451.1,100,16550
20240123,09:33:08,442.6,50,16700
20240123,09:36:32,445.0,50,16650
20240123,09:38:22,449.45,50,16650
20240123,09:38:42,444.5,1800,16650
20240123,09:39:33,456.4,50,16650
20240123,09:40:52,446.0,100,16650
20240123,09:42:42,440.0,50,15450
20240123,09:45:05,432.0,550,15450
20240123,09:45:38,432.0,150,15450
20240123,09:48:19,434.15,150,15550
20240123,09:48:24,433.6,50,15550
20240123,09:59:31,467.0,50,15600
20240123,10:00:22,477.3,50,15600
20240123,10:01:25,485.4,200,15600
20240123,10:02:46,502.0,250,15450
20240123,10:03:01,499.5,100,15450
20240123,10:03:21,490.7,250,15450
20240123,10:03:33,489.05,300,15450
20240123,10:03:57,493.4,100,15450
20240123,10:04:16,481.6,900,15450
20240123,10:04:29,486.0,50,15450
20240123,10:04:40,493.8,150,15450
20240123,10:04:48,495.95,50,15450
20240123,10:05:21,492.35,100,15450
20240123,10:05:44,489.15,50,14650
20240123,10:11:08,493.9,200,14700
20240123,10:16:17,479.85,100,14600
20240123,10:20:01,493.8,100,14700
20240123,10:23:39,525.0,350,14700
20240123,10:23:46,529.45,50,14350
20240123,10:24:06,536.0,50,14350
20240123,10:24:39,537.15,50,14350
20240123,10:25:04,548.85,100,14350
20240123,10:25:46,548.85,150,14350
20240123,10:27:35,545.95,50,14350
20240123,10:29:05,554.1,50,14350
20240123,10:30:38,552.05,50,14450
20240123,10:37:11,551.9,100,14450
20240123,10:37:58,558.05,50,14450
20240123,10:39:38,582.1,50,14500
20240123,10:40:05,588.4,50,14500
20240123,10:43:53,626.35,350,14500
20240123,10:51:05,626.0,100,14450
20240123,10:59:23,600.0,50,14450
20240123,11:05:39,610.85,100,14500
20240123,11:09:59,612.15,800,14500
20240123,11:20:44,625.6,50,15150
20240123,11:29:03,615.15,50,15150
20240123,11:39:21,665.0,50,15200
20240123,11:45:31,700.0,50,15250
20240123,11:47:39,704.4,100,15250
20240123,12:03:53,755.0,50,15350
20240123,12:06:33,761.5,100,15350
20240123,12:08:01,789.6,50,15350
20240123,12:10:15,770.1,50,15250
20240123,12:10:23,769.25,50,15250
20240123,12:11:00,780.3,100,15250
20240123,12:11:10,779.45,200,15250
20240123,12:11:43,775.0,100,15250
20240123,12:12:04,773.5,50,15650
20240123,12:12:31,769.45,150,15650
20240123,12:12:57,774.65,50,15650
20240123,12:13:15,770.1,50,15650
20240123,12:13:50,770.1,100,15650
20240123,12:14:55,772.65,100,15650
20240123,12:15:11,774.45,150,15550
20240123,12:15:40,760.75,50,15550
20240123,12:16:24,734.4,50,15550
20240123,12:17:05,746.4,50,15550
20240123,12:17:55,744.05,100,15550
20240123,12:18:11,749.7,100,15600
20240123,12:19:28,765.0,50,15600
20240123,12:20:07,770.75,50,15600
20240123,12:22:03,770.95,100,15700
20240123,12:43:35,762.8,50,15700
20240123,13:00:55,800.0,50,15700
20240123,13:01:37,785.2,50,15700
20240123,13:09:15,805.75,50,15700
20240123,13:10:38,828.5,50,15700
20240123,13:12:10,818.6,50,15700
20240123,13:24:33,817.0,50,15750
20240123,13:25:14,815.55,50,15750
20240123,13:51:09,830.0,50,15750
20240123,14:01:41,859.45,50,15750
20240123,14:07:29,844.0,50,15750
20240123,14:10:16,852.0,50,15750
20240123,14:15:36,859.0,50,15700
20240123,14:20:33,866.0,50,15700
20240123,14:22:49,888.1,50,15700
20240123,14:26:43,920.0,250,15750
20240123,14:42:25,926.7,50,15750
20240123,14:53:04,913.9,150,15750
20240123,14:53:22,925.9,100,15750
20240123,14:55:15,937.2,50,15750
20240123,15:01:36,963.5,50,15800
20240123,15:21:02,940.0,50,15800
20240123,15:29:59,951.75,1,15750
20240124,09:29:39,910.0,1,15750
20240124,09:29:39,910.0,50,15750
20240124,09:33:07,869.65,100,15800
20240124,09:33:33,869.65,100,15800
20240124,09:35:38,889.6,100,15800
20240124,09:36:54,891.55,200,16100
20240124,09:40:41,864.4,550,16300
20240124,09:45:00,864.4,50,16200
20240124,09:56:44,800.0,50,16150
20240124,09:57:12,800.0,250,16200
20240124,09:57:48,786.2,250,16200
20240124,09:58:37,785.0,250,16200
20240124,09:59:13,780.55,250,16200
20240124,10:03:46,800.0,50,15850
20240124,10:04:41,820.0,150,15850
20240124,10:08:33,800.0,100,15950
20240124,10:15:42,800.0,50,16050
20240124,10:19:16,793.3,50,16050
20240124,10:44:51,780.0,100,16100
20240124,10:45:27,780.0,200,16200
20240124,10:53:18,800.0,50,16400
20240124,10:56:49,775.0,50,16450
20240124,10:58:21,775.0,50,16500
20240124,10:58:37,775.0,200,16500
20240124,11:14:16,770.35,50,16550
20240124,11:15:44,770.35,50,16600
20240124,11:22:04,768.45,50,16600
20240124,11:24:25,768.45,50,16650
20240124,11:33:17,903.15,50,16650
20240124,11:46:06,854.65,50,16650
20240124,11:48:38,860.0,50,16700
20240124,12:01:40,856.25,100,16700
20240124,12:03:29,870.0,100,16700
20240124,12:05:48,889.8,50,16700
20240124,12:06:04,908.5,50,16700
20240124,12:29:16,899.0,100,16850
20240124,12:38:13,909.65,100,16850
20240124,12:39:07,919.1,50,16850
20240124,12:49:07,919.1,50,16950
20240124,12:49:15,900.0,50,16950
20240124,13:04:56,816.55,100,16950
20240124,13:24:09,816.0,50,16950
20240124,13:24:16,816.0,50,16950
20240124,13:44:44,830.0,100,17000
20240124,14:22:34,772.0,50,17100
20240124,14:23:48,760.0,50,17100
20240124,14:39:06,736.45,50,17100
20240124,14:40:15,727.0,50,17100
20240124,14:41:02,713.7,50,17100
20240124,14:57:46,700.0,100,17150
20240124,15:27:42,663.65,100,17150
20240124,15:28:12,656.4,50,17150
20240125,09:18:24,726.0,1,17100
20240125,09:18:24,726.05,100,17100
20240125,09:18:29,727.45,50,17100
20240125,09:18:38,727.45,50,17100
20240125,09:18:56,722.15,250,17100
20240125,09:19:24,732.25,50,17100
20240125,09:20:02,735.0,50,17100
20240125,09:21:08,735.0,100,17200
20240125,09:27:57,729.4,150,17150
20240125,09:29:42,716.0,100,17150
20240125,09:30:56,708.0,50,17250
20240125,09:33:30,708.0,50,17250
20240125,09:38:55,732.0,50,17250
20240125,09:39:44,749.0,50,17300
20240125,09:40:35,749.0,100,17300
20240125,09:40:40,746.1,100,17300
20240125,09:40:45,747.85,100,17300
20240125,09:40:50,746.9,50,17300
20240125,09:40:56,742.8,50,17300
20240125,09:42:03,745.0,50,17700
20240125,09:43:59,746.0,50,17700
20240125,09:44:07,745.35,100,17700
20240125,09:44:15,745.0,200,17700
20240125,09:44:23,749.15,250,17700
20240125,09:45:06,774.0,50,17950
20240125,09:45:33,774.0,300,17950
20240125,09:46:35,774.0,50,17950
20240125,09:50:03,749.0,50,18050
20240125,09:54:42,774.0,50,18100
20240125,10:07:10,765.95,50,18150
20240125,10:14:53,771.0,50,18200
20240125,10:17:08,791.35,50,18250
20240125,10:21:26,833.2,50,18300
20240125,10:21:33,833.2,500,18300
20240125,10:22:43,829.0,100,18300
20240125,10:23:20,831.5,100,18300
20240125,10:23:21,840.0,350,18300
20240125,10:30:06,840.0,100,19300
20240125,10:32:50,800.5,100,19300
20240125,10:38:48,810.0,50,19300
20240125,10:40:05,801.2,50,19200
20240125,10:48:38,822.0,900,19250
20240125,10:53:02,825.5,100,20150
20240125,10:53:27,840.0,50,20150
20240125,10:54:28,855.0,700,20300
20240125,10:57:58,865.0,350,20350
20240125,10:58:15,865.0,50,20350
20240125,10:59:54,869.55,50,20350
20240125,11:06:05,869.55,50,20300
20240125,11:18:54,828.55,50,20250
20240125,11:21:41,807.15,350,20200
20240125,11:28:14,841.4,150,20550
20240125,11:35:30,842.0,250,20700
20240125,11:35:31,842.0,100,20700
20240125,11:38:59,796.8,150,20450
20240125,11:39:45,786.65,150,20300
20240125,11:40:05,766.15,100,20300
20240125,11:42:24,758.0,500,20450
20240125,11:44:08,770.7,200,20450
20240125,11:46:58,784.0,150,20450
20240125,11:47:01,784.0,350,20350
20240125,11:49:52,808.7,200,19850
20240125,11:56:31,830.0,100,19750
20240125,12:00:22,827.85,100,19800
20240125,12:02:14,814.3,100,19800
20240125,12:15:28,836.0,50,19800
20240125,12:20:42,850.0,100,19800
20240125,12:25:29,832.4,50,19800
20240125,12:25:33,835.7,100,19800
20240125,12:28:01,814.85,100,19700
20240125,12:28:16,819.0,100,19700
20240125,12:31:23,837.85,50,19600
20240125,12:54:52,846.0,50,19550
20240125,13:05:57,840.0,100,19550
20240125,13:08:00,852.0,50,19600
20240125,13:46:06,853.0,50,19600
20240125,13:46:43,850.0,200,19600
20240125,13:48:44,840.0,400,19650
20240125,13:51:59,840.0,200,20050
20240125,14:04:07,841.05,50,20250
20240125,14:06:18,828.0,50,20250
20240125,14:07:43,845.0,50,20300
20240125,14:07:51,845.4,50,20300
20240125,14:08:25,844.95,50,20300
20240125,14:08:33,843.05,50,20300
20240125,14:08:38,844.05,50,20300
20240125,14:08:50,845.0,50,20300
20240125,14:10:25,848.0,50,20100
20240125,14:10:44,846.3,50,20100
20240125,14:10:57,846.15,50,20100
20240125,14:10:59,845.55,150,20100
20240125,14:11:00,845.65,200,20100
20240125,14:11:10,846.85,50,20100
20240125,14:13:55,846.85,50,19700
20240125,14:14:05,850.0,100,19700
20240125,14:19:48,860.0,100,19700
20240125,14:22:13,860.4,50,19700
20240125,14:25:39,855.75,200,19650
20240125,14:25:46,860.0,50,19650
20240125,14:30:16,840.75,50,19650
20240125,14:34:59,858.0,100,19700
20240125,14:42:51,875.0,100,19700
20240125,14:44:36,875.0,150,19700
20240125,14:54:23,860.0,50,19600
20240125,15:03:47,826.1,50,19650
20240125,15:05:25,811.3,100,19650
20240125,15:06:19,808.8,100,19650
20240125,15:06:27,809.55,100,19650
20240125,15:06:44,807.5,50,19650
20240125,15:07:04,807.5,50,19850
20240125,15:07:59,809.05,50,19850
20240125,15:15:16,794.05,50,19900
20240125,15:17:02,796.9,50,19950
20240125,15:17:06,797.15,50,19950
20240125,15:19:26,781.8,50,20050
20240125,15:20:35,789.6,500,20050
20240125,15:22:44,776.0,300,20150
20240125,15:23:52,776.3,100,20150
20240125,15:23:59,777.7,50,20150
20240125,15:24:19,781.25,100,20150
20240125,15:25:06,779.9,150,20200
20240125,15:25:13,780.45,50,20200
20240125,15:25:36,777.75,350,20200
20240125,15:25:50,774.55,100,20200
20240125,15:25:58,771.2,150,20200
20240125,15:27:20,758.0,50,20200
20240125,15:27:54,755.3,50,19950
20240125,15:28:03,755.3,50,19950
20240125,15:28:11,755.0,500,19950
20240125,15:29:06,759.1,50,19950
20240125,15:29:14,763.7,500,19950
20240125,15:29:59,763.0,300,19950
20240129,09:17:23,688.4,1,21100
20240129,09:17:23,688.4,100,21100
20240129,09:17:25,673.75,50,21100
20240129,09:17:59,673.75,50,21100
20240129,09:18:29,672.0,50,21100
20240129,09:18:38,672.0,100,21100
20240129,09:20:00,658.0,500,21100
20240129,09:20:03,655.0,50,21100
20240129,09:20:54,640.05,50,21150
20240129,09:22:04,628.55,50,21150
20240129,09:22:10,623.0,50,21150
20240129,09:22:33,623.0,50,21150
20240129,09:22:48,629.5,50,21150
20240129,09:23:05,623.25,50,21150
20240129,09:25:25,585.2,100,21000
20240129,09:25:46,585.2,50,21000
20240129,09:26:43,585.8,50,21000
20240129,09:26:59,585.2,50,21000
20240129,09:27:00,583.85,200,21000
20240129,09:28:16,583.85,50,21000
20240129,09:30:29,587.0,50,21150
20240129,09:30:36,592.75,150,21150
20240129,09:31:32,598.7,100,21150
20240129,09:31:55,598.9,50,21150
20240129,09:32:09,607.0,50,21100
20240129,09:32:13,606.0,50,21100
20240129,09:32:17,606.0,150,21100
20240129,09:32:35,606.55,50,21100
20240129,09:32:46,610.9,100,21100
20240129,09:32:57,614.25,50,21100
20240129,09:33:19,604.8,50,21100
20240129,09:33:59,602.0,100,21100
20240129,09:34:00,598.0,50,21100
20240129,09:34:10,590.0,100,21100
20240129,09:34:17,584.45,50,21100
20240129,09:34:45,587.7,50,21100
20240129,09:35:03,584.45,50,21100
20240129,09:35:26,590.65,50,21500
20240129,09:35:35,590.4,100,21500
20240129,09:36:05,598.5,200,21500
20240129,09:36:23,599.0,50,21500
20240129,09:36:27,599.0,50,21500
20240129,09:37:01,602.45,50,21500
20240129,09:37:09,608.65,50,21500
20240129,09:40:03,601.0,50,21650
20240129,09:40:11,597.0,50,21650
20240129,09:41:02,589.0,50,21650
20240129,09:41:25,586.0,50,21700
20240129,09:41:37,580.0,650,21700
20240129,09:42:36,580.0,50,21700
20240129,09:42:52,599.7,50,21700
20240129,09:44:41,592.3,50,21850
20240129,09:45:45,587.3,1800,21850
20240129,09:45:46,586.5,1800,21850
20240129,09:47:35,586.3,50,23400
20240129,09:48:18,591.55,1800,23400
20240129,09:48:19,591.05,50,23400
20240129,09:48:47,590.0,50,23400
20240129,09:48:50,587.95,50,23400
20240129,09:49:47,591.25,1800,23400
20240129,09:50:44,581.75,1000,24650
20240129,09:53:10,581.75,250,24650
20240129,09:53:46,590.0,50,25250
20240129,09:54:20,596.0,50,25250
20240129,09:55:17,589.85,50,25250
20240129,09:56:50,586.1,150,25050
20240129,09:56:58,582.15,100,25050
20240129,09:57:36,574.0,50,25050
20240129,09:57:50,567.25,100,25050
20240129,09:58:18,560.0,50,25050
20240129,09:58:23,552.0,1800,25050
20240129,09:58:31,550.25,150,25050
20240129,09:58:36,546.8,50,25050
20240129,09:58:54,546.5,150,25050
20240129,09:59:04,540.1,50,25050
20240129,09:59:30,538.25,100,26550
20240129,09:59:38,531.15,50,26550
20240129,09:59:41,530.0,100,26550
20240129,09:59:46,530.0,1800,26550
20240129,09:59:47,530.1,1800,26550
20240129,09:59:55,533.15,1800,26550
20240129,10:00:01,524.65,3600,26550
20240129,10:00:05,524.0,50,26550
20240129,10:00:53,524.0,50,26550
20240129,10:01:31,524.0,200,26550
20240129,10:01:35,530.6,50,26550
20240129,10:01:47,531.6,350,26550
20240129,10:02:08,542.7,50,26550
20240129,10:02:40,532.4,50,34300
20240129,10:02:48,536.2,50,34300
20240129,10:03:05,534.9,150,34300
20240129,10:03:12,534.9,50,34300
20240129,10:04:08,540.7,50,34300
20240129,10:04:59,538.4,50,34300
20240129,10:05:21,544.5,50,34400
20240129,10:06:04,550.45,50,34400
20240129,10:07:20,551.55,50,34400
20240129,10:07:45,547.65,100,34400
20240129,10:08:05,552.85,100,34400
20240129,10:08:06,552.35,50,34400
20240129,10:08:41,549.85,100,34500
20240129,10:09:20,550.35,100,34500
20240129,10:09:27,553.3,150,34500
20240129,10:09:43,550.95,200,34500
20240129,10:09:44,551.0,50,34500
20240129,10:09:55,550.0,50,34500
20240129,10:10:08,552.25,150,34500
20240129,10:10:14,555.0,50,34500
20240129,10:10:15,558.75,50,34500
20240129,10:11:05,546.85,50,34500
20240129,10:11:31,552.2,150,35200
20240129,10:12:49,544.0,100,35200
20240129,10:13:05,540.0,50,35200
20240129,10:13:06,538.0,100,35200
20240129,10:13:13,536.55,150,35200
20240129,10:14:24,544.95,150,35250
20240129,10:15:36,534.0,100,35250
20240129,10:16:13,540.0,50,35250
20240129,10:16:40,531.55,100,35250
20240129,10:17:02,532.9,50,35250
20240129,10:17:08,530.0,50,35250
20240129,10:17:09,530.35,50,35250
20240129,10:17:13,532.25,50,35250
20240129,10:17:30,530.0,50,35200
20240129,10:18:00,536.45,100,35200
20240129,10:18:02,540.0,50,35200
20240129,10:18:09,542.8,50,35200
20240129,10:18:19,536.0,50,35200
20240129,10:19:16,536.0,100,35200
20240129,10:20:48,535.5,150,35350
20240129,10:20:55,534.0,100,35350
20240129,10:21:14,536.1,50,35350
20240129,10:21:54,534.95,100,35350
20240129,10:24:09,544.0,100,35350
20240129,10:24:16,541.2,50,35350
20240129,10:25:29,536.3,750,35350
20240129,10:25:36,534.0,100,35350
20240129,10:26:33,528.0,100,36200
20240129,10:26:54,536.0,100,36200
20240129,10:27:30,543.85,50,36200
20240129,10:27:41,544.0,100,36200
20240129,10:30:19,538.75,250,36200
20240129,10:30:21,538.05,100,36200
20240129,10:30:29,547.5,150,36200
20240129,10:30:31,548.25,300,36200
20240129,10:30:48,552.0,200,36200
20240129,10:30:58,549.95,50,36200
20240129,10:30:59,548.0,500,36200
20240129,10:31:54,548.0,50,36200
20240129,10:34:16,542.65,50,36150
20240129,10:35:36,537.6,150,36200
20240129,10:36:59,537.6,250,36200
20240129,10:37:00,537.85,50,36200
20240129,10:37:14,534.0,100,36200
20240129,10:37:33,532.0,100,36200
20240129,10:38:21,534.0,500,36300
20240129,10:39:03,534.0,100,36300
20240129,10:39:39,528.0,100,36300
20240129,10:40:51,530.95,50,36300
20240129,10:41:08,534.0,500,36300
20240129,10:41:41,530.0,1000,36300
20240129,10:43:08,533.0,1000,36400
20240129,10:44:04,542.0,500,36400
20240129,10:44:06,545.05,50,36400
20240129,10:45:09,547.45,50,36400
20240129,10:46:56,541.3,100,36400
20240129,10:47:45,541.2,100,36400
20240129,10:56:19,531.3,100,36400
20240129,10:56:21,531.3,50,36500
20240129,10:56:51,533.45,50,36500
20240129,10:57:19,525.6,50,36500
20240129,10:58:22,532.3,50,36500
20240129,10:58:57,526.7,50,36500
20240129,11:00:27,524.35,100,36450
20240129,11:01:45,524.3,50,36450
20240129,11:05:02,522.0,500,36350
20240129,11:05:03,522.0,200,36350
20240129,11:05:49,526.4,250,36500
20240129,11:06:47,520.0,100,36500
20240129,11:06:54,516.05,50,36500
20240129,11:07:47,516.05,200,36500
20240129,11:08:09,525.0,550,36500
20240129,11:14:01,535.0,50,37250
20240129,11:14:06,537.55,150,37250
20240129,11:14:24,535.8,50,37250
20240129,11:14:28,534.85,50,37250
20240129,11:14:51,527.3,50,37250
20240129,11:14:54,527.3,50,37250
20240129,11:16:36,526.15,50,37250
20240129,11:16:44,526.5,50,37250
20240129,11:19:01,528.5,50,37250
20240129,11:19:38,545.0,50,37250
20240129,11:19:41,548.75,200,37250
20240129,11:19:46,556.1,250,37250
20240129,11:19:47,555.5,1800,37250
20240129,11:19:50,549.4,1800,37250
20240129,11:19:53,545.95,1800,37250
20240129,11:20:00,546.35,1800,37250
20240129,11:20:02,544.55,1800,37250
20240129,11:21:13,551.75,400,31800
20240129,11:21:23,554.7,250,31800
20240129,11:21:25,554.45,50,31800
20240129,11:21:36,560.0,50,31800
20240129,11:21:37,557.0,150,31800
20240129,11:21:47,559.0,50,31800
20240129,11:21:49,562.65,400,31800
20240129,11:21:56,566.4,350,31800
20240129,11:21:58,567.5,250,31800
20240129,11:22:02,565.9,50,31800
20240129,11:22:27,567.05,400,31800
20240129,11:22:40,563.0,50,31800
20240129,11:22:43,555.55,100,31800
20240129,11:22:49,558.6,200,31800
20240129,11:23:46,576.45,400,32650
20240129,11:23:51,577.55,200,32650
20240129,11:24:16,571.85,100,32650
20240129,11:24:27,569.6,1800,32650
20240129,11:24:31,567.65,1800,32650
20240129,11:24:39,565.9,50,32650
20240129,11:24:47,568.9,50,32650
20240129,11:25:00,564.65,100,32650
20240129,11:25:14,573.75,400,32650
20240129,11:25:15,571.95,250,32650
20240129,11:26:08,552.15,450,32650
20240129,11:26:10,554.2,350,32650
20240129,11:28:06,554.2,50,32050
20240129,11:28:45,548.85,50,32050
20240129,11:28:53,544.0,50,32050
20240129,11:29:19,536.05,500,32050
20240129,11:29:38,530.0,50,32050
20240129,11:30:00,530.0,50,32650
20240129,11:30:08,529.5,2000,32650
20240129,11:30:18,521.35,1800,32650
20240129,11:30:20,517.65,2300,32650
20240129,11:30:22,517.95,150,32650
20240129,11:32:10,540.0,50,32650
20240129,11:32:43,541.2,50,32650
20240129,11:32:46,545.0,50,30350
20240129,11:32:56,540.0,50,30350
20240129,11:33:16,550.0,50,30350
20240129,11:33:24,550.9,200,30350
20240129,11:33:25,549.15,50,30350
20240129,11:34:14,546.6,200,30350
20240129,11:34:54,546.6,50,30350
20240129,11:37:18,535.45,100,30300
20240129,11:37:48,529.75,50,30300
20240129,11:39:11,537.9,50,30200
20240129,11:39:34,529.75,50,30200
20240129,11:39:39,529.85,50,30200
20240129,11:40:02,535.1,50,30200
20240129,11:40:03,535.35,50,30200
20240129,11:40:17,532.75,50,30200
20240129,11:41:59,532.65,350,30100
20240129,11:42:23,538.15,50,30100
20240129,11:43:02,532.85,100,30100
20240129,11:43:48,534.65,100,30100
20240129,11:44:25,533.95,50,30100
20240129,11:44:34,532.0,50,30100
20240129,11:44:36,531.0,300,29900
20240129,11:47:41,528.0,50,29850
20240129,11:47:42,526.2,50,29850
20240129,11:47:58,527.9,50,29850
20240129,11:51:13,525.35,50,29750
20240129,11:51:56,520.0,50,29750
20240129,11:52:38,521.2,50,29750
20240129,11:53:46,520.0,100,29750
20240129,11:54:02,511.0,50,29750
20240129,11:54:17,510.0,50,29750
20240129,11:54:54,506.0,200,29750
20240129,11:55:02,508.65,50,29750
20240129,11:55:44,513.5,50,29750
20240129,11:56:39,522.2,50,29750
20240129,11:56:45,521.8,100,29750
20240129,11:56:57,521.85,50,29750
20240129,11:57:43,511.65,50,29750
20240129,11:58:24,512.8,50,29750
20240129,11:58:50,520.1,50,29750
20240129,11:59:16,513.25,50,29750
20240129,11:59:20,514.8,50,29750
20240129,12:00:23,521.4,100,29500
20240129,12:00:40,511.0,50,29500
20240129,12:00:51,511.8,50,29500
20240129,12:00:59,511.8,50,29500
20240129,12:02:18,522.15,50,29500
20240129,12:02:50,519.45,100,29450
20240129,12:02:56,519.55,50,29450
20240129,12:03:16,520.55,100,29450
20240129,12:03:17,518.25,100,29450
20240129,12:03:34,514.0,500,29450
20240129,12:04:18,514.2,100,29450
20240129,12:04:32,517.05,350,29450
20240129,12:06:12,514.15,50,29950
20240129,12:06:26,511.1,50,29950
20240129,12:07:02,512.1,50,29950
20240129,12:07:50,517.75,500,29950
20240129,12:08:47,521.6,50,30050
20240129,12:09:34,513.6,50,30050
20240129,12:10:02,512.5,350,30050
20240129,12:13:53,520.5,50,30050
20240129,12:14:00,520.6,250,30250
20240129,12:15:36,514.35,250,30250
20240129,12:15:46,513.95,50,30250
20240129,12:17:55,514.8,700,30200
20240129,12:19:47,510.0,50,30200
20240129,12:20:02,509.15,50,30200
20240129,12:21:10,516.5,50,29550
20240129,12:21:29,515.15,50,29550
20240129,12:23:50,504.9,50,29500
20240129,12:24:00,503.05,50,29500
20240129,12:24:01,503.05,50,29500
20240129,12:24:13,505.0,50,29500
20240129,12:24:16,504.4,100,29500
20240129,12:24:18,504.4,50,29500
20240129,12:24:19,507.4,200,29500
20240129,12:25:05,510.1,50,29500
20240129,12:25:08,508.5,200,29500
20240129,12:25:10,508.75,250,29500
20240129,12:25:10,508.75,100,29500
20240129,12:25:25,509.7,100,29500
20240129,12:25:58,510.05,200,29500
20240129,12:26:03,507.05,50,29500
20240129,12:26:05,507.05,50,29500
20240129,12:26:21,516.2,50,29500
20240129,12:26:22,514.9,150,29500
20240129,12:26:23,516.75,50,29500
20240129,12:26:40,519.55,50,30150
20240129,12:26:41,521.95,500,30150
20240129,12:26:46,525.0,150,30150
20240129,12:26:53,524.0,50,30150
20240129,12:26:56,519.05,200,30150
20240129,12:26:57,519.55,100,30150
20240129,12:27:33,510.85,150,30150
20240129,12:29:48,521.45,200,29350
20240129,12:30:04,520.2,50,29350
20240129,12:31:15,512.05,50,29350
20240129,12:31:33,510.1,500,29350
20240129,12:31:40,509.8,150,29350
20240129,12:32:46,513.35,50,29350
20240129,12:32:57,513.15,100,29350
20240129,12:33:20,506.75,550,29350
20240129,12:35:08,500.0,100,29350
20240129,12:35:09,497.2,500,29350
20240129,12:35:22,501.8,50,29350
20240129,12:35:40,505.0,50,29800
20240129,12:35:52,502.8,50,29800
20240129,12:36:02,500.7,50,29800
20240129,12:36:15,499.8,50,29800
20240129,12:37:07,504.55,100,29800
20240129,12:37:33,505.45,100,29800
20240129,12:38:50,500.0,100,29850
20240129,12:39:11,490.0,50,29850
20240129,12:39:35,490.0,50,29850
20240129,12:39:50,496.85,50,29850
20240129,12:40:49,494.8,450,29850
20240129,12:41:18,497.85,50,29850
20240129,12:41:29,497.3,50,29850
20240129,12:41:52,500.65,200,29850
20240129,12:42:02,503.0,50,29850
20240129,12:42:06,501.0,50,29850
20240129,12:42:15,502.0,150,29850
20240129,12:42:52,496.5,50,29850
20240129,12:43:10,497.55,100,29850
20240129,12:43:38,499.7,50,29850
20240129,12:43:42,499.95,50,29850
20240129,12:43:55,499.95,100,29850
20240129,12:44:41,497.9,50,29850
20240129,12:44:55,497.9,100,30050
20240129,12:45:06,496.1,50,30050
20240129,12:45:23,493.05,50,30050
20240129,12:45:27,492.2,50,30050
20240129,12:46:01,489.55,50,30050
20240129,12:46:05,489.35,100,30050
20240129,12:46:53,489.35,50,30050
20240129,12:47:16,491.45,50,30050
20240129,12:47:26,489.6,50,30050
20240129,12:47:32,486.9,50,30050
20240129,12:48:57,486.9,50,30250
20240129,12:49:31,492.7,100,30250
20240129,12:50:31,489.15,100,30250
20240129,12:51:26,490.0,200,30300
20240129,12:52:20,485.55,1800,30300
20240129,12:52:51,485.5,50,30300
20240129,12:52:56,485.5,50,30300
20240129,12:53:01,487.15,1800,30300
20240129,12:53:04,492.0,50,30300
20240129,12:53:06,488.85,1800,30300
20240129,12:53:20,489.3,350,30300
20240129,12:53:50,488.3,1800,33400
20240129,12:53:52,489.2,1800,33400
20240129,12:54:52,486.7,500,33400
20240129,12:55:50,487.1,300,33400
20240129,12:56:25,490.65,100,33400
20240129,12:57:18,488.7,50,36650
20240129,12:58:28,484.65,50,36650
20240129,12:59:04,481.0,50,36650
20240129,12:59:25,481.0,500,36650
20240129,12:59:34,480.0,50,36650
20240129,12:59:35,480.0,100,36650
20240129,12:59:40,480.0,50,37100
20240129,12:59:42,479.4,50,37100
20240129,13:00:01,478.7,50,37100
20240129,13:00:03,477.4,500,37100
20240129,13:00:04,475.0,100,37100
20240129,13:00:13,474.05,500,37100
20240129,13:00:21,472.65,250,37100
20240129,13:00:22,472.65,500,37100
20240129,13:00:25,470.05,100,37100
20240129,13:00:26,470.05,450,37100
20240129,13:00:30,470.05,250,37100
20240129,13:00:33,469.65,50,37100
20240129,13:00:42,469.65,50,37100
20240129,13:00:46,467.05,50,37100
20240129,13:01:11,467.05,600,37100
20240129,13:01:24,471.7,50,37100
20240129,13:01:52,475.0,50,37100
20240129,13:01:55,475.0,50,37100
20240129,13:02:11,475.2,50,37100
20240129,13:02:19,479.95,500,37100
20240129,13:02:27,486.95,500,37100
20240129,13:02:47,480.95,50,37350
20240129,13:02:58,482.4,500,37350
20240129,13:03:02,482.45,50,37350
20240129,13:03:10,480.0,50,37350
20240129,13:03:50,479.7,50,37350
20240129,13:04:27,477.1,50,37350
20240129,13:04:39,478.35,500,37350
20240129,13:04:46,482.4,150,37350
20240129,13:04:57,482.45,50,37350
20240129,13:05:07,479.0,50,37350
20240129,13:05:30,479.25,50,37350
20240129,13:05:32,480.0,150,37350
20240129,13:05:38,481.6,100,37600
20240129,13:06:05,481.8,50,37600
20240129,13:06:16,476.0,50,37600
20240129,13:06:56,476.0,50,37600
20240129,13:07:25,481.25,50,37600
20240129,13:07:44,484.8,200,37600
20240129,13:07:48,485.8,50,37600
20240129,13:07:59,485.8,150,37600
20240129,13:08:00,486.6,300,37600
20240129,13:08:08,489.95,200,37600
20240129,13:08:13,489.1,50,37600
20240129,13:08:15,489.05,1000,37600
20240129,13:08:33,494.0,50,37600
20240129,13:08:40,497.65,50,36900
20240129,13:08:45,500.0,50,36900
20240129,13:08:48,498.7,250,36900
20240129,13:09:00,498.55,100,36900
20240129,13:09:37,492.0,50,36900
20240129,13:11:14,489.15,600,36900
20240129,13:11:30,491.65,50,36900
20240129,13:11:50,488.0,250,36800
20240129,13:11:53,488.0,450,36800
20240129,13:12:00,489.6,50,36800
20240129,13:12:14,489.05,500,36800
20240129,13:13:32,483.2,250,36800
20240129,13:13:53,487.15,150,36800
20240129,13:13:54,485.0,100,36800
20240129,13:13:59,484.35,50,36800
20240129,13:14:13,482.9,100,36800
20240129,13:14:33,477.5,250,36800
20240129,13:14:46,479.55,50,37100
20240129,13:14:56,483.45,50,37100
20240129,13:15:38,483.95,50,37100
20240129,13:16:00,486.95,50,37100
20240129,13:16:04,489.9,200,37100
20240129,13:17:40,489.2,500,37350
20240129,13:18:29,489.2,100,37350
20240129,13:18:39,491.9,50,37350
20240129,13:18:40,491.75,150,37350
20240129,13:18:41,491.75,100,37350
20240129,13:19:01,495.45,100,37350
20240129,13:19:32,498.85,150,37350
20240129,13:19:50,503.0,400,37350
20240129,13:20:28,492.05,50,37350
20240129,13:20:46,500.0,50,36850
20240129,13:20:48,500.55,50,36850
20240129,13:21:46,490.25,50,36850
20240129,13:22:05,490.25,50,36850
20240129,13:22:53,502.45,150,36850
20240129,13:23:27,498.9,100,36850
20240129,13:24:31,504.5,50,36750
20240129,13:24:32,501.55,50,36750
20240129,13:24:45,498.9,100,36750
20240129,13:25:45,485.1,50,36750
20240129,13:26:13,490.95,100,36750
20240129,13:26:48,488.5,50,36950
20240129,13:27:00,488.9,100,36950
20240129,13:29:27,498.9,50,36950
20240129,13:30:03,500.6,50,37000
20240129,13:30:34,503.55,50,37000
20240129,13:30:56,502.75,50,37000
20240129,13:30:59,499.1,100,37000
20240129,13:31:51,503.0,50,37000
20240129,13:32:07,501.25,50,37000
20240129,13:32:09,500.0,200,37000
20240129,13:32:42,500.0,50,37200
20240129,13:33:24,491.4,300,37200
20240129,13:33:41,490.0,50,37200
20240129,13:34:06,490.0,100,37200
20240129,13:37:00,488.3,300,37500
20240129,13:37:32,486.05,50,37500
20240129,13:38:10,490.9,650,37500
20240129,13:41:06,486.0,200,37400
20240129,13:42:26,494.0,150,37400
20240129,13:42:57,489.15,100,37400
20240129,13:43:57,485.3,50,37400
20240129,13:43:58,484.55,50,37400
20240129,13:44:10,488.2,50,37400
20240129,13:44:16,488.0,100,37400
20240129,13:44:34,483.65,600,37400
20240129,13:44:58,486.7,50,37250
20240129,13:46:18,485.15,100,37250
20240129,13:46:33,491.1,50,37250
20240129,13:46:44,494.9,50,37250
20240129,13:47:08,489.15,50,37250
20240129,13:47:16,488.15,50,37250
20240129,13:47:54,484.05,50,37250
20240129,13:47:55,484.9,50,37250
20240129,13:49:50,472.0,500,37250
20240129,13:50:41,473.3,50,37250
20240129,13:51:02,471.95,150,37750
20240129,13:51:03,473.0,150,37750
20240129,13:51:50,472.85,50,37750
20240129,13:51:52,470.05,150,37750
20240129,13:51:55,469.0,550,37750
20240129,13:51:59,466.9,100,37750
20240129,13:53:07,466.9,350,37750
20240129,13:53:11,466.9,100,37750
20240129,13:53:31,466.9,400,37750
20240129,13:53:32,466.05,50,37750
20240129,13:53:33,465.0,200,37750
20240129,13:53:49,465.0,100,38750
20240129,13:53:57,465.5,50,38750
20240129,13:53:58,467.45,50,38750
20240129,13:54:00,469.55,50,38750
20240129,13:54:07,469.05,150,38750
20240129,13:54:54,474.85,500,38750
