date,time,tick_price,volume,open_interest
20231220,11:08:05,7700.0,50,50
20231220,11:42:06,7700.0,50,50
20231220,11:44:50,7700.0,50,50
20231220,11:46:09,7700.0,50,150
20231220,11:47:23,7700.0,50,150
20231220,11:48:15,7700.0,50,250
20231220,11:49:14,7700.0,50,250
20231220,11:49:58,7700.0,50,250
20231221,12:42:55,7400.0,1,400
20231221,12:42:55,7400.0,50,400
20231221,12:56:09,7425.0,50,450
20231221,12:57:36,7450.0,50,500
20231221,13:01:05,7450.0,50,550
20231221,13:31:50,7455.0,50,600
20231221,13:45:35,7455.0,50,650
20231221,13:48:53,7300.0,50,700
20231221,13:55:46,7410.0,250,750
20231221,13:57:16,7405.0,100,750
20231221,14:00:20,7420.0,50,1100
20231221,14:00:29,7420.0,100,1100
20231221,14:01:25,7420.0,50,1250
20231221,14:01:56,7415.0,300,1250
20231221,14:02:25,7410.0,50,1250
20231221,14:03:12,7410.0,100,1250
20231221,14:07:21,7385.0,50,1750
20231221,14:07:30,7385.0,50,1750
20231221,14:07:40,7390.0,200,1750
20231221,14:07:59,7395.0,100,1750
20231221,14:08:18,7395.0,50,1750
20231221,14:09:15,7400.0,50,1750
20231221,14:10:34,7400.0,200,2250
20231221,14:12:01,7395.0,200,2250
20231221,14:12:29,7395.0,100,2250
20231221,14:12:39,7395.0,100,2750
20231221,14:13:17,7395.0,50,2750
20231221,14:41:50,7480.0,200,2900
20231221,14:44:01,7485.0,50,3100
20231221,14:44:10,7485.0,350,3100
20231221,14:44:56,7470.0,150,3100
20231221,14:46:18,7470.0,200,3650
20231221,14:46:49,7470.0,50,3650
20231221,14:46:59,7470.0,50,3650
20231221,14:47:09,7470.0,50,3650
20231221,14:50:17,7470.0,250,4000
20231221,14:50:56,7470.0,250,4000
20231221,14:51:16,7470.0,250,4000
20231221,14:51:35,7470.0,50,4000
20231221,14:53:17,7460.0,100,4800
20231221,14:54:46,7450.0,100,4900
20231221,14:55:16,7450.0,100,4900
20231221,14:56:54,7450.0,50,4900
20231221,14:57:04,7450.0,200,4900
20231221,14:58:13,7460.0,350,5350
20231222,09:40:37,7450.0,1,5700
20231222,09:40:37,7450.0,50,5700
20231222,09:50:07,7500.0,50,5750
20231222,09:51:07,7500.0,100,5800
20231222,09:57:45,7500.0,200,5900
20231222,09:57:54,7495.0,200,5900
20231222,09:58:02,7495.0,50,5900
20231222,09:58:11,7495.0,50,5900
20231222,09:59:26,7500.0,50,5900
20231222,09:59:34,7510.0,100,5900
20231222,09:59:57,7505.0,50,6550
20231222,10:00:06,7505.0,300,6550
20231222,10:00:14,7505.0,50,6550
20231222,10:00:22,7505.0,50,6550
20231222,10:00:45,7505.0,100,6550
20231222,10:01:01,7505.0,150,6550
20231222,10:01:09,7505.0,50,6550
20231222,10:01:16,7500.0,150,6550
20231222,10:01:47,7500.0,200,6550
20231222,10:02:51,7500.0,100,7650
20231222,10:03:15,7505.0,250,7650
20231222,10:03:31,7503.0,250,7650
20231222,10:03:38,7505.0,100,7650
20231222,10:03:46,7505.0,100,7650
20231222,10:03:54,7505.0,250,7650
20231222,10:04:02,7505.0,150,7650
20231222,10:04:28,7505.0,200,7650
20231222,10:04:45,7510.0,50,7650
20231222,10:04:54,7515.0,200,7650
20231222,10:05:44,7515.0,100,9300
20231222,10:05:53,7510.0,100,9300
20231222,10:06:01,7510.0,300,9300
20231222,10:06:10,7510.0,300,9300
20231222,10:06:27,7510.0,200,9300
20231222,10:06:45,7515.0,100,9300
20231222,10:07:04,7520.0,500,9300
20231222,10:07:38,7520.0,300,9300
20231222,10:07:46,7520.0,300,9300
20231222,10:08:20,7525.0,250,9300
20231222,10:09:21,7525.0,350,11750
20231222,10:09:36,7515.0,50,11750
20231222,10:09:44,7520.0,100,11750
20231222,10:09:51,7518.0,150,11750
20231222,10:09:59,7520.0,350,11750
20231222,10:11:23,7520.0,100,11750
20231222,10:14:18,7520.0,100,12850
20231222,10:15:20,7525.0,100,12950
20231222,10:15:29,7530.0,100,12950
20231222,10:15:55,7540.0,50,12950
20231222,10:16:03,7540.0,100,12950
20231222,10:16:12,7530.0,100,12950
20231222,10:16:20,7530.0,150,12950
20231222,10:16:29,7530.0,50,12950
20231222,10:16:55,7525.0,50,12950
20231222,10:17:03,7520.0,50,12950
20231222,10:17:36,7525.0,50,12950
20231222,10:20:04,7525.0,200,13750
20231222,10:20:12,7525.0,300,13750
20231222,10:20:20,7525.0,100,13750
20231222,10:20:28,7525.0,100,13750
20231222,10:21:41,7525.0,200,14450
20231222,10:21:57,7535.0,300,14450
20231222,10:22:13,7535.0,200,14450
20231222,10:23:34,7525.0,50,14450
20231222,10:23:42,7520.0,150,14450
20231222,10:31:21,7550.0,50,15350
20231222,10:31:30,7560.0,50,15350
20231222,10:31:39,7560.0,50,15350
20231222,10:32:13,7560.0,100,15350
20231222,10:32:30,7550.0,100,15350
20231222,10:32:39,7550.0,50,15350
20231222,10:32:47,7550.0,200,15750
20231222,10:33:43,7550.0,300,15750
20231222,10:33:51,7550.0,100,15750
20231222,10:34:24,7545.0,500,15750
20231222,10:34:32,7545.0,150,15750
20231222,10:34:40,7545.0,200,15750
20231222,10:34:56,7545.0,50,15750
20231222,10:35:21,7540.0,300,15750
20231222,10:36:46,7535.0,50,17550
20231222,10:36:55,7535.0,250,17550
20231222,10:37:03,7530.0,300,17550
20231222,10:37:11,7535.0,400,17550
20231222,10:37:27,7535.0,100,17550
20231222,10:37:35,7535.0,300,17550
20231222,10:37:52,7535.0,350,17550
20231222,10:38:50,7535.0,50,19300
20231222,10:38:58,7540.0,350,19300
20231222,10:39:06,7535.0,500,19300
20231222,10:39:21,7540.0,50,19300
20231222,10:39:30,7540.0,350,19300
20231222,10:41:40,7550.0,50,19300
20231222,10:42:04,7540.0,50,20650
20231222,10:42:20,7540.0,50,20650
20231222,10:42:36,7535.0,200,20650
20231222,10:43:29,7535.0,50,20650
20231222,10:43:37,7535.0,50,20650
20231222,10:43:45,7535.0,50,20650
20231222,10:43:52,7535.0,300,20650
20231222,10:44:22,7550.0,50,20650
20231222,10:45:18,7532.4,50,21450
20231222,10:45:47,7540.0,50,21450
20231222,10:46:10,7535.0,150,21450
20231222,10:48:23,7535.0,100,21700
20231222,10:48:40,7535.0,50,21700
20231222,10:49:13,7550.0,50,21700
20231222,10:49:54,7545.0,100,21700
20231222,10:50:18,7540.0,300,21700
20231222,10:50:33,7540.0,350,21700
20231222,10:50:41,7540.0,100,21700
20231222,10:51:18,7540.0,100,22750
20231222,10:51:42,7540.0,150,22750
20231222,10:51:50,7540.0,50,22750
20231222,10:53:39,7545.0,100,22750
20231222,10:53:47,7545.0,450,23300
20231222,10:53:55,7545.0,400,23300
20231222,10:54:11,7545.0,50,23300
20231222,10:54:35,7545.0,50,23300
20231222,10:54:43,7545.0,50,23300
20231222,10:55:54,7545.0,100,23300
20231222,10:56:03,7545.0,100,23300
20231222,10:56:36,7550.0,100,23300
20231222,11:16:20,7560.75,50,24450
20231222,11:34:13,7573.55,50,24500
20231222,11:34:46,7573.55,50,24500
20231222,11:42:20,7580.75,50,24600
20231222,11:45:27,7583.3,50,24650
20231222,11:48:13,7583.3,50,24700
20231222,11:50:03,7583.3,50,24700
20231222,11:51:18,7562.4,50,24800
20231222,11:55:21,7577.65,50,24850
20231222,11:58:40,7581.0,50,24900
20231222,12:00:16,7583.65,50,24950
20231222,12:09:44,7583.65,50,25000
20231222,12:13:00,7574.75,50,25050
20231222,12:15:32,7570.0,100,25100
20231222,12:16:53,7563.0,500,25100
20231222,12:17:01,7563.0,500,25100
20231222,12:17:10,7563.0,250,25100
20231222,12:17:42,7566.6,50,25100
20231222,12:18:15,7565.0,150,26500
20231222,12:19:42,7545.0,150,26500
20231222,12:20:01,7540.0,50,26500
20231222,12:20:10,7540.0,200,26500
20231222,12:20:27,7540.05,400,26500
20231222,12:20:53,7540.0,650,26500
20231222,12:21:54,7540.0,150,28100
20231222,12:22:03,7540.0,200,28100
20231222,12:22:11,7540.0,100,28100
20231222,12:22:19,7540.0,150,28100
20231222,12:23:09,7540.0,200,28100
20231222,12:23:26,7540.0,50,28100
20231222,12:23:35,7540.0,300,28100
20231222,12:23:51,7540.0,250,28100
20231222,12:24:07,7540.0,100,29500
20231222,12:24:16,7540.0,50,29500
20231222,12:24:56,7540.0,100,29500
20231222,12:25:04,7540.0,50,29500
20231222,12:26:24,7535.0,100,29500
20231222,12:26:49,7535.0,550,29500
20231222,12:26:56,7535.0,550,29500
20231222,12:28:42,7535.0,100,31000
20231222,12:30:35,7530.0,200,31100
20231222,12:31:00,7530.0,400,31100
20231222,12:32:16,7530.0,50,31100
20231222,12:35:19,7490.0,100,31750
20231222,12:38:04,7490.0,150,31850
20231222,12:41:28,7490.0,50,32000
20231222,12:41:54,7480.0,100,32000
20231222,12:44:39,7490.0,100,32150
20231222,12:45:07,7512.4,50,32250
20231222,12:47:13,7512.4,100,32250
20231222,12:47:58,7540.0,100,32250
20231222,12:48:07,7550.0,200,32550
20231222,12:48:15,7560.0,150,32550
20231222,12:48:23,7565.0,100,32550
20231222,12:48:32,7560.0,100,32550
20231222,12:49:48,7540.0,100,32550
20231222,12:50:05,7550.0,150,32550
20231222,12:50:13,7550.0,150,32550
20231222,12:50:38,7555.0,100,32550
20231222,12:50:46,7555.0,100,32550
20231222,12:52:40,7555.0,100,33650
20231222,12:52:56,7555.0,100,33650
20231222,13:11:02,7540.0,250,33850
20231222,13:11:24,7540.0,250,33850
20231222,13:13:27,7535.0,100,34350
20231222,13:13:35,7535.0,150,34350
20231222,13:18:46,7535.0,50,34600
20231222,13:19:58,7535.0,50,34600
20231222,13:21:02,7535.0,50,34600
20231222,13:22:07,7535.0,50,34750
20231222,13:23:12,7535.0,50,34750
20231222,13:23:28,7550.0,50,34750
20231222,13:24:48,7545.0,150,34900
20231222,13:24:56,7545.0,150,34900
20231222,13:25:30,7540.0,150,34900
20231222,13:25:55,7540.0,100,34900
20231222,13:26:03,7540.0,150,34900
20231222,13:26:11,7535.0,600,34900
20231222,13:28:25,7532.0,150,36200
20231222,13:28:34,7532.0,150,36200
20231222,13:29:07,7525.0,250,36200
20231222,13:29:16,7532.0,200,36200
20231222,13:29:25,7532.0,100,36200
20231222,13:29:59,7535.0,100,36200
20231222,13:30:24,7532.0,350,37150
20231222,13:30:41,7532.0,50,37150
20231222,13:30:50,7532.0,50,37150
20231222,13:31:25,7522.0,150,37150
20231222,13:31:35,7515.0,150,37150
20231222,13:31:45,7525.0,50,37150
20231222,13:31:53,7515.0,300,37150
20231222,13:32:02,7525.45,100,37150
20231222,13:32:11,7525.0,100,37150
20231222,13:33:02,7525.0,500,37150
20231222,13:33:43,7522.0,50,38950
20231222,13:33:51,7520.0,150,38950
20231222,13:34:00,7515.0,50,38950
20231222,13:34:24,7520.0,50,38950
20231222,13:37:51,7522.45,100,39250
20231222,13:38:00,7522.7,50,39250
20231222,13:38:15,7525.0,50,39250
20231222,13:38:24,7525.0,50,39250
20231222,13:38:32,7525.0,50,39250
20231222,13:38:56,7520.0,50,39250
20231222,13:39:04,7520.0,100,39250
20231222,13:39:51,7500.0,150,39700
20231222,13:40:01,7500.0,250,39700
20231222,13:42:00,7480.0,550,39700
20231222,13:44:37,7475.0,600,40650
20231222,13:44:46,7475.0,350,40650
20231222,13:45:14,7475.0,150,40650
20231222,13:46:12,7470.0,750,41750
20231222,13:46:20,7466.25,300,41750
20231222,13:46:47,7465.0,700,41750
20231222,13:47:05,7470.0,200,41750
20231222,13:48:27,7465.0,50,43700
20231222,13:48:38,7460.0,50,43700
20231222,13:48:48,7460.0,150,43700
20231222,13:49:48,7440.0,500,43700
20231222,13:49:57,7440.0,250,43700
20231222,13:50:14,7440.0,50,43700
20231222,13:51:51,7420.0,50,44750
20231222,13:58:03,7420.0,50,44800
20231222,13:58:43,7435.5,50,44800
20231222,13:59:07,7435.0,600,44800
20231222,13:59:38,7435.0,100,44800
20231222,14:00:31,7440.0,600,45600
20231222,14:01:59,7470.0,50,45600
20231222,14:02:07,7468.0,100,45600
20231222,14:02:37,7455.0,100,45600
20231222,14:02:45,7462.45,50,45600
20231222,14:02:53,7458.0,50,45600
20231222,14:03:23,7460.0,100,46550
20231222,14:03:31,7465.0,50,46550
20231222,14:03:39,7465.0,50,46550
20231222,14:03:47,7475.0,100,46550
20231222,14:04:02,7475.0,50,46550
20231222,14:04:10,7470.0,50,46550
20231222,14:04:18,7470.0,100,46550
20231222,14:05:13,7460.0,400,46550
20231222,14:05:21,7460.0,200,46550
20231222,14:06:15,7470.0,300,47650
20231222,14:06:23,7470.8,300,47650
20231222,14:06:38,7470.0,300,47650
20231222,14:06:46,7475.0,300,47650
20231222,14:08:14,7472.4,300,47650
20231222,14:08:22,7475.0,100,47650
20231222,14:08:38,7470.0,100,47650
20231222,14:08:46,7470.0,50,47650
20231222,14:08:53,7475.0,50,47650
20231222,14:09:01,7480.0,50,47650
20231222,14:12:33,7500.0,200,49500
20231222,14:46:28,7570.0,300,49700
20231222,14:46:29,7570.0,600,49700
20231222,14:46:30,7570.0,200,49700
20231222,14:47:42,7565.0,50,49700
20231222,14:47:43,7560.0,450,49700
20231222,14:47:49,7560.0,300,49700
20231222,14:47:54,7560.0,200,49700
20231222,14:48:07,7560.0,100,49700
20231222,14:48:24,7560.0,50,51900
20231222,14:48:32,7560.0,50,51900
20231222,14:48:40,7560.05,100,51900
20231222,14:48:48,7560.0,50,51900
20231222,14:51:35,7626.3,100,52150
20231222,14:52:54,7626.3,100,52150
20231222,15:16:20,7552.05,50,52150
20231222,15:20:28,7575.0,50,52200
20231222,15:21:31,7545.0,50,52250
20231222,15:24:38,7533.0,50,52300
20231222,15:27:12,7520.0,150,52300
20231226,09:19:23,7550.0,1,52400
20231226,09:19:23,7550.0,50,52400
20231226,09:23:09,7540.0,50,52450
20231226,09:28:32,7520.0,50,52500
20231226,09:32:36,7516.0,50,52550
20231226,09:32:45,7516.0,50,52550
20231226,09:35:39,7530.0,50,52650
20231226,09:36:06,7530.0,50,52700
20231226,09:46:45,7520.0,50,52750
20231226,09:47:13,7520.0,50,52750
20231226,09:51:38,7520.0,50,52850
20231226,09:51:55,7518.0,50,52850
20231226,10:10:02,7580.0,50,52950
20231226,10:39:24,7629.4,50,53000
20231226,10:48:58,7629.4,50,53050
20231226,10:51:46,7625.0,50,53100
20231226,10:51:55,7625.0,50,53100
20231226,10:52:47,7630.0,50,53100
20231226,10:55:15,7630.0,100,53250
20231226,11:52:51,7620.0,50,53350
20231226,12:30:03,7640.0,50,53400
20231226,12:33:16,7640.0,50,53450
20231226,12:33:31,7640.0,50,53450
20231226,12:36:17,7640.0,50,53550
20231226,12:36:29,7640.0,50,53550
20231226,12:38:35,7640.0,50,53550
20231226,12:38:48,7640.0,50,53550
20231226,12:40:19,7640.0,50,53750
20231226,12:40:34,7640.0,50,53750
20231226,12:43:41,7640.0,50,53850
20231226,12:43:52,7640.0,50,53850
20231226,12:44:03,7640.0,50,53850
20231226,12:44:08,7640.0,400,53850
20231226,12:45:05,7640.0,50,53850
20231226,12:45:17,7620.05,50,54050
20231226,12:45:31,7620.05,50,54050
20231226,12:47:30,7620.0,50,54050
20231226,12:47:47,7620.0,100,54050
20231226,12:48:11,7620.0,50,54300
20231226,12:49:59,7620.0,100,54300
20231226,12:50:15,7620.0,100,54300
20231226,12:53:56,7650.0,100,54550
20231226,13:03:23,7650.0,500,54550
20231226,13:03:28,7620.0,100,54450
20231226,13:14:43,7620.0,100,54450
20231226,13:14:53,7620.0,100,54450
20231226,13:18:37,7620.0,100,54650
20231226,13:18:43,7620.0,100,54650
20231226,13:20:19,7620.0,100,54650
20231226,13:20:26,7620.0,100,54650
20231226,13:20:36,7620.0,50,54650
20231226,13:20:51,7620.0,50,54650
20231226,13:22:08,7650.0,50,55150
20231226,13:22:21,7650.0,50,55150
20231226,13:22:47,7650.0,100,55150
20231226,13:23:24,7620.0,50,55150
20231226,13:23:32,7620.0,50,55150
20231226,13:23:39,7620.0,50,55150
20231226,13:23:51,7620.0,50,55150
20231226,13:25:14,7620.0,100,55250
20231226,13:25:24,7620.0,50,55250
20231226,13:25:35,7620.0,50,55250
20231226,13:25:49,7620.0,50,55250
20231226,13:25:57,7620.0,50,55250
20231226,13:29:16,7610.0,50,55250
20231226,13:29:25,7610.0,50,55550
20231226,13:29:32,7610.0,50,55550
20231226,13:29:45,7610.0,50,55550
20231226,13:30:02,7610.0,50,55550
20231226,13:30:11,7610.0,50,55550
20231226,13:32:16,7630.0,50,55850
20231226,13:32:33,7630.0,50,55850
20231226,13:32:42,7610.05,50,55850
20231226,13:32:58,7610.0,50,55850
20231226,13:33:11,7611.15,50,55850
20231226,13:33:34,7611.5,50,55850
20231226,13:39:16,7653.35,100,56050
20231226,13:41:00,7655.05,150,56000
20231226,13:41:25,7655.05,50,56000
20231226,13:41:33,7659.95,50,56000
20231226,13:41:42,7660.0,100,56000
20231226,13:41:58,7660.0,50,56000
20231226,13:42:15,7620.15,50,56000
20231226,13:42:24,7620.15,50,55950
20231226,13:42:33,7620.15,50,55950
20231226,13:46:51,7630.0,50,56050
20231226,13:49:05,7621.0,50,56100
20231226,13:49:22,7621.0,50,56100
20231226,13:49:31,7621.0,50,56100
20231226,13:49:40,7621.0,200,56100
20231226,13:51:37,7621.0,50,56150
20231226,13:51:49,7621.0,50,56150
20231226,13:52:05,7621.0,50,56150
20231226,13:52:14,7621.0,50,56150
20231226,13:52:40,7621.0,50,56150
20231226,13:52:56,7621.0,50,56150
20231226,13:58:17,7621.0,50,56450
20231226,13:58:33,7621.0,50,56450
20231226,13:58:48,7621.0,50,56450
20231226,13:59:13,7621.0,50,56450
20231226,14:01:09,7621.0,50,56650
20231226,14:01:27,7621.0,50,56650
20231226,14:01:44,7621.0,50,56650
20231226,14:01:52,7621.0,50,56650
20231226,14:02:09,7621.0,50,56650
20231226,14:02:27,7621.0,50,56650
20231226,14:08:35,7621.05,50,56950
20231226,14:08:53,7621.05,50,56950
20231226,14:09:18,7621.3,50,56950
20231226,14:09:34,7621.3,50,57100
20231226,14:16:10,7640.0,100,57150
20231226,14:18:22,7650.0,100,57150
20231226,14:52:05,7646.25,100,57150
20231226,14:53:43,7650.0,250,57150
20231226,14:59:31,7635.0,450,57050
20231226,15:16:01,7645.95,100,57050
20231227,09:34:14,7748.0,1,56950
20231227,09:34:14,7748.0,50,56950
20231227,09:59:41,7780.3,50,57000
20231227,10:08:12,7780.3,50,57000
20231227,10:08:21,7777.0,50,57000
20231227,10:11:08,7732.15,50,57100
20231227,10:17:38,7732.15,50,57150
20231227,10:27:02,7780.0,50,57200
20231227,10:28:43,7790.0,50,57200
20231227,10:31:00,7813.85,50,57300
20231227,10:57:23,7813.85,150,57300
20231227,11:03:19,7785.0,50,57350
20231227,11:49:46,7789.4,50,57400
20231227,12:02:31,7789.4,50,57450
20231227,12:03:28,7789.4,50,57500
20231227,12:04:54,7814.4,50,57500
20231227,12:06:10,7829.35,50,57600
20231227,12:06:20,7829.35,50,57600
20231227,12:11:45,7814.0,50,57650
20231227,12:32:27,7730.0,50,57700
20231227,12:33:12,7730.0,50,57700
20231227,12:33:37,7730.0,50,57800
20231227,12:33:54,7730.0,50,57800
20231227,12:34:38,7730.0,50,57800
20231227,12:35:06,7730.0,50,57800
20231227,12:35:26,7735.95,50,57800
20231227,12:48:13,7749.4,50,58050
20231227,12:58:22,7732.0,200,58100
20231227,12:58:30,7732.0,500,58100
20231227,13:02:03,7732.0,700,58800
20231227,13:09:12,7731.3,50,59500
20231227,13:16:15,7731.55,50,59550
20231227,13:17:24,7728.3,50,59550
20231227,13:24:46,7728.3,50,59650
20231227,13:25:25,7737.6,50,59650
20231227,13:25:57,7740.65,50,59650
20231227,13:26:30,7739.9,50,59650
20231227,13:27:29,7743.05,50,59850
20231227,13:28:44,7731.4,50,59850
20231227,13:29:10,7733.0,50,59850
20231227,13:29:34,7729.95,50,59850
20231227,13:29:59,7732.3,50,59850
20231227,13:30:24,7728.0,50,60100
20231227,13:30:48,7713.9,50,60100
20231227,13:31:30,7713.9,50,60100
20231227,13:31:38,7714.05,50,60100
20231227,13:32:03,7715.3,50,60100
20231227,13:32:11,7716.65,50,60100
20231227,13:43:49,7720.0,50,60400
20231227,13:46:43,7730.0,50,60450
20231227,13:49:19,7738.0,50,60500
20231227,13:50:16,7745.0,50,60500
20231227,13:52:56,7745.0,50,60600
20231227,14:02:08,7743.3,50,60650
20231227,14:03:35,7760.0,50,60700
20231227,14:05:31,7755.0,250,60700
20231227,14:06:30,7750.0,250,61000
20231227,14:06:54,7755.0,300,61000
20231227,14:07:43,7750.0,250,61000
20231227,14:07:47,7750.0,250,61000
20231227,14:08:29,7750.0,150,61000
20231227,14:08:30,7750.0,100,61000
20231227,14:08:57,7750.0,250,61000
20231227,14:09:00,7750.0,50,61000
20231227,14:09:01,7750.0,200,61000
20231227,14:09:09,7750.0,100,61000
20231227,14:09:10,7750.0,50,61000
20231227,14:09:11,7750.0,100,61000
20231227,14:09:41,7750.0,50,63050
20231227,14:09:43,7750.0,50,63050
20231227,14:09:47,7750.0,50,63050
20231227,14:09:48,7750.0,50,63050
20231227,14:09:52,7750.0,100,63050
20231227,14:09:56,7750.0,100,63050
20231227,14:10:04,7750.0,250,63050
20231227,14:10:23,7750.0,250,63050
20231227,14:10:24,7750.0,250,63050
20231227,14:10:52,7755.0,100,63050
20231227,14:10:53,7755.0,100,63050
20231227,14:11:14,7750.0,300,63050
20231227,14:11:55,7750.0,500,63050
20231227,14:12:20,7755.0,100,63050
20231227,14:12:43,7750.0,250,65300
20231227,14:12:48,7750.0,250,65300
20231227,14:12:57,7750.0,250,65300
20231227,14:12:58,7750.0,250,65300
20231227,14:13:23,7750.0,300,65300
20231227,14:13:39,7750.0,500,65300
20231227,14:13:47,7750.0,200,65300
20231227,14:13:55,7750.0,100,65300
20231227,14:15:35,7755.0,500,67400
20231227,14:16:10,7750.0,500,67400
20231227,14:16:15,7745.0,50,67400
20231227,14:16:16,7750.0,50,67400
20231227,14:17:01,7750.0,50,67400
20231227,14:18:08,7755.0,350,67400
20231227,14:18:17,7755.0,250,67400
20231227,14:20:21,7758.0,50,69150
20231227,14:20:29,7760.0,300,69150
20231227,14:20:45,7758.0,200,69150
20231227,14:21:09,7755.0,200,69150
20231227,14:22:35,7750.0,250,69900
20231227,14:23:38,7755.0,100,69900
20231227,14:23:39,7750.0,50,69900
20231227,14:23:41,7760.0,50,69900
20231227,14:23:42,7750.0,250,69900
20231227,14:23:45,7830.2,50,69900
20231227,14:24:06,7830.2,200,69900
20231227,14:24:08,7755.0,50,69900
20231227,14:25:56,7750.0,600,70850
20231227,14:26:04,7750.0,250,70850
20231227,14:26:23,7750.0,250,70850
20231227,14:28:43,7755.0,50,71950
20231227,14:33:08,7755.0,50,72000
20231227,14:33:32,7755.0,100,72000
20231227,14:33:40,7755.0,100,72150
20231227,14:33:48,7755.0,100,72150
20231227,14:33:57,7755.0,50,72150
20231227,14:34:47,7755.0,50,72150
20231227,14:35:33,7749.75,50,72150
20231227,14:36:12,7750.0,50,72150
20231227,14:36:55,7794.9,50,72550
20231227,14:38:16,7770.0,50,72550
20231227,14:38:34,7790.0,50,72550
20231227,14:38:42,7770.0,100,72550
20231227,14:38:59,7785.0,50,72550
20231227,14:39:23,7767.9,50,72550
20231227,14:39:31,7780.0,150,72850
20231227,14:39:49,7780.0,300,72850
20231227,14:39:59,7782.0,100,72850
20231227,14:40:08,7775.0,50,72850
20231227,14:40:16,7775.0,50,72850
20231227,14:40:20,7774.1,50,72850
20231227,14:40:26,7777.15,50,72850
20231227,14:40:54,7780.0,50,72850
20231227,14:40:56,7774.9,50,72850
20231227,14:41:07,7780.0,50,72850
20231227,14:41:12,7790.0,200,72850
20231227,14:41:50,7785.0,50,72850
20231227,14:41:53,7773.0,50,72850
20231227,14:42:09,7785.0,100,72850
20231227,14:42:24,7771.8,50,72850
20231227,14:42:33,7782.0,150,74250
20231227,14:42:50,7782.0,300,74250
20231227,14:42:59,7785.0,300,74250
20231227,14:43:24,7780.05,50,74250
20231227,14:43:48,7790.0,50,74250
20231227,14:43:57,7790.0,200,74250
20231227,14:43:59,7790.0,50,74250
20231227,14:44:03,7790.0,50,74250
20231227,14:44:13,7790.0,100,74250
20231227,14:44:14,7790.0,50,74250
20231227,14:44:20,7780.3,50,74250
20231227,14:44:29,7790.0,500,74250
20231227,14:44:39,7790.0,50,74250
20231227,14:44:49,7790.0,150,74250
20231227,14:45:15,7790.0,50,74250
20231227,14:45:31,7790.0,50,76300
20231227,14:45:43,7780.0,50,76300
20231227,14:45:46,7780.0,50,76300
20231227,14:45:49,7790.0,150,76300
20231227,14:46:01,7788.0,200,76300
20231227,14:46:02,7788.0,50,76300
20231227,14:46:11,7788.0,300,76300
20231227,14:46:17,7788.0,200,76300
20231227,14:46:28,7783.3,50,76300
20231227,14:46:36,7790.0,200,76300
20231227,14:46:44,7785.0,50,76300
20231227,14:46:54,7790.0,100,76300
20231227,14:46:59,7790.0,100,76300
20231227,14:47:03,7790.0,50,76300
20231227,14:47:10,7790.0,50,76300
20231227,14:53:23,7790.0,100,77950
20231227,14:54:59,7800.0,100,78050
20231227,14:58:09,7790.0,50,78150
20231227,14:58:18,7785.0,100,78150
20231227,14:58:26,7780.0,750,78150
20231227,14:58:34,7780.0,250,78150
20231227,14:59:00,7780.0,1100,78150
20231227,14:59:18,7780.0,550,78150
20231227,14:59:26,7780.0,550,78150
20231227,15:00:19,7785.0,1100,78150
20231227,15:00:28,7800.0,100,78150
20231227,15:01:11,7805.0,500,82700
20231227,15:01:42,7820.0,500,82700
20231227,15:02:04,7825.0,50,82700
20231227,15:02:16,7825.0,50,82700
20231227,15:02:36,7848.8,50,82700
20231227,15:05:11,7848.8,250,83850
20231227,15:05:12,7840.0,250,83850
20231227,15:05:14,7840.0,250,83850
20231227,15:05:16,7845.0,50,83850
20231227,15:05:17,7845.0,50,83850
20231227,15:05:18,7845.0,50,83850
20231227,15:05:20,7840.0,350,83850
20231227,15:09:26,7870.0,50,85100
20231227,15:09:44,7870.0,100,85150
20231227,15:10:11,7865.0,150,85150
20231227,15:10:16,7865.0,50,85150
20231227,15:10:19,7862.0,450,85150
20231227,15:10:19,7862.0,200,85150
20231227,15:10:29,7860.0,250,85150
20231227,15:11:34,7865.0,50,85150
20231227,15:11:34,7860.0,250,85150
20231227,15:11:36,7860.0,250,85150
20231227,15:11:47,7860.0,250,85150
20231227,15:11:49,7860.0,250,85150
20231227,15:12:34,7865.0,50,87300
20231227,15:12:35,7865.0,50,87300
20231227,15:12:37,7865.0,50,87300
20231227,15:12:38,7870.0,50,87300
20231227,15:12:39,7870.0,50,87300
20231227,15:12:41,7870.0,50,87300
20231227,15:12:42,7870.0,50,87300
20231227,15:12:52,7870.0,50,87300
20231227,15:12:53,7870.0,50,87300
20231227,15:12:54,7870.0,50,87300
20231227,15:14:29,7880.0,50,87300
20231227,15:14:34,7880.0,50,87300
20231227,15:14:47,7865.0,100,87300
20231227,15:14:48,7860.0,100,87300
20231227,15:15:05,7860.0,250,87300
20231227,15:15:16,7860.0,50,87300
20231227,15:15:35,7846.9,50,87300
20231227,15:15:55,7847.9,50,88400
20231227,15:16:26,7850.0,50,88400
20231227,15:16:47,7850.0,50,88400
20231227,15:17:05,7842.8,50,88400
20231227,15:17:14,7850.0,50,88400
20231227,15:22:29,7876.7,50,88700
20231227,15:23:13,7870.0,100,88700
20231227,15:23:46,7865.0,50,88700
20231227,15:28:02,7865.0,100,88700
20231227,15:28:11,7952.55,50,88700
20231228,09:19:59,7915.0,1,88700
20231228,09:19:59,7915.0,50,88700
20231228,09:24:10,7935.0,250,88750
20231228,09:24:12,7940.0,50,88750
20231228,09:24:14,7940.0,50,88750
20231228,09:24:18,7940.0,50,88750
20231228,09:24:20,7940.0,100,88750
20231228,09:24:57,7940.0,250,88750
20231228,09:25:22,7930.0,500,88750
20231228,09:25:30,7935.0,100,88750
20231228,09:25:31,7935.0,50,88750
20231228,09:25:32,7935.0,100,88750
20231228,09:25:36,7935.0,50,88750
20231228,09:25:39,7935.0,100,88750
20231228,09:25:42,7935.0,200,88750
20231228,09:25:49,7933.0,450,88750
20231228,09:25:55,7933.0,150,88750
20231228,09:25:56,7933.0,100,88750
20231228,09:25:57,7933.0,100,88750
20231228,09:25:59,7933.0,100,88750
20231228,09:26:23,7935.0,50,88750
20231228,09:26:36,7930.0,50,88750
20231228,09:26:40,7930.0,50,88750
20231228,09:26:42,7930.0,150,88750
20231228,09:26:44,7930.0,50,88750
20231228,09:26:59,7930.0,200,91800
20231228,09:27:27,7930.0,50,91800
20231228,09:27:31,7928.0,650,91800
20231228,09:27:43,7930.0,200,91800
20231228,09:27:44,7930.0,50,91800
20231228,09:27:46,7930.0,50,91800
20231228,09:27:52,7930.0,50,91800
20231228,09:27:56,7930.0,50,91800
20231228,09:27:57,7930.0,450,91800
20231228,09:28:03,7930.0,150,91800
20231228,09:28:45,7930.0,50,91800
20231228,09:28:46,7930.0,100,91800
20231228,09:28:55,7930.0,300,91800
20231228,09:28:56,7930.0,50,91800
20231228,09:28:57,7930.0,50,91800
20231228,09:28:58,7930.0,50,91800
20231228,09:29:45,7925.0,50,91800
20231228,09:29:51,7928.0,100,91800
20231228,09:29:52,7928.0,150,91800
20231228,09:29:53,7928.0,100,91800
20231228,09:29:54,7928.0,50,91800
20231228,09:29:55,7928.0,50,91800
20231228,09:29:56,7927.0,100,91800
20231228,09:29:57,7927.0,150,91800
20231228,09:30:04,7927.0,100,95050
20231228,09:30:08,7927.0,100,95050
20231228,09:42:06,7920.0,50,95250
20231228,09:45:35,7934.05,50,95300
20231228,09:45:45,7930.0,200,95300
20231228,09:45:54,7930.0,750,95300
20231228,09:48:15,7940.0,250,96300
20231228,09:48:16,7999.65,50,96300
20231228,09:48:17,7999.65,150,96300
20231228,09:48:19,7940.0,100,96300
20231228,09:48:24,7940.0,250,96300
20231228,09:48:33,7940.0,150,96300
20231228,09:48:34,7940.0,50,96300
20231228,09:49:33,7943.0,750,96300
20231228,09:49:42,7942.0,200,96300
20231228,09:49:51,7942.0,300,96300
20231228,09:50:00,7942.0,300,96300
20231228,09:50:09,7942.0,200,96300
20231228,09:52:49,7950.0,600,99000
20231228,09:52:58,7950.0,150,99000
20231228,09:53:07,7945.0,350,99000
20231228,09:53:17,7940.0,650,99000
20231228,09:53:26,7940.0,750,99000
20231228,09:53:36,7940.0,100,99000
20231228,09:54:45,7945.0,50,101600
20231228,09:54:47,7945.0,50,101600
20231228,09:54:48,7945.0,50,101600
20231228,09:54:50,7945.0,50,101600
20231228,09:54:59,7940.0,150,101600
20231228,09:55:07,7935.0,1550,101600
20231228,09:55:08,7935.0,50,101600
20231228,09:55:09,8097.5,50,101600
20231228,09:56:18,8097.5,550,101600
20231228,09:56:19,7930.0,450,101600
20231228,09:56:24,7930.0,150,101600
20231228,09:56:29,7930.0,100,101600
20231228,09:56:40,7930.0,50,101600
20231228,09:56:41,7930.0,50,101600
20231228,09:56:43,7930.0,100,101600
20231228,09:56:45,7930.0,50,101600
20231228,09:56:46,7930.0,250,101600
20231228,09:57:11,7930.0,50,105350
20231228,09:57:28,7930.0,50,105350
20231228,10:00:08,7935.0,50,105450
20231228,10:00:09,7935.0,200,105450
20231228,10:00:10,7930.0,250,105450
20231228,10:00:12,7940.0,100,105450
20231228,10:00:16,8087.65,450,105450
20231228,10:01:10,8059.8,550,105450
20231228,10:01:23,7930.0,50,105450
20231228,10:01:27,7930.0,50,105450
20231228,10:01:31,7930.0,50,105450
20231228,10:01:36,7930.0,50,105450
20231228,10:01:43,7930.0,50,105450
20231228,10:01:51,7930.0,50,105450
20231228,10:01:56,8013.85,100,105450
20231228,10:03:16,7930.05,50,107350
20231228,10:04:01,7930.05,50,107350
20231228,10:05:10,7911.05,50,107350
20231228,10:05:58,7911.0,50,107350
20231228,10:06:17,7911.0,50,107450
20231228,10:06:36,7911.0,50,107450
20231228,10:07:29,7911.0,500,107450
20231228,10:08:50,7911.0,50,107450
20231228,10:09:09,7911.0,50,107450
20231228,10:09:47,7911.0,100,107700
20231228,10:10:16,7920.0,50,107700
20231228,10:10:38,7920.05,50,107700
20231228,10:14:29,7920.0,850,107950
20231228,10:14:47,7911.0,50,107950
20231228,10:15:05,7911.0,100,107950
20231228,10:15:24,7911.0,100,108950
20231228,10:16:20,7900.0,50,108950
20231228,10:16:30,7900.0,50,108950
20231228,10:16:57,7909.0,450,108950
20231228,10:17:35,7905.0,400,108950
20231228,10:18:24,7978.75,200,110000
20231228,10:21:10,7905.05,50,110000
20231228,10:21:19,7910.0,50,110200
20231228,10:23:29,7900.0,50,110200
20231228,10:24:49,7900.0,50,110300
20231228,10:25:20,7900.0,250,110300
20231228,10:25:30,7910.0,900,110300
20231228,10:25:39,7904.95,150,110300
20231228,10:25:49,7900.0,400,110300
20231228,10:27:04,7905.0,350,110300
20231228,10:27:23,7900.0,100,112250
20231228,10:27:32,7900.0,350,112250
20231228,10:27:42,7900.0,200,112250
20231228,10:27:51,7900.0,100,112250
20231228,10:28:00,7900.0,200,112250
20231228,10:28:09,7979.9,600,112250
20231228,10:28:18,7900.0,250,112250
20231228,10:30:01,7965.75,300,112250
20231228,10:30:02,7910.0,250,112250
20231228,10:30:03,7910.0,250,112250
20231228,10:30:05,7915.0,100,112250
20231228,10:30:10,7910.0,100,112250
20231228,10:30:11,7910.0,200,114800
20231228,10:30:12,7910.0,200,114800
20231228,10:30:13,7910.0,150,114800
20231228,10:30:17,7910.0,100,114800
20231228,10:30:18,7910.0,200,114800
20231228,10:30:19,7910.0,450,114800
20231228,10:30:21,7910.0,250,114800
20231228,10:30:32,7910.0,950,114800
20231228,10:31:53,7910.0,50,114800
20231228,10:32:33,7910.0,100,114800
20231228,10:32:34,7905.0,100,114800
20231228,10:32:35,7905.0,50,114800
20231228,10:32:36,7905.0,50,114800
20231228,10:32:41,7905.0,100,114800
20231228,10:32:44,7905.0,500,114800
20231228,10:32:57,7905.0,50,114800
20231228,10:32:59,7905.0,100,114800
20231228,10:33:00,7905.0,150,114800
20231228,10:33:01,7905.0,350,114800
20231228,10:33:07,7973.8,300,114800
20231228,10:33:13,7900.0,1000,119200
20231228,10:33:14,7966.6,50,119200
20231228,10:33:15,7900.0,800,119200
20231228,10:33:16,7979.9,250,119200
20231228,10:33:23,7970.8,250,119200
20231228,10:35:44,7910.0,50,119200
20231228,10:35:45,7910.0,100,119200
20231228,10:35:46,7910.0,300,119200
20231228,10:35:52,7905.0,400,119200
20231228,10:35:53,7905.0,150,119200
20231228,10:36:12,7905.0,50,122300
20231228,10:36:13,7905.0,50,122300
20231228,10:36:15,7905.0,500,122300
20231228,10:36:17,7905.0,200,122300
20231228,10:36:32,7910.0,650,122300
20231228,10:38:12,7932.8,100,122300
20231228,10:38:58,7904.95,50,122300
20231228,10:39:01,7900.0,750,122300
20231228,10:39:06,7900.0,250,122300
20231228,10:39:22,7900.0,150,124900
20231228,10:39:39,7900.0,200,124900
20231228,10:39:48,7900.0,50,124900
20231228,10:41:01,7888.0,100,124900
20231228,10:41:02,7883.15,50,124900
20231228,10:41:16,7883.15,50,124900
20231228,10:41:18,7900.0,50,124900
20231228,10:41:47,7900.0,250,124900
20231228,10:42:05,7900.0,100,124900
20231228,10:42:06,7900.0,100,124900
20231228,10:42:07,7900.0,50,124900
20231228,10:42:16,7900.0,50,125950
20231228,10:42:17,7900.0,150,125950
20231228,10:42:18,7900.0,50,125950
20231228,10:42:24,7900.0,50,125950
20231228,10:42:27,7900.0,50,125950
20231228,10:42:29,7934.15,200,125950
20231228,10:42:39,7900.0,100,125950
20231228,10:42:41,7900.0,300,125950
20231228,10:42:42,7900.0,600,125950
20231228,10:46:58,7910.0,100,127500
20231228,10:47:00,7910.0,50,127500
20231228,10:47:01,7910.0,50,127500
20231228,10:47:34,7910.0,50,127500
20231228,10:47:43,7910.0,50,127500
20231228,10:47:46,7910.0,100,127500
20231228,10:47:48,7910.0,50,127500
20231228,10:47:49,7910.0,50,127500
20231228,10:48:20,7949.65,50,128000
20231228,10:48:53,7910.0,250,128000
20231228,10:48:55,7910.0,50,128000
20231228,10:50:11,7915.0,500,128000
20231228,10:51:23,7910.0,300,128850
20231228,10:51:24,7949.0,350,128850
20231228,10:51:51,7905.0,300,128850
20231228,10:52:40,7920.05,50,128850
20231228,10:53:16,7920.05,50,128850
20231228,10:54:02,7920.05,50,128850
20231228,10:54:38,7937.0,150,129850
20231228,10:54:42,7920.05,50,129850
20231228,10:57:57,7920.05,50,129850
20231228,10:58:06,7905.0,450,129900
20231228,10:58:16,7910.0,300,129900
20231228,10:58:25,7910.0,200,129900
20231228,10:58:55,7901.0,700,129900
20231228,10:59:41,7905.0,1000,129900
20231228,11:00:28,7905.0,1000,132500
20231228,11:00:37,7909.0,500,132500
20231228,11:00:46,7909.0,200,132500
20231228,11:01:14,7905.0,50,132500
20231228,11:04:08,7890.2,50,134200
20231228,11:04:17,7924.95,100,134200
20231228,11:05:39,7925.0,50,134200
20231228,11:06:36,7920.0,500,134350
20231228,11:06:49,7920.0,500,134350
20231228,11:07:48,7910.0,350,134350
20231228,11:07:50,7910.0,150,134350
20231228,11:07:56,7910.0,400,134350
20231228,11:07:57,7910.0,500,134350
20231228,11:08:12,7930.0,200,134350
20231228,11:08:49,7976.6,550,134350
20231228,11:08:56,7977.45,600,134350
20231228,11:09:03,7910.0,500,134350
20231228,11:09:04,8049.95,100,134350
20231228,11:09:07,7910.0,400,134350
20231228,11:09:33,8049.85,150,138800
20231228,11:11:13,7977.0,150,138800
20231228,11:11:41,7982.0,350,138800
20231228,11:11:55,7980.0,250,138800
20231228,11:12:24,7970.0,500,139200
20231228,11:13:10,7970.0,250,139200
20231228,11:14:10,7965.0,500,139200
20231228,11:14:18,7965.0,250,139200
20231228,11:14:30,7965.0,50,139200
20231228,11:14:33,7965.0,200,139200
20231228,11:15:14,7955.0,300,140950
20231228,11:15:57,7940.0,500,140950
20231228,11:16:05,7930.95,50,140950
20231228,11:16:09,7935.0,100,140950
20231228,11:16:11,7940.0,100,140950
20231228,11:16:12,7940.05,50,140950
20231228,11:16:25,7935.0,500,140950
20231228,11:16:27,7930.0,400,140950
20231228,11:16:28,7930.0,100,140950
20231228,11:16:33,7947.0,100,140950
20231228,11:17:45,7970.0,150,140950
20231228,11:17:46,7970.0,100,140950
20231228,11:17:54,8039.0,200,140950
20231228,11:19:53,7970.0,50,143250
20231228,11:19:55,7970.0,150,143250
20231228,11:20:07,7950.0,50,143250
20231228,11:20:16,7970.0,200,143250
20231228,11:20:20,7930.75,50,143250
20231228,11:20:39,7927.2,50,143250
20231228,11:20:51,7950.0,500,143250
20231228,11:21:06,7950.0,500,143250
20231228,11:21:41,7950.0,500,144350
20231228,11:22:36,7950.0,200,144350
20231228,11:24:18,7925.0,900,145450
20231228,11:24:27,7925.0,1250,145450
20231228,11:24:36,7925.0,100,145450
20231228,11:24:46,7925.0,250,145450
20231228,11:24:55,7925.0,100,145450
20231228,11:25:04,7925.0,900,145450
20231228,11:27:37,7926.25,50,148550
20231228,11:30:25,7979.95,300,148550
20231228,11:30:29,7955.0,500,148550
20231228,11:30:34,7950.0,500,148550
20231228,11:30:37,7950.0,500,148550
20231228,11:30:38,7950.0,500,148550
20231228,11:30:41,7950.0,250,148550
20231228,11:30:52,7955.0,500,148550
20231228,11:30:56,7955.0,250,148550
20231228,11:31:37,7950.0,500,148550
20231228,11:32:26,7950.0,50,148550
20231228,11:32:32,7945.0,50,148550
20231228,11:32:38,7945.0,50,148550
20231228,11:32:39,7945.0,50,148550
20231228,11:32:48,7940.0,650,148550
20231228,11:32:49,7940.0,350,148550
20231228,11:32:52,7940.0,550,148550
20231228,11:33:35,7940.0,250,154100
20231228,11:33:36,7940.0,50,154100
20231228,11:33:42,7940.0,100,154100
20231228,11:33:49,7935.0,600,154100
20231228,11:33:54,7935.0,100,154100
20231228,11:33:55,7935.0,100,154100
20231228,11:33:56,7935.0,250,154100
20231228,11:33:58,7935.0,50,154100
20231228,11:34:00,7935.0,450,154100
20231228,11:34:01,7989.75,100,154100
20231228,11:35:41,7940.0,150,154100
20231228,11:35:44,7940.0,50,154100
20231228,11:35:46,7950.0,100,154100
20231228,11:36:05,7945.0,400,154100
20231228,11:36:06,7945.0,100,154100
20231228,11:36:12,7945.0,50,154100
20231228,11:36:13,7950.0,250,154100
20231228,11:36:15,7950.0,100,154100
20231228,11:36:17,7950.0,600,154100
20231228,11:43:34,7945.0,1050,157900
20231228,11:43:42,7945.0,1500,157900
20231228,11:43:51,7945.0,700,157900
20231228,11:44:00,7945.0,250,157900
20231228,11:45:33,7950.0,1750,161400
20231228,11:46:18,7950.0,550,161400
20231228,11:46:23,7930.0,350,161400
20231228,11:46:24,7930.0,150,161400
20231228,11:46:25,7950.0,50,161400
20231228,11:46:57,7936.0,550,161400
20231228,11:47:06,7945.0,900,161400
20231228,11:47:26,7945.0,200,161400
20231228,11:47:46,7930.0,100,161400
20231228,11:47:48,7930.0,200,161400
20231228,11:47:52,7945.0,550,161400
20231228,11:48:47,7940.0,100,166750
20231228,11:49:11,7940.0,450,166750
20231228,11:49:18,7935.0,500,166750
20231228,11:49:21,7935.0,50,166750
20231228,11:50:00,7940.0,200,166750
20231228,11:51:06,7940.0,50,166750
20231228,11:51:09,7945.0,200,166750
20231228,11:51:42,7945.0,200,168300
20231228,11:52:18,7945.0,50,168300
20231228,11:52:26,7935.0,200,168300
20231228,11:52:29,7935.0,100,168300
20231228,11:52:31,7935.0,100,168300
20231228,11:52:38,7935.0,100,168300
20231228,11:52:40,7935.0,100,168300
20231228,11:54:10,7940.0,100,168300
20231228,11:54:16,7935.0,100,168300
20231228,11:54:20,7935.0,100,169350
20231228,11:54:48,7935.0,100,169350
20231228,11:54:51,7935.0,100,169350
20231228,11:54:54,7935.0,100,169350
20231228,11:54:56,7935.0,50,169350
20231228,11:54:57,7935.0,50,169350
20231228,11:55:01,7935.0,100,169350
20231228,11:55:10,7999.0,150,169350
20231228,12:03:03,7995.0,100,170050
20231228,12:03:14,7950.0,50,170050
20231228,12:11:09,7950.0,50,170050
20231228,12:22:59,7950.0,500,170050
20231228,12:23:20,7994.0,550,170050
20231228,12:25:17,7950.0,500,171000
20231228,12:25:21,7950.0,300,171000
20231228,12:25:22,7950.0,200,171000
20231228,12:25:28,7942.25,100,171000
20231228,12:25:35,7998.65,550,171000
20231228,12:25:41,7940.0,500,171000
20231228,12:25:42,8014.15,100,171000
20231228,12:27:25,7953.75,200,173150
20231228,12:27:34,7953.7,50,173150
20231228,12:27:57,7960.0,100,173150
20231228,12:27:59,7960.0,100,173150
20231228,12:28:00,7960.0,300,173150
20231228,12:28:01,7999.0,200,173150
20231228,12:28:58,8025.0,100,173150
20231228,12:32:21,7970.0,1700,173700
20231228,12:32:30,7970.0,700,173700
20231228,12:32:39,7970.0,950,173700
20231228,12:34:40,7970.0,50,176950
20231228,12:34:46,7970.0,150,176950
20231228,12:34:48,7970.0,150,176950
20231228,12:34:49,7970.0,50,176950
20231228,12:34:50,7970.0,300,176950
20231228,12:34:53,7970.0,50,176950
20231228,12:34:54,7970.0,300,176950
20231228,12:34:55,7970.0,250,176950
20231228,12:34:56,7970.0,100,176950
20231228,12:34:57,7970.0,100,176950
20231228,12:34:58,7970.0,50,176950
20231228,12:34:59,7970.0,100,176950
20231228,12:35:26,7980.0,50,176950
20231228,12:35:29,7980.0,100,176950
20231228,12:35:30,7980.0,200,176950
20231228,12:35:32,7980.0,50,176950
20231228,12:35:34,7980.0,50,176950
20231228,12:36:39,7965.0,350,179050
20231228,12:36:48,7965.0,350,179050
20231228,12:36:57,7960.0,550,179050
20231228,12:37:05,7960.0,1150,179050
20231228,12:37:14,7960.0,1800,179050
20231228,12:39:08,7970.0,50,179050
20231228,12:39:12,7970.0,50,179050
20231228,12:39:14,7970.0,450,179050
20231228,12:39:14,7970.0,100,179050
20231228,12:39:19,7970.0,150,179050
20231228,12:39:27,7970.0,200,184200
20231228,12:39:36,7970.0,450,184200
20231228,12:39:45,7970.0,450,184200
20231228,12:39:53,7970.0,200,184200
20231228,12:40:02,7960.0,1050,184200
20231228,12:41:21,7970.0,50,184200
20231228,12:41:29,7970.0,300,184200
20231228,12:42:12,7970.0,400,184200
20231228,12:42:20,7965.0,600,184200
20231228,12:42:27,7960.0,400,188050
20231228,12:42:35,7960.0,400,188050
20231228,12:42:43,7998.95,1050,188050
20231228,12:44:00,7960.0,100,188050
20231228,12:44:08,7960.0,150,188050
20231228,12:44:15,7960.0,100,188050
20231228,12:44:16,7960.0,100,188050
20231228,12:44:17,7960.0,550,188050
20231228,12:44:19,7960.0,50,188050
20231228,12:44:21,7960.0,50,188050
20231228,12:44:29,7960.0,50,188050
20231228,12:44:31,7960.0,50,188050
20231228,12:44:33,7960.0,50,188050
20231228,12:44:38,7960.0,100,188050
20231228,12:44:48,7960.0,700,188050
20231228,12:44:50,7960.0,100,188050
20231228,12:44:51,7960.0,700,188050
20231228,12:44:52,7998.45,350,188050
20231228,12:45:43,7970.0,100,192700
20231228,12:46:05,7970.0,150,192700
20231228,12:46:06,7970.0,100,192700
20231228,12:46:07,7960.0,650,192700
20231228,12:46:10,7960.0,50,192700
20231228,12:46:11,7960.0,200,192700
20231228,12:46:12,7960.0,100,192700
20231228,12:46:13,7960.0,50,192700
20231228,12:46:14,7960.0,150,192700
20231228,12:46:18,7960.0,150,192700
20231228,12:46:27,7960.0,1050,192700
20231228,12:46:35,7960.0,100,192700
20231228,12:46:44,7998.45,350,192700
20231228,12:48:35,7960.0,50,192700
20231228,12:48:40,7960.0,50,195850
20231228,12:48:41,7960.0,100,195850
20231228,12:48:44,7960.0,250,195850
20231228,12:48:45,7960.0,300,195850
20231228,12:48:46,7960.0,100,195850
20231228,12:48:48,7960.0,100,195850
20231228,12:48:49,7960.0,250,195850
20231228,12:48:50,7960.0,300,195850
20231228,12:48:51,7960.0,250,195850
20231228,12:48:53,7960.0,50,195850
20231228,12:48:54,7960.0,50,195850
20231228,12:48:56,7960.0,50,195850
20231228,12:49:05,7960.0,100,195850
20231228,12:49:11,7960.0,600,195850
20231228,12:49:12,7960.0,50,195850
20231228,12:49:14,7960.0,50,195850
20231228,12:49:18,7960.0,50,195850
20231228,12:49:26,7960.0,400,195850
20231228,12:50:15,7960.0,550,195850
20231228,12:50:16,7960.0,500,195850
20231228,12:50:18,7960.0,50,195850
20231228,12:50:20,7960.0,500,195850
20231228,12:50:22,7960.0,500,195850
20231228,12:50:24,7960.0,50,195850
20231228,12:50:29,7960.0,50,195850
20231228,12:50:31,7960.0,50,195850
20231228,12:51:44,7940.0,150,201250
20231228,12:51:53,7940.0,750,201250
20231228,12:54:07,7945.0,100,201250
20231228,12:54:15,7940.0,550,201250
20231228,12:54:24,7940.0,1250,201250
20231228,12:54:32,7940.0,450,204250
20231228,12:54:41,7990.0,1400,204250
20231228,12:55:37,7967.25,50,204250
20231228,12:55:39,7969.1,50,204250
20231228,12:55:54,7989.6,50,204250
20231228,12:56:09,7960.6,50,204250
20231228,12:56:23,7959.55,150,204250
20231228,12:56:33,7981.9,50,204250
20231228,12:56:36,7985.0,50,204250
20231228,12:56:37,7962.7,50,204250
20231228,12:56:51,7962.65,100,204250
20231228,12:57:51,7950.0,50,205750
20231228,13:04:53,7949.95,50,205750
20231228,13:04:55,7949.95,50,205800
20231228,13:04:56,7949.95,100,205800
20231228,13:05:01,7940.0,50,205800
20231228,13:05:02,7935.0,550,205800
20231228,13:05:03,7935.0,400,205800
20231228,13:05:22,7940.0,50,205800
20231228,13:05:33,7940.0,400,205800
20231228,13:05:34,7940.0,200,205800
20231228,13:05:35,7940.0,250,205800
20231228,13:05:46,7940.0,200,205800
20231228,13:05:48,7940.0,150,205800
20231228,13:05:51,7940.0,50,205800
20231228,13:05:52,7940.0,550,205800
20231228,13:07:10,7940.0,50,208750
20231228,13:08:19,7940.0,500,208750
20231228,13:08:39,7940.0,50,208750
20231228,13:09:19,7938.55,200,208750
20231228,13:09:29,7938.0,600,208750
20231228,13:09:38,7938.0,1500,210050
20231228,13:09:47,7938.0,200,210050
20231228,13:09:56,7938.0,1350,210050
20231228,13:11:35,7940.0,50,210050
20231228,13:11:51,7940.0,300,210050
20231228,13:12:07,7940.0,200,210050
20231228,13:12:15,7940.0,150,210050
20231228,13:12:23,7940.0,1100,210050
20231228,13:15:26,7940.0,850,214800
20231228,13:16:00,7940.0,950,215650
20231228,13:18:10,7950.0,50,215650
20231228,13:18:11,7950.0,50,215650
20231228,13:18:32,7950.0,50,215650
20231228,13:20:05,7950.0,50,216750
20231228,13:20:21,7940.0,50,216750
20231228,13:21:08,7940.0,400,216750
20231228,13:21:24,7935.0,50,216750
20231228,13:21:32,7930.0,500,217300
20231228,13:21:40,7930.0,650,217300
20231228,13:21:56,7930.0,1300,217300
20231228,13:22:04,7930.0,600,217300
20231228,13:32:09,7960.0,50,220150
20231228,13:32:25,7940.0,50,220150
20231228,13:32:43,7940.0,50,220150
20231228,13:32:51,7938.0,50,220150
20231228,13:33:34,7940.0,300,220150
20231228,13:34:15,7949.0,50,220600
20231228,13:34:30,7940.0,100,220600
20231228,13:34:40,7940.0,50,220600
20231228,13:34:41,7940.0,50,220600
20231228,13:34:47,7940.0,50,220600
20231228,13:34:48,7940.0,50,220600
20231228,13:34:53,7940.0,100,220600
20231228,13:34:58,7940.0,100,220600
20231228,13:35:04,7940.0,100,220600
20231228,13:35:10,7940.0,50,220600
20231228,13:35:19,7940.0,50,220600
20231228,13:35:25,7940.0,50,220600
20231228,13:37:47,7959.9,50,221400
20231228,13:41:37,7963.0,50,221400
20231228,13:41:45,7989.85,150,221400
20231228,13:41:46,7969.05,50,221400
20231228,13:41:53,7969.95,50,221400
20231228,13:42:32,7960.0,300,221400
20231228,13:42:33,7960.0,50,221400
20231228,13:42:34,7960.0,700,221400
20231228,13:43:49,7945.0,150,222550
20231228,13:43:50,7945.0,550,222550
20231228,13:43:51,7945.0,50,222550
20231228,13:43:59,7945.0,100,222550
20231228,13:44:00,7945.0,100,222550
20231228,13:44:01,7945.0,50,222550
20231228,13:44:02,7945.0,50,222550
20231228,13:44:09,7945.0,150,222550
20231228,13:44:43,7940.0,50,222550
20231228,13:44:49,7940.0,50,222550
20231228,13:45:01,7935.0,50,222550
20231228,13:45:12,7940.0,50,222550
20231228,13:45:59,7940.0,600,223950
20231228,13:46:08,7940.0,550,223950
20231228,13:46:25,7940.0,1150,223950
20231228,13:46:35,7940.0,650,223950
20231228,13:47:38,7940.0,150,223950
20231228,13:47:40,7940.0,150,223950
20231228,13:47:41,7940.0,50,223950
20231228,13:47:43,7940.0,50,223950
20231228,13:47:44,7940.0,100,223950
20231228,13:47:45,7940.0,50,223950
20231228,13:47:46,7940.0,50,223950
20231228,13:47:48,7940.0,50,223950
20231228,13:47:49,7940.0,50,223950
20231228,13:47:51,7940.0,300,223950
20231228,13:47:53,7940.0,250,223950
20231228,13:47:54,7940.0,100,223950
20231228,13:47:55,7940.0,200,223950
20231228,13:47:56,7940.0,100,223950
20231228,13:49:50,7940.0,550,228700
20231228,13:49:51,7940.0,100,228700
20231228,13:49:53,7940.0,550,228700
20231228,13:50:39,7920.0,100,228700
20231228,13:50:44,7915.0,1000,228700
20231228,13:50:45,7915.0,200,228700
20231228,13:58:23,7916.0,100,231200
20231228,13:58:31,7915.0,1000,231200
20231228,14:02:11,7920.0,250,232300
20231228,14:03:49,7930.0,100,232550
20231228,14:03:58,7930.0,50,232550
20231228,14:04:08,7930.0,50,232550
20231228,14:04:17,7925.0,1300,232550
20231228,14:04:26,7930.0,1500,232550
20231228,14:07:56,7926.65,100,235550
20231228,14:08:04,7926.65,50,235550
20231228,14:08:12,7926.65,50,235550
20231228,14:11:54,7935.0,100,235650
20231228,14:12:03,7930.0,100,235650
20231228,14:12:28,7910.0,1300,235650
20231228,14:12:36,7910.0,50,235650
20231228,14:12:44,7910.0,200,237200
20231228,14:12:52,7910.0,250,237200
20231228,14:13:49,7910.0,150,237200
20231228,14:13:58,7910.0,400,237200
20231228,14:15:17,7900.0,500,237200
20231228,14:15:25,7900.0,50,237200
20231228,14:15:34,7900.0,200,237200
20231228,14:15:42,7900.0,550,238950
20231228,14:15:51,7900.0,100,238950
20231228,14:15:59,7900.0,50,238950
20231228,14:16:31,7895.0,250,238950
20231228,14:16:40,7890.0,1100,238950
20231228,14:16:56,7895.0,50,238950
20231228,14:17:05,7895.0,150,238950
20231228,14:17:21,7895.0,350,238950
20231228,14:17:54,7895.0,400,238950
20231228,14:18:54,7889.95,100,241850
20231228,14:18:56,7887.0,100,241850
20231228,14:19:32,7885.0,500,241850
20231228,14:19:37,7885.0,400,241850
20231228,14:19:40,7885.0,400,241850
20231228,14:19:42,7885.0,400,241850
20231228,14:21:09,7880.0,250,241850
20231228,14:21:42,7879.0,1550,241850
20231228,14:22:15,7879.0,200,245550
20231228,14:23:05,7920.0,200,245550
20231228,14:24:50,7915.0,500,245600
20231228,14:25:06,7918.95,200,245600
20231228,14:25:14,7915.0,50,245600
20231228,14:26:51,7910.0,500,245600
20231228,14:26:59,7910.0,150,245600
20231228,14:27:21,7907.85,50,245600
20231228,14:27:29,7910.0,1350,245600
20231228,14:27:37,7925.0,1050,245600
20231228,14:29:10,7915.0,100,248700
20231228,14:29:18,7915.0,400,248700
20231228,14:29:43,7905.0,300,248700
20231228,14:29:52,7905.0,250,248700
20231228,14:30:01,7905.0,200,248700
20231228,14:30:09,7900.0,900,248700
20231228,14:30:43,7900.0,400,248700
20231228,14:30:51,7890.0,500,251250
20231228,14:31:24,7900.0,150,251250
20231228,14:31:32,7900.0,250,251250
20231228,14:31:41,7900.0,500,251250
20231228,14:31:49,7900.0,250,251250
20231228,14:31:58,7900.0,250,251250
20231228,14:32:07,7900.0,200,251250
20231228,14:32:15,7900.0,200,251250
20231228,14:32:23,7900.0,200,251250
20231228,14:32:31,7900.0,550,251250
20231228,14:33:05,7900.0,100,251250
20231228,14:33:21,7893.05,350,251250
20231228,14:34:03,7889.95,650,254650
20231228,14:34:12,7890.0,50,254650
20231228,14:34:28,7889.05,150,254650
20231228,14:34:45,7890.0,100,254650
20231228,14:34:54,7885.0,2350,254650
20231228,14:35:19,7891.5,150,254650
20231228,14:35:36,7890.0,150,254650
20231228,14:35:44,7890.0,200,254650
20231228,14:35:52,7890.0,50,254650
20231228,14:36:00,7890.0,200,254650
20231228,14:36:09,7880.0,1050,254650
20231228,14:36:17,7880.0,1300,254650
20231228,14:37:15,7888.05,150,260850
20231228,14:37:23,7885.0,300,260850
20231228,14:37:32,7885.0,1200,260850
20231228,14:37:40,7885.0,600,260850
20231228,14:37:48,7885.0,500,260850
20231228,14:37:57,7885.0,350,260850
20231228,14:38:31,7884.95,200,260850
20231228,14:38:39,7885.0,500,260850
20231228,14:38:57,7884.95,50,260850
20231228,14:39:05,7875.0,1700,260850
20231228,14:39:14,7875.0,550,260850
20231228,14:39:23,7870.0,300,260850
20231228,14:39:31,7865.0,1100,260850
20231228,14:39:40,7865.0,1050,260850
20231228,14:39:48,7865.0,750,269000
20231228,14:43:27,7865.0,300,269750
20231228,14:43:36,7880.0,500,269750
20231228,14:43:44,7879.0,1300,269750
20231228,14:45:09,7880.0,250,269750
20231228,14:45:25,7873.0,50,269750
20231228,14:45:33,7859.95,150,269750
20231228,14:45:49,7859.95,1100,272300
20231228,14:45:57,7860.0,100,272300
20231228,14:46:06,7855.0,1450,272300
20231228,14:46:14,7855.0,1700,272300
20231228,14:47:14,7855.0,1800,272300
20231228,14:47:30,7865.0,950,272300
20231228,14:48:32,7860.0,100,272300
20231228,14:48:42,7855.1,100,272300
20231228,14:49:25,7853.1,100,279500
20231228,14:49:44,7845.0,550,279500
20231228,14:50:15,7845.0,600,279500
20231228,14:50:34,7840.0,500,279500
20231228,14:50:44,7836.05,150,279500
20231228,14:50:46,7835.0,250,279500
20231228,14:50:48,7835.0,50,279500
20231228,14:50:51,7835.0,50,279500
20231228,14:50:52,7834.95,50,279500
20231228,14:50:56,7832.95,50,279500
20231228,14:51:00,7832.95,200,279500
20231228,14:53:47,7850.05,100,282050
20231228,15:03:09,7843.35,50,282150
20231228,15:04:54,7860.0,400,282200
20231228,15:05:03,7852.05,550,282200
20231228,15:05:12,7847.8,550,282200
20231228,15:05:22,7840.0,400,282200
20231228,15:05:33,7840.0,1150,282200
20231228,15:05:53,7840.0,850,282200
20231228,15:06:48,7840.0,1250,282200
20231228,15:06:56,7840.0,1900,287050
20231228,15:07:05,7839.95,900,287050
20231228,15:07:14,7835.0,350,287050
20231228,15:07:22,7835.0,1750,287050
20231228,15:07:40,7830.0,1100,287050
20231228,15:07:59,7830.0,450,287050
20231228,15:08:09,7830.0,1350,287050
20231228,15:10:33,7830.0,50,294650
20231228,15:11:09,7877.0,50,294650
20231228,15:12:37,7880.0,50,294650
20231228,15:13:12,7885.9,50,294550
20231228,15:13:40,7885.0,50,294550
20231228,15:15:06,7870.05,100,294550
20231228,15:15:08,7870.0,50,294550
20231228,15:15:23,7889.0,50,294550
20231228,15:15:42,7870.0,100,294550
20231228,15:16:19,7860.0,50,294400
20231228,15:16:28,7850.0,1100,294400
20231228,15:16:37,7840.0,2500,294400
20231228,15:16:46,7840.0,100,294400
20231228,15:16:58,7840.0,850,294400
20231228,15:17:09,7840.0,1800,294400
20231228,15:17:37,7840.0,600,294400
20231228,15:17:47,7835.0,250,294400
20231228,15:17:56,7835.0,950,294400
20231228,15:18:05,7835.0,1500,294400
20231228,15:18:13,7831.0,50,294400
20231228,15:18:22,7830.0,2050,294400
20231228,15:18:44,7830.0,1150,294400
20231228,15:19:02,7830.0,250,307250
20231228,15:19:12,7825.0,2200,307250
20231228,15:19:15,7825.0,700,307250
20231228,15:19:27,7820.0,500,307250
20231228,15:19:28,7820.0,600,307250
20231228,15:19:33,7820.0,400,307250
20231228,15:19:34,7820.0,100,307250
20231228,15:19:35,7820.0,100,307250
20231228,15:19:36,7820.0,150,307250
20231228,15:19:37,7820.0,100,307250
20231228,15:19:38,7820.0,100,307250
20231228,15:19:39,7820.0,100,307250
20231228,15:19:40,7820.0,100,307250
20231228,15:19:41,7820.0,200,307250
20231228,15:19:42,7820.0,100,307250
20231228,15:19:43,7820.0,200,307250
20231228,15:19:44,7820.0,150,307250
20231228,15:20:21,7820.0,150,307250
20231228,15:20:32,7820.0,1150,307250
20231228,15:20:42,7820.0,1800,307250
20231228,15:20:50,7820.0,600,307250
20231228,15:20:59,7820.0,100,307250
20231228,15:21:07,7820.0,850,307250
20231228,15:21:16,7810.0,450,307250
20231228,15:21:27,7810.0,400,307250
20231228,15:23:03,7810.0,50,318700
20231228,15:23:14,7825.0,100,318700
20231228,15:24:12,7813.0,50,318700
20231228,15:24:34,7891.7,100,318700
20231228,15:24:56,7815.0,100,318900
20231228,15:27:21,7850.0,100,318900
20231228,15:27:56,7815.0,200,319000
20231228,15:28:06,7810.05,800,319000
20231228,15:28:15,7800.0,2150,319000
20231228,15:28:25,7800.0,1400,319000
20231228,15:28:34,7800.0,1550,319000
20231228,15:29:33,7778.2,550,319000
20231228,15:29:42,7780.0,2650,319000
20231229,09:34:51,7826.55,1,328200
20231229,09:34:51,7826.55,50,328200
20231229,09:40:21,7850.0,50,328250
20231229,09:40:36,7866.85,50,328250
20231229,09:42:36,7866.85,50,328200
20231229,09:45:38,7860.0,50,328150
20231229,09:51:05,7850.0,50,328100
20231229,09:53:05,7850.0,50,328100
20231229,09:55:13,7865.25,50,328100
20231229,09:58:26,7843.6,50,328050
20231229,10:07:51,7835.0,50,328050
20231229,10:08:46,7816.9,50,328050
20231229,10:09:18,7815.0,50,328050
20231229,10:09:41,7815.0,50,328050
20231229,10:10:54,7813.0,50,328050
20231229,10:13:38,7812.3,50,327950
20231229,10:17:56,7812.3,50,327950
20231229,10:20:11,7819.2,50,327950
20231229,10:26:39,7831.65,50,327900
20231229,10:41:05,7852.2,50,327900
20231229,10:49:03,7850.0,100,327900
20231229,11:00:44,7853.15,50,327900
20231229,11:14:03,7847.2,100,327900
20231229,12:00:42,7879.35,100,327900
20231229,12:00:58,7896.0,150,327900
20231229,12:01:38,7893.05,50,327900
20231229,12:29:45,7898.4,100,327900
20231229,12:31:47,7898.4,50,327900
20231229,12:32:19,7890.4,50,327900
20231229,12:33:07,7891.35,50,327900
20231229,12:34:34,7889.05,50,327900
20231229,12:36:30,7887.45,50,327900
20231229,12:43:14,7875.4,50,327900
20231229,12:45:08,7871.7,50,327900
20231229,12:53:01,7841.45,500,327900
20231229,12:53:10,7841.45,100,327900
20231229,13:16:16,7896.05,100,327900
20231229,13:18:14,7900.0,100,327900
20231229,13:19:32,7900.0,250,327900
20231229,13:19:47,7889.75,50,327900
20231229,13:23:04,7888.0,100,327900
20231229,13:38:34,7872.35,50,327900
20231229,13:39:15,7874.5,50,327900
20231229,13:40:41,7868.7,100,327900
20231229,13:42:42,7875.0,50,327850
20231229,13:44:35,7884.65,50,327850
20231229,14:01:18,7882.05,250,327850
20231229,14:04:12,7890.0,150,327850
20231229,14:06:33,7885.0,400,327850
20231229,14:08:46,7875.05,350,327850
20231229,14:09:58,7875.0,100,327850
20231229,14:31:42,7850.0,50,327850
20231229,14:39:39,7875.5,50,327850
20231229,14:48:15,7881.3,50,327850
20231229,14:50:31,7880.0,50,327850
20231229,14:53:02,7895.0,100,327850
20231229,14:56:31,7890.0,250,327850
20231229,14:56:39,7890.0,150,327850
20231229,14:58:26,7899.0,50,327850
20231229,15:06:37,7892.35,50,327950
20231229,15:06:46,7894.05,50,327950
20231229,15:06:55,7894.8,250,327950
20231229,15:10:54,7880.0,50,327950
20231229,15:12:37,7881.45,100,328000
20231229,15:13:06,7870.0,100,328000
20231229,15:14:34,7875.0,50,328000
20231229,15:22:08,7870.0,150,328000
20231229,15:24:07,7867.0,150,327900
20231229,15:24:50,7840.0,300,327900
20231229,15:26:08,7869.9,50,327900
20231229,15:27:48,7869.95,100,328200
20240101,10:03:15,7809.0,1,328200
20240101,10:03:15,7809.0,50,328200
20240101,10:47:42,7879.95,50,328250
20240101,11:10:33,7880.0,50,328250
20240101,12:01:47,7880.0,50,328200
20240101,14:40:16,7984.2,50,328150
20240101,14:40:24,7985.55,200,328150
20240101,14:40:32,7985.35,50,328150
20240101,14:40:40,7980.9,50,328150
20240101,14:40:48,7986.15,150,328150
20240101,14:40:56,7980.9,150,328150
20240101,14:41:04,7980.9,50,328150
20240101,14:41:12,7986.2,50,328150
20240101,14:41:35,7986.2,50,328150
20240101,14:41:50,7989.0,200,328150
20240101,14:42:00,7989.0,200,328150
20240101,14:43:34,8012.35,50,328150
20240101,14:44:07,8021.5,50,328150
20240101,14:44:47,8025.7,50,328150
20240101,14:45:27,8025.7,50,328150
20240101,15:21:08,7900.0,50,328150
20240101,15:21:18,7900.25,50,328150
20240101,15:22:18,7875.1,200,328100
20240101,15:22:29,7876.95,250,328100
20240101,15:23:54,7869.25,200,328100
20240101,15:26:17,7869.25,50,328100
20240101,15:26:27,7859.0,500,328100
20240101,15:27:41,7859.0,300,328100
20240101,15:27:53,7856.4,400,328100
20240101,15:28:04,7856.4,100,328100
20240102,10:27:19,7772.6,1,328100
20240102,10:27:19,7772.6,50,328100
20240102,10:30:37,7764.9,50,328100
20240102,10:30:57,7764.9,50,328100
20240102,10:36:42,7757.75,50,328100
20240102,10:37:05,7745.0,50,328100
20240102,10:37:29,7745.0,50,328100
20240102,10:45:23,7745.0,50,328000
20240102,10:49:48,7770.0,50,327950
20240102,10:50:09,7770.0,50,327950
20240102,10:50:51,7770.0,50,327850
20240102,10:51:21,7762.8,50,327850
20240102,10:52:20,7757.6,50,327850
20240102,10:55:49,7767.3,50,327800
20240102,11:04:07,7764.8,250,327800
20240102,11:06:08,7758.15,50,327800
20240102,11:06:17,7755.75,100,327800
20240102,11:06:51,7754.95,50,327800
20240102,11:07:11,7755.55,150,327800
20240102,11:07:17,7759.0,50,327800
20240102,11:08:08,7764.15,50,327800
20240102,11:11:14,7755.55,50,327800
20240102,11:15:11,7752.0,50,327800
20240102,11:15:51,7743.35,50,327800
20240102,11:17:56,7743.35,50,327800
20240102,11:21:18,7759.75,100,327800
20240102,11:41:52,7749.4,50,327800
20240102,11:42:13,7744.1,100,327750
20240102,11:43:09,7746.5,50,327750
20240102,11:45:10,7752.1,150,327750
20240102,11:55:28,7750.0,50,327750
20240102,11:58:48,7752.0,50,327700
20240102,12:28:29,7777.0,50,327700
20240102,12:47:54,7785.0,50,327650
20240102,13:04:29,7785.0,100,327600
20240102,13:07:52,7777.65,50,327600
20240102,13:07:53,7776.35,100,327600
20240102,13:14:01,7769.05,50,327600
20240102,13:15:18,7769.75,50,327600
20240102,13:15:36,7773.5,200,327600
20240102,13:15:45,7777.8,100,327600
20240102,13:15:53,7776.05,100,327600
20240102,13:21:17,7766.15,100,327600
20240102,13:21:25,7765.95,50,327600
20240102,13:24:33,7765.95,50,327600
20240102,13:25:19,7772.6,50,327600
20240102,13:26:38,7772.0,50,327600
20240102,14:12:35,7832.4,50,327600
20240102,14:12:41,7832.4,50,327600
20240102,14:23:00,7823.5,50,327600
20240102,14:54:30,7823.0,50,327600
20240102,15:06:24,7823.0,50,327550
20240102,15:07:05,7823.0,50,327500
20240102,15:13:24,7788.9,100,327450
20240102,15:18:08,7765.6,100,327450
20240103,09:32:41,7764.3,1,327550
20240103,09:32:41,7764.3,50,327550
20240103,09:52:49,7724.35,50,327550
20240103,09:54:36,7715.0,50,327550
20240103,09:56:19,7715.0,50,327550
20240103,09:57:04,7725.0,50,327500
20240103,10:02:05,7715.0,100,327450
20240103,10:05:28,7715.2,100,327350
20240103,10:05:29,7715.15,50,327350
20240103,10:07:46,7720.0,100,327350
20240103,10:08:56,7720.0,50,327250
20240103,10:10:46,7733.25,50,327250
20240103,10:12:23,7725.0,100,327250
20240103,10:26:37,7700.0,150,327150
20240103,10:46:55,7700.0,50,327000
20240103,10:47:04,7704.8,50,327000
20240103,10:48:04,7700.0,150,327000
20240103,10:48:33,7704.9,50,327000
20240103,10:48:49,7700.0,100,327000
20240103,10:48:58,7700.0,50,327000
20240103,10:49:06,7700.0,150,327000
20240103,10:49:14,7700.0,50,327000
20240103,10:49:56,7702.9,50,327000
20240103,10:49:58,7703.85,100,327000
20240103,10:50:19,7702.95,50,327000
20240103,10:51:25,7698.2,250,326700
20240103,10:54:59,7700.0,100,326700
20240103,10:59:15,7700.0,50,326600
20240103,11:42:13,7710.0,100,326600
20240103,11:46:46,7725.0,50,326500
20240103,12:17:29,7720.0,50,326450
20240103,13:05:04,7720.0,250,326450
20240103,15:08:06,7651.9,50,326450
20240103,15:08:17,7651.9,100,326450
20240103,15:08:27,7651.9,100,326450
20240103,15:08:39,7651.9,50,326450
20240103,15:08:49,7647.4,150,326450
20240103,15:08:59,7647.4,50,326450
20240103,15:09:10,7647.4,100,326450
20240103,15:09:20,7647.4,50,326450
20240103,15:10:08,7647.4,50,326450
20240103,15:10:25,7650.0,50,326450
20240103,15:10:34,7649.65,100,326450
20240103,15:10:44,7649.65,100,326450
20240103,15:10:53,7649.65,150,326450
20240103,15:11:01,7649.65,100,326450
20240103,15:11:10,7652.0,200,326450
20240103,15:12:15,7652.0,50,326450
20240103,15:12:27,7652.0,50,326450
20240103,15:12:38,7652.0,100,326450
20240103,15:12:57,7652.0,100,326350
20240103,15:13:06,7652.0,100,326350
20240103,15:13:15,7652.0,100,326350
20240103,15:13:24,7652.0,150,326350
20240103,15:13:33,7652.0,100,326350
20240103,15:13:41,7652.0,150,326350
20240103,15:14:27,7652.0,150,326350
20240103,15:14:36,7652.0,100,326350
20240103,15:18:42,7642.35,100,326350
20240103,15:18:51,7642.35,50,326350
20240103,15:19:00,7642.35,100,326350
20240103,15:19:46,7642.35,100,326350
20240103,15:21:21,7642.55,100,326350
20240103,15:23:08,7651.05,100,326350
20240103,15:23:26,7652.85,300,326350
20240103,15:24:31,7659.9,200,326350
20240104,10:07:09,7690.65,1,326350
20240104,10:07:09,7690.65,50,326350
20240104,10:09:26,7755.0,50,326350
20240104,10:16:51,7810.7,50,326300
20240104,10:31:52,7810.7,200,326300
20240104,10:39:23,7816.0,100,326100
20240104,10:43:24,7816.0,50,326000
20240104,10:44:43,7760.0,50,325950
20240104,10:45:26,7765.85,50,325950
20240104,10:47:04,7814.0,100,325950
20240104,10:48:16,7812.7,50,325950
20240104,10:48:40,7768.8,50,325950
20240104,10:49:07,7770.35,50,325950
20240104,10:50:28,7770.35,50,325950
20240104,10:51:04,7800.0,150,326000
20240104,10:55:29,7808.0,100,326000
20240104,10:59:57,7800.0,50,325750
20240104,11:02:38,7810.0,100,325750
20240104,11:06:22,7812.65,50,325600
20240104,11:11:05,7816.6,50,325600
20240104,11:12:33,7816.6,50,325600
20240104,11:13:08,7817.0,50,325600
20240104,11:13:25,7817.0,50,325600
20240104,11:13:58,7817.6,50,325600
20240104,11:17:27,7827.4,100,325500
20240104,11:20:15,7827.4,100,325500
20240104,11:20:24,7819.05,50,325500
20240104,11:20:43,7821.9,100,325500
20240104,11:21:30,7822.0,200,325500
20240104,11:22:08,7822.0,50,325500
20240104,11:23:20,7822.6,100,325500
20240104,11:23:29,7821.9,100,325500
20240104,11:25:15,7819.9,250,325450
20240104,11:25:51,7819.55,50,325450
20240104,11:27:37,7823.9,100,325450
20240104,11:28:13,7821.7,50,325450
20240104,11:28:40,7822.05,150,325450
20240104,11:28:50,7825.8,700,325450
20240104,11:29:08,7830.25,400,325450
20240104,11:29:17,7829.95,50,325450
20240104,11:31:03,7832.5,300,325450
20240104,11:44:25,7833.2,250,325450
20240104,11:44:34,7833.2,200,325450
20240104,11:52:50,7790.7,50,325450
20240104,11:55:40,7790.8,300,325450
20240104,11:55:49,7790.8,150,325450
20240104,11:55:58,7790.8,250,325450
20240104,11:56:06,7790.8,250,325450
20240104,11:56:22,7790.8,100,325450
20240104,11:56:30,7790.8,150,325450
20240104,11:56:39,7790.8,200,325450
20240104,11:58:45,7790.8,50,325450
20240104,12:01:34,7792.5,150,325450
20240104,12:01:43,7792.5,150,325450
20240104,12:01:52,7792.5,150,325450
20240104,12:02:01,7792.5,150,325450
20240104,12:02:10,7792.5,200,325450
20240104,12:17:32,7839.0,300,325450
20240104,12:32:56,7850.05,50,325500
20240104,12:33:15,7850.05,50,325500
20240104,12:34:50,7852.75,50,325500
20240104,12:37:13,7852.75,200,325550
20240104,13:48:43,7867.85,300,325550
20240104,13:48:52,7867.9,150,325550
20240104,13:49:26,7867.9,100,325550
20240104,13:49:35,7867.9,50,325550
20240104,14:04:21,7867.9,50,325550
20240104,14:06:13,7850.6,50,325550
20240104,14:10:22,7845.95,100,325550
20240104,14:10:31,7807.25,100,325550
20240104,14:10:41,7850.85,150,325550
20240104,14:10:50,7850.0,150,325550
20240104,14:27:31,7826.9,50,325550
20240104,14:27:40,7826.55,200,325550
20240104,14:29:13,7822.4,250,325550
20240104,14:29:41,7835.55,50,325550
20240104,14:30:10,7833.75,100,325550
20240104,14:30:21,7833.4,100,325550
20240104,14:32:40,7838.0,50,325550
20240104,15:25:12,7884.25,100,325550
20240104,15:28:17,7884.25,200,325450
20240104,15:29:07,7844.6,50,325450
20240105,11:59:43,7844.0,1,325650
20240105,11:59:43,7844.0,50,325650
20240105,12:01:16,7824.65,50,325600
20240105,15:28:34,7822.15,50,325550
20240108,12:06:49,7625.65,1,325600
20240108,12:06:49,7625.65,50,325600
20240108,12:19:07,7690.35,50,325600
20240108,12:22:44,7720.0,600,325600
20240108,12:22:53,7720.0,50,325600
20240108,12:23:51,7720.0,100,325600
20240108,12:24:01,7720.0,50,325600
20240108,12:24:29,7720.0,50,325600
20240108,12:24:47,7720.0,100,325600
20240108,12:25:06,7720.0,50,325600
20240108,12:39:08,7750.0,50,325600
20240108,12:40:04,7750.0,50,325600
20240108,12:42:25,7750.0,50,325500
20240108,12:43:33,7751.0,50,325500
20240108,12:44:59,7751.0,50,325500
20240108,12:54:10,7751.0,50,325350
20240108,12:59:02,7717.0,50,325300
20240108,13:05:06,7730.0,50,325300
20240108,13:06:59,7730.0,50,325200
20240108,13:09:20,7730.0,50,325150
20240108,13:11:16,7726.0,100,325150
20240108,13:43:43,7727.0,50,325000
20240108,14:24:52,7720.0,150,324950
20240108,14:25:02,7720.0,500,324950
20240108,14:25:12,7720.0,500,324950
20240108,14:25:34,7718.85,250,324950
20240108,14:25:45,7720.0,350,324950
20240108,14:25:55,7717.75,200,324950
20240108,14:26:05,7716.65,250,324950
20240108,14:26:17,7709.55,200,324950
20240108,14:26:38,7706.25,100,324950
20240108,14:32:25,7712.0,100,324900
20240108,14:34:55,7681.6,150,324800
20240108,14:35:06,7680.8,300,324800
20240108,14:35:19,7680.8,200,324800
20240108,14:35:32,7680.8,200,324800
20240108,14:35:45,7680.8,100,324800
20240108,14:35:57,7680.4,350,324800
20240108,14:48:31,7692.0,100,324800
20240108,14:57:23,7692.0,100,324700
20240108,15:25:08,7619.05,100,324600
20240109,09:52:47,7755.0,1,324600
20240109,09:52:47,7755.0,100,324600
20240109,15:27:30,7665.65,50,324500
20240110,15:27:02,7698.35,1,324550
20240110,15:27:02,7698.35,50,324550
20240111,13:36:10,7750.0,1,324600
20240111,13:36:10,7783.95,1,324600
20240111,13:36:10,7783.9,400,324600
20240111,13:36:20,7779.8,1650,324600
20240111,13:37:11,7776.55,200,324600
20240111,13:40:05,7786.65,50,324600
20240111,15:28:56,7786.65,500,324600
20240112,09:22:09,7829.75,1,325100
20240112,09:22:09,7829.75,50,325100
20240112,10:04:40,7907.0,100,325100
20240112,10:06:11,7918.0,900,325100
20240112,10:30:13,7957.0,750,325100
20240112,10:31:56,7957.0,150,325100
20240112,10:32:24,7941.65,50,325100
20240112,10:32:28,7941.0,200,325100
20240112,10:32:29,7941.0,100,325100
20240112,10:32:35,7940.25,100,324350
20240112,10:32:37,7943.1,50,324350
20240112,10:34:46,7942.8,50,324350
20240112,10:35:00,7942.8,100,324350
20240112,10:36:03,7945.3,200,324350
20240112,10:37:01,7956.4,100,324350
20240112,10:45:22,7956.2,100,324350
20240112,10:45:57,7916.55,50,324350
20240112,10:47:07,7927.55,50,324350
20240112,10:47:14,7966.25,200,324350
20240112,10:47:31,7966.5,50,324350
20240112,10:48:15,7966.5,100,324450
20240112,10:48:31,7964.1,200,324450
20240112,10:49:30,7965.6,50,324450
20240112,10:50:46,7966.85,50,324450
20240112,10:51:30,7966.85,50,324450
20240112,10:51:37,7973.9,50,324450
20240112,10:51:43,7973.9,50,324450
20240112,10:51:51,7969.0,100,324450
20240112,10:52:41,7965.9,350,324450
20240112,10:56:43,7966.9,50,324450
20240112,10:57:37,7966.6,50,324450
20240112,10:57:59,7967.0,50,324450
20240112,10:58:57,7967.95,50,324450
20240112,10:59:52,7972.4,1350,324450
20240112,10:59:59,7973.0,100,324450
20240112,11:00:07,7972.05,350,324450
20240112,11:00:17,7980.8,900,324450
20240112,11:00:27,7986.25,450,324450
20240112,11:00:47,7989.95,200,324450
20240112,11:00:56,7990.0,200,324450
20240112,11:01:23,7990.0,50,324450
20240112,11:02:42,7978.0,100,324450
20240112,11:02:59,7973.0,50,324550
20240112,11:05:40,7968.0,100,324550
20240112,11:07:31,7961.6,50,324550
20240112,11:07:38,7958.75,100,324550
20240112,11:10:45,7965.1,50,324550
20240112,11:10:52,7965.1,50,324550
20240112,11:16:15,7968.95,150,324550
20240112,11:18:29,7971.95,150,324550
20240112,11:19:03,7970.6,50,324550
20240112,11:21:20,7985.0,100,324550
20240112,11:24:01,7976.45,50,324550
20240112,11:28:38,7975.7,100,324550
20240112,11:29:45,7977.0,50,324550
20240112,11:34:46,7972.0,350,324550
20240112,11:35:07,7974.15,100,324550
20240112,11:36:03,7978.0,100,324550
20240112,11:38:38,7977.0,50,324550
20240112,11:39:12,7977.95,50,324550
20240112,11:42:08,7974.4,50,324550
20240112,11:44:08,7981.55,50,324550
20240112,11:49:38,7980.1,50,324550
20240112,11:50:10,7944.75,50,324550
20240112,11:50:31,7944.8,50,324550
20240112,11:50:53,7985.95,100,324650
20240112,11:51:22,7990.0,50,324650
20240112,11:51:45,7987.8,100,324650
20240112,11:51:52,7953.0,50,324650
20240112,11:52:12,7952.2,50,324650
20240112,11:53:49,7951.65,50,324700
20240112,11:54:22,7951.0,50,324700
20240112,11:55:47,7984.95,50,324700
20240112,11:56:01,7984.95,50,324700
20240112,12:15:18,7973.45,50,324850
20240112,12:19:09,7934.15,50,324800
20240112,12:51:02,7980.95,50,324800
20240112,12:58:25,8000.05,100,324850
20240112,12:58:40,7998.0,50,324850
20240112,12:59:03,7997.4,50,324850
20240112,13:05:59,7993.0,350,324850
20240112,13:07:16,7992.9,100,324850
20240112,13:07:24,7993.1,100,324850
20240112,13:07:45,7991.05,50,324850
20240112,13:07:51,7991.0,100,324850
20240112,13:07:57,7992.0,150,324850
20240112,13:10:56,7992.0,150,324850
20240112,13:12:49,8000.0,50,324850
20240112,13:12:56,8000.65,50,324850
20240112,13:13:09,8000.95,100,324850
20240112,13:14:05,8000.95,50,324850
20240112,13:14:18,8000.95,50,324850
20240112,13:25:07,8002.0,50,324850
20240112,13:56:48,8039.9,50,324850
20240112,14:00:52,8039.9,100,324850
20240112,14:01:25,8038.0,50,324850
20240112,14:01:55,8038.9,50,324850
20240112,14:02:36,8039.65,50,324850
20240112,14:02:51,8038.45,50,324850
20240112,14:05:09,8033.0,50,324850
20240112,14:05:58,8025.2,450,324850
20240112,14:06:07,8021.2,50,324850
20240112,14:06:16,8022.35,50,324850
20240112,14:06:25,8023.0,50,324850
20240112,14:06:44,8020.0,300,324850
20240112,14:07:02,8021.95,550,324850
20240112,14:09:12,8024.95,400,324850
20240112,14:09:20,8024.8,250,324850
20240112,14:09:29,8026.3,100,324850
20240112,14:12:02,8026.0,100,324850
20240112,14:12:11,8024.5,50,324850
20240112,14:12:34,8023.6,50,324850
20240112,14:19:01,8038.75,50,324850
20240112,14:19:09,8043.0,250,324850
20240112,14:24:57,8043.0,100,324850
20240112,14:25:20,8043.55,50,324850
20240112,14:27:54,8050.8,50,324850
20240112,14:28:24,8058.0,150,324850
20240112,14:31:40,8071.05,50,324850
20240112,14:32:05,8078.35,100,324850
20240112,14:35:48,8081.2,50,324700
20240112,14:36:05,8081.2,50,324700
20240112,15:12:57,8081.2,50,324600
20240112,15:28:01,8089.65,100,324650
20240112,15:29:56,8089.65,50,324650
20240115,13:31:04,8185.8,1,324600
20240115,13:31:04,8185.8,50,324600
20240115,13:41:15,8207.3,50,324600
20240115,14:58:35,8215.2,50,324600
20240115,14:59:54,8215.2,50,324600
20240115,15:27:46,8220.7,50,324700
20240116,12:31:49,8207.85,1,324750
20240116,12:31:49,8207.85,50,324750
20240116,15:22:21,8099.3,50,324700
20240117,09:40:50,7989.7,1,324700
20240117,09:40:50,7989.7,50,324700
20240117,11:02:59,7877.75,50,324650
20240117,11:50:42,7861.0,50,324650
20240117,13:11:27,7831.9,100,324600
20240117,13:41:13,7818.55,50,324500
20240117,14:07:56,7818.55,50,324450
20240117,14:11:33,7805.15,200,324400
20240117,14:13:45,7799.7,100,324400
20240117,14:13:55,7798.05,100,324400
20240117,14:14:21,7798.05,50,324400
20240117,14:14:31,7801.9,100,324400
20240117,14:16:30,7801.6,50,324400
20240117,14:20:48,7782.5,100,324400
20240117,14:25:47,7781.1,100,324400
20240117,14:28:24,7752.0,50,324400
20240117,14:31:59,7737.05,350,324400
20240117,14:38:44,7750.35,100,324400
20240117,14:39:32,7752.85,100,324400
20240117,14:39:41,7757.5,50,324400
20240117,14:39:50,7755.25,100,324400
20240117,14:40:00,7758.75,100,324400
20240117,14:40:18,7749.9,100,324400
20240117,14:40:27,7750.0,50,324400
20240117,14:40:46,7749.6,100,324400
20240117,14:40:55,7747.85,200,324400
20240117,14:41:05,7746.0,250,324400
20240117,14:41:24,7736.3,350,324400
20240117,14:41:34,7736.65,100,324400
20240117,14:41:58,7729.55,100,324400
20240117,14:42:33,7728.2,200,324400
20240117,14:42:45,7728.2,100,324200
20240117,14:42:57,7736.7,700,324200
20240117,14:43:07,7728.3,100,324200
20240117,14:53:58,7733.0,50,324200
20240117,14:54:16,7737.05,200,324200
20240117,14:54:45,7743.5,100,324200
20240117,14:55:03,7735.55,100,324200
20240117,14:56:45,7740.3,250,324200
20240117,14:57:59,7734.8,400,324200
20240117,14:58:20,7730.45,100,324200
20240117,14:58:30,7725.45,800,324200
20240117,14:58:59,7729.45,150,324200
20240117,14:59:19,7730.8,250,324200
20240117,15:02:26,7713.5,100,324200
20240117,15:04:22,7713.5,50,324200
20240117,15:05:20,7725.9,200,324200
20240117,15:07:01,7711.4,200,324200
20240117,15:07:48,7702.65,300,324200
20240117,15:07:58,7701.9,1250,324200
20240117,15:08:08,7705.2,100,324200
20240117,15:09:05,7710.9,300,324200
20240117,15:09:40,7720.6,100,324200
20240117,15:12:06,7752.1,200,324200
20240117,15:12:57,7749.05,50,324200
20240117,15:13:18,7744.4,100,324200
20240117,15:14:17,7749.75,100,324200
20240117,15:14:27,7751.45,100,324200
20240117,15:14:46,7752.1,300,324200
20240117,15:15:54,7742.15,100,324200
20240117,15:16:04,7741.0,50,324200
20240117,15:18:44,7724.4,250,324200
20240117,15:20:28,7722.45,900,324200
20240117,15:26:42,7722.4,100,324300
20240117,15:26:51,7722.4,100,324300
20240117,15:28:00,7732.0,100,324300
20240118,10:31:49,7613.55,1,324200
20240118,10:31:49,7613.55,50,324200
20240118,11:57:36,7634.4,50,324150
20240118,15:26:22,7646.0,50,324200
20240119,12:06:43,7768.95,1,324250
20240119,12:06:43,7768.95,50,324250
20240119,15:01:03,7795.0,50,324250
20240119,15:06:58,7795.0,50,324200
20240119,15:08:48,7765.05,350,324200
20240119,15:24:58,7772.2,50,324600
20240119,15:26:26,7772.9,500,324600
20240120,09:24:16,7850.0,1,325150
20240120,09:24:16,7850.0,50,325150
20240120,09:30:53,7850.0,50,325100
20240120,11:51:00,7838.9,50,325050
20240120,11:55:24,7837.15,100,325000
20240120,15:24:27,7767.0,50,324900
20240120,15:26:52,7670.0,200,324850
20240123,09:22:24,7875.0,50,325050
20240123,10:11:03,7800.0,50,325050
20240123,10:12:54,7800.0,50,325100
20240123,10:32:19,7720.0,50,325150
20240123,11:47:38,7550.0,50,325200
20240123,12:55:56,7542.0,50,325250
20240123,13:22:33,7507.9,50,325200
20240123,13:26:29,7499.0,50,325150
20240123,13:28:13,7499.0,100,325100
20240123,13:29:42,7510.75,50,325100
20240123,13:32:11,7514.0,50,324950
20240123,13:33:32,7499.4,50,324900
20240123,13:35:31,7499.1,100,324900
20240123,13:37:41,7508.7,100,324750
20240123,13:40:04,7393.25,300,324650
20240123,13:42:49,7507.0,150,324550
20240123,13:46:26,7499.6,100,324400
20240123,13:47:45,7509.95,50,324400
20240123,13:48:33,7512.75,50,324250
20240123,13:48:45,7515.0,50,324250
20240123,13:49:22,7517.0,150,324250
20240123,13:56:09,7485.0,200,324000
20240123,14:14:24,7482.0,200,323800
20240123,14:14:37,7475.2,150,323800
20240123,14:20:18,7464.0,100,323450
20240123,14:26:46,7406.6,100,323350
20240123,14:30:44,7406.9,50,323250
20240123,14:32:51,7376.25,50,323250
20240123,14:38:44,7393.3,200,323250
20240123,14:47:38,7386.15,200,323050
20240123,15:02:07,7363.25,50,322850
20240123,15:04:31,7330.9,200,322850
20240123,15:09:05,7277.45,50,322650
20240123,15:29:59,7327.4,1,322700
20240124,09:40:59,7479.8,1,322700
20240124,09:40:59,7479.8,50,322700
20240124,10:33:47,7549.0,50,322700
20240124,10:35:46,7559.0,50,322700
20240124,10:35:56,7559.0,50,322700
20240124,10:55:57,7559.0,50,322700
20240124,11:31:17,7440.0,100,322700
20240124,11:35:26,7420.0,100,322600
20240124,11:36:45,7420.0,50,322500
20240124,11:58:26,7420.0,200,322500
20240124,11:58:36,7420.0,150,322500
20240124,12:02:36,7422.0,200,322500
20240124,12:02:46,7422.0,200,322500
20240124,12:02:57,7422.0,150,322500
20240124,12:07:04,7390.0,100,322500
20240124,12:15:09,7390.0,100,322400
20240124,12:33:37,7300.0,500,322300
20240124,12:37:08,7300.0,500,322800
20240124,12:39:08,7350.0,100,322800
20240124,12:41:12,7360.2,50,323200
20240124,14:33:34,7500.0,50,323200
20240124,15:13:39,7563.5,50,323200
20240124,15:16:50,7569.1,50,323250
20240124,15:18:27,7584.15,50,323250
20240124,15:20:34,7589.25,200,323350
20240124,15:20:43,7589.25,50,323350
20240124,15:22:26,7589.25,200,323600
20240124,15:23:29,7581.15,250,323600
20240124,15:27:06,7580.15,100,324050
20240124,15:29:27,7568.15,50,324150
20240125,10:16:08,7480.0,1,324200
20240125,10:16:08,7480.0,50,324200
20240125,10:16:20,7480.0,150,324200
20240125,10:16:31,7480.0,100,324200
20240125,10:16:43,7480.0,250,324200
20240125,10:16:54,7480.0,100,324200
20240125,10:17:05,7480.0,250,324200
20240125,10:19:30,7462.4,100,324200
20240125,10:23:00,7418.2,50,324100
20240125,10:27:47,7418.2,50,324100
20240125,10:49:45,7430.0,200,324150
20240125,10:52:29,7400.0,100,323950
20240125,10:53:17,7400.0,50,323950
20240125,10:57:06,7400.0,350,324000
20240125,10:57:16,7400.0,50,324000
20240125,11:00:00,7380.0,350,323600
20240125,11:00:30,7380.0,400,323600
20240125,11:00:41,7380.0,150,323600
20240125,11:06:15,7380.0,200,323600
20240125,11:06:24,7392.0,50,323600
20240125,11:06:43,7393.8,50,323400
20240125,11:11:32,7410.5,50,323300
20240125,11:12:23,7415.0,150,323250
20240125,11:15:59,7382.15,50,323100
20240125,11:20:39,7392.25,50,323150
20240125,11:22:41,7430.0,50,323200
20240125,11:47:19,7450.0,150,323200
20240125,11:47:30,7450.0,100,323200
20240125,11:47:40,7450.0,100,323200
20240125,11:47:50,7450.0,50,323200
20240125,11:48:19,7450.0,150,323200
20240125,11:48:29,7450.0,100,323200
20240125,11:48:39,7450.0,100,323200
20240125,11:49:09,7450.0,150,323200
20240125,13:59:14,7461.0,100,323200
20240125,13:59:23,7400.0,50,323200
20240125,13:59:33,7400.0,300,323200
20240125,13:59:43,7400.0,50,323200
20240125,14:06:48,7400.0,50,323100
20240125,14:23:03,7375.0,50,323050
20240125,14:23:47,7370.0,50,323050
20240125,14:24:14,7370.0,250,323050
20240125,14:24:23,7370.0,50,323050
20240125,14:24:31,7371.05,50,323050
20240125,14:24:40,7375.2,250,323050
20240125,14:24:48,7375.4,300,323050
20240125,14:24:57,7376.05,100,323200
20240125,14:32:39,7385.05,50,323050
20240125,14:32:48,7385.0,100,323050
20240125,14:32:57,7385.0,800,323050
20240125,14:36:47,7375.15,50,323000
20240125,14:39:01,7371.0,50,322950
20240125,14:40:53,7370.15,100,322950
20240125,15:25:09,7516.6,50,322900
20240125,15:28:27,7516.6,100,322850
20240125,15:29:19,7459.95,50,322850
20240125,15:29:28,7460.0,100,322850
20240125,15:30:01,7460.0,300,322850
20240129,11:23:19,7628.05,1,322950
20240129,11:23:19,7628.05,50,322950
20240129,11:23:27,7673.45,50,322950
20240129,11:30:15,7700.0,50,322950
20240129,11:42:38,7720.0,50,322950
20240129,11:53:32,7735.0,50,322900
20240129,15:15:14,7800.0,50,322850
20240130,11:55:00,7800.0,1,322850
20240130,11:55:00,7800.0,50,322850
20240130,13:21:58,7766.0,50,322850
20240130,13:59:56,7750.0,50,322850
20240130,14:03:51,7750.0,50,322850
20240130,14:11:34,7750.0,50,322850
20240130,14:30:37,7700.0,50,322850
20240130,15:05:24,7622.0,50,322850
20240130,15:07:20,7616.0,50,322800
20240130,15:09:39,7616.0,50,322750
20240130,15:11:53,7616.0,50,322750
20240130,15:13:40,7610.0,50,322650
20240130,15:15:13,7610.0,50,322650
20240130,15:16:18,7600.0,50,322600
20240130,15:18:24,7600.0,50,322500
20240130,15:21:24,7600.0,50,322450
20240130,15:23:57,7625.0,50,322450
20240130,15:24:07,7625.0,50,322450
20240130,15:24:17,7625.0,50,322350
20240130,15:25:06,7625.0,50,322350
20240130,15:27:24,7625.0,50,322250
20240130,15:27:57,7625.0,50,322250
20240131,14:21:08,7700.0,1,322150
20240131,14:21:08,7700.0,50,322150
20240131,14:34:43,7730.0,50,322150
20240131,15:27:18,7730.0,50,322150
20240201,10:13:44,7850.0,1,322200
20240201,10:13:44,7850.0,50,322200
20240201,12:27:05,7700.0,50,322200
20240201,15:27:07,7675.15,50,322200
20240202,11:23:45,8149.35,1,322250
20240202,11:23:45,8149.35,50,322250
20240202,12:13:47,8146.0,100,322250
20240202,12:52:59,8011.35,50,322150
20240202,12:54:10,8011.35,50,322100
20240202,13:16:51,7913.45,50,322050
20240202,15:24:51,7913.45,50,322050
20240202,15:27:56,7950.0,50,322100
20240202,15:28:25,7908.5,50,322100
20240205,12:36:36,7940.0,1,322100
20240205,12:36:36,7940.0,50,322100
20240205,14:49:43,7773.8,50,322100
20240205,15:10:41,7773.8,50,322100
20240205,15:10:51,7861.05,50,322100
20240205,15:23:15,7773.1,50,322100
20240205,15:26:41,7745.55,50,322100
20240206,12:16:28,7950.0,1,322150
20240206,12:16:28,7950.0,50,322150
20240206,12:20:54,7969.45,50,322150
20240206,12:45:10,7969.45,50,322150
20240206,13:42:06,7960.0,50,322100
20240206,13:44:09,7965.0,50,322100
20240206,13:44:47,7970.0,50,322100
20240206,14:04:45,7976.3,50,322100
20240206,14:05:05,7978.5,50,322100
20240206,14:05:41,7978.75,50,322100
20240206,14:05:51,7978.75,50,322100
20240206,14:10:45,7978.75,150,322100
20240206,14:11:00,7973.55,50,322100
20240206,15:23:41,7963.8,50,322100
20240206,15:26:25,7972.95,50,322100
20240206,15:28:13,7985.0,100,322100
20240206,15:29:06,7989.25,50,322100
20240206,15:29:35,7989.25,50,322100
20240207,09:49:47,8030.0,1,321900
20240207,09:49:47,8030.0,50,321900
20240207,11:58:26,7850.0,50,321900
20240207,12:02:06,7850.0,50,321900
20240207,12:02:14,7923.9,50,321900
20240207,13:02:56,7941.0,50,321900
20240207,13:03:13,7941.0,50,321900
20240207,14:19:55,8008.35,50,321800
20240207,15:07:02,7968.3,250,321800
20240208,14:27:39,7865.0,1,321800
20240208,14:27:39,7865.0,50,321800
20240208,14:29:47,7855.0,50,321750
20240208,14:35:38,7846.9,50,321700
20240208,15:08:32,7846.9,50,321650
20240208,15:26:17,7830.0,50,321650
20240208,15:26:49,7830.0,50,321650
20240208,15:29:42,7830.0,50,321650
20240209,11:28:56,7759.0,1,321650
20240209,11:28:56,7759.0,50,321650
20240209,13:35:24,7930.0,150,321650
20240209,13:43:17,7930.0,100,321500
20240209,13:45:17,7930.0,50,321400
20240209,14:30:18,7888.0,300,321400
20240209,14:37:50,7835.0,50,321050
20240209,14:38:10,7842.05,50,321050
20240209,14:40:28,7843.35,50,321150
20240209,14:41:28,7843.35,50,321200
20240209,14:46:23,7826.35,50,321250
20240209,14:50:03,7845.7,50,321300
20240209,15:16:35,7875.35,50,321350
20240209,15:17:00,7890.0,250,321350
20240212,10:55:16,7800.0,1,321050
20240212,10:55:16,7800.0,50,321050
20240212,12:11:47,7765.95,50,321050
20240212,14:08:39,7750.0,100,321050
20240212,14:59:17,7750.0,200,321150
20240212,15:28:02,7708.2,50,320950
20240213,09:25:41,7750.0,1,321000
20240213,09:25:41,7750.0,50,321000
20240213,15:28:18,7806.4,50,320950
20240214,09:27:58,7650.0,1,321000
20240214,09:27:58,7650.0,50,321000
20240214,13:04:11,7796.95,50,321000
20240214,14:34:06,7888.75,50,321000
20240214,15:28:10,7932.85,50,321000
20240215,14:39:34,8000.0,1,321050
20240215,14:39:34,8000.0,50,321050
20240215,15:26:14,8032.5,50,321050
20240216,09:38:11,8060.0,1,321100
20240216,09:38:11,8060.0,50,321100
20240216,09:38:25,8055.25,150,321100
20240216,09:38:39,8055.25,200,321100
20240216,09:38:53,8055.25,200,321100
20240216,12:15:08,8107.6,200,321700
20240216,14:39:55,8141.05,50,321900
20240216,15:27:12,8141.05,50,321900
20240219,15:19:39,8100.0,1,321950
20240219,15:19:39,8100.0,50,321950
20240220,13:04:40,8181.7,1,322000
20240220,13:04:40,8181.7,50,322000
20240220,15:25:45,8250.8,50,322050
20240220,15:27:27,8252.75,50,322050
20240221,14:41:24,8054.15,1,322050
20240221,14:41:24,8054.15,50,322050
20240221,14:42:43,8100.0,150,322100
20240221,14:56:25,8100.0,50,321950
20240221,15:26:51,8100.0,50,321900
20240222,11:05:13,7970.0,1,321950
20240222,11:05:13,7970.0,50,321950
20240222,11:34:35,8000.0,50,321950
20240222,12:08:15,8084.0,50,321900
20240222,15:23:10,8267.45,50,321850
20240223,15:28:03,8217.15,1,321850
20240223,15:28:03,8217.15,50,321850
20240226,15:27:11,8151.65,1,321900
20240226,15:27:11,8151.65,50,321900
20240227,15:28:35,8220.0,1,321950
20240227,15:28:35,8220.0,50,321950
20240228,11:24:30,8068.55,1,321950
20240228,11:24:30,8068.55,50,321950
20240228,11:45:19,8090.0,50,322000
20240228,12:59:09,8090.0,50,322000
20240228,14:35:55,8050.0,100,321950
20240228,15:11:45,7969.7,50,321850
20240229,10:35:26,7970.0,1,321900
20240229,10:35:26,7970.0,50,321900
20240229,15:05:09,8013.35,50,321850
20240229,15:28:12,8115.3,50,321850
20240229,15:28:21,8115.8,50,321850
20240229,15:28:55,8117.2,50,321850
20240229,15:29:30,8117.2,50,321850
20240229,15:29:38,8116.0,50,321850
20240229,15:29:49,8110.0,50,321850
20240229,15:29:59,8104.85,50,321850
