date,time,tick_price,volume,open_interest
20231212,13:27:02,20.5,450,450
20231214,15:00:44,20.4,1,450
20231214,15:00:44,20.4,200,450
20231215,13:01:50,13.5,1,450
20231215,13:01:50,13.4,400,450
20231215,13:45:02,13.45,100,850
20231215,13:46:26,13.5,100,950
20231215,14:29:05,13.5,100,1050
20231215,14:50:47,13.5,50,1150
20231221,14:48:51,13.5,1,1200
20231221,14:48:51,13.5,300,1200
20240103,15:00:26,1.85,1,1200
20240103,15:00:26,1.85,50,1200
20240103,15:00:33,1.95,500,1200
20240103,15:00:44,1.95,100,1200
20240103,15:01:41,1.95,50,1200
20240103,15:03:24,1.95,100,550
20240103,15:08:47,2.1,150,500
20240103,15:09:55,1.8,100,600
20240103,15:19:30,1.8,150,500
20240103,15:20:16,3.05,250,500
20240103,15:21:00,3.05,100,500
20240103,15:21:39,1.8,100,900
20240103,15:21:48,1.75,450,900
20240103,15:24:04,1.75,300,900
20240103,15:26:19,1.75,50,1700
20240103,15:27:29,1.75,50,1700
20240103,15:27:55,1.65,50,1700
20240104,09:16:12,1.95,1,1700
20240104,09:16:12,1.95,50,1700
20240104,09:17:14,2.0,100,1700
20240104,09:17:27,2.0,1500,1750
20240104,09:17:34,1.75,150,1750
20240104,09:17:43,1.75,250,1750
20240104,09:17:50,1.65,1000,1750
20240104,09:17:56,1.7,800,1750
20240104,09:18:04,1.7,250,1750
20240104,09:18:15,1.8,250,1750
20240104,09:18:23,1.8,50,1750
20240104,09:18:35,1.8,150,1750
20240104,09:19:04,1.7,100,1750
20240104,09:19:19,1.7,50,1750
20240104,09:19:36,1.65,50,1750
20240104,09:20:05,1.6,300,1750
20240104,09:20:13,1.6,50,1750
20240104,09:20:20,1.6,1750,1750
20240104,09:21:03,1.6,150,6550
20240104,09:21:32,1.55,250,6550
20240104,09:22:09,1.5,200,6550
20240104,09:22:15,1.5,100,6550
20240104,09:22:27,1.5,50,6550
20240104,09:22:39,1.5,100,6550
20240104,09:23:40,1.5,50,6850
20240104,09:25:19,1.5,50,6850
20240104,09:25:31,1.45,50,6850
20240104,09:25:36,1.45,100,6850
20240104,09:25:57,1.45,100,6850
20240104,09:26:14,1.5,50,6850
20240104,09:26:26,1.5,50,6850
20240104,09:27:38,1.5,450,6800
20240104,09:27:46,1.5,100,6800
20240104,09:28:54,1.5,250,6800
20240104,09:29:12,1.5,50,6800
20240104,09:29:21,1.5,150,6800
20240104,09:32:19,1.5,100,7350
20240104,09:32:27,1.5,50,7450
20240104,09:36:04,1.5,1250,7450
20240104,09:36:35,1.55,450,7450
20240104,09:37:21,1.7,2200,7450
20240104,09:39:05,1.65,200,8500
20240104,09:40:40,1.65,850,8500
20240104,09:43:18,1.65,50,9050
20240104,09:43:47,1.65,900,9050
20240104,09:44:38,1.6,350,9800
20240104,09:44:45,1.6,450,9800
20240104,09:44:52,1.65,2850,9800
20240104,09:44:59,1.65,450,9800
20240104,09:45:06,1.65,200,9800
20240104,09:45:13,1.65,150,9800
20240104,09:45:38,1.6,250,9800
20240104,09:46:15,1.65,1550,9800
20240104,09:46:38,1.6,450,9800
20240104,09:47:09,1.6,50,9800
20240104,09:48:14,1.65,5500,15600
20240104,09:48:37,1.7,100,15600
20240104,09:48:45,1.65,100,15600
20240104,09:49:56,1.65,100,15600
20240104,09:50:23,1.7,450,15600
20240104,09:50:57,1.65,450,20400
20240104,09:52:52,1.7,50,20400
20240104,09:53:06,1.65,1000,20400
20240104,09:54:32,1.65,800,21450
20240104,09:55:31,1.65,100,21450
20240104,09:56:36,1.65,2200,21450
20240104,09:57:26,1.65,250,21450
20240104,09:57:39,1.65,450,21450
20240104,09:57:58,1.65,3500,21450
20240104,10:04:53,1.6,50,21750
20240104,10:05:11,1.6,50,21750
20240104,10:06:13,1.65,1150,21800
20240104,10:08:32,1.65,100,22850
20240104,10:08:54,1.7,250,22850
20240104,10:14:46,1.65,100,22950
20240104,10:16:39,1.7,100,22950
20240104,10:16:54,1.7,450,22950
20240104,10:19:32,1.65,350,23450
20240104,10:19:47,1.65,50,23450
20240104,10:20:38,1.65,1200,23450
20240104,10:20:46,1.65,1900,23450
20240104,10:22:35,1.6,50,23450
20240104,10:24:53,1.65,1150,21850
20240104,10:25:14,1.6,100,21850
20240104,10:25:28,1.65,100,21850
20240104,10:25:35,1.65,50,21850
20240104,10:29:40,1.65,50,22900
20240104,10:31:37,1.65,50,22900
20240104,10:31:50,1.7,1000,22900
20240104,10:33:05,1.65,100,21950
20240104,10:36:54,1.65,1650,21950
20240104,10:37:08,1.6,150,21950
20240104,10:41:14,1.65,50,22700
20240104,10:41:47,1.6,1800,22750
20240104,10:45:07,1.6,800,24550
20240104,10:45:18,1.6,600,24550
20240104,10:48:01,1.6,200,25700
20240104,10:48:16,1.65,950,25700
20240104,10:48:52,1.65,50,25700
20240104,10:49:03,1.65,50,25700
20240104,10:50:42,1.65,1200,25350
20240104,10:51:12,1.65,50,25350
20240104,10:53:01,1.65,50,25350
20240104,10:53:35,1.65,250,25350
20240104,10:53:46,1.65,50,25250
20240104,10:57:40,1.7,7150,25200
20240104,11:01:57,1.65,50,20000
20240104,11:14:42,1.65,100,20050
20240104,11:14:59,1.65,1600,20050
20240104,11:16:10,1.65,250,20050
20240104,11:23:50,1.6,150,20350
20240104,11:24:27,1.6,600,20350
20240104,11:33:54,1.6,100,21050
20240104,11:35:47,1.55,1050,21000
20240104,11:37:53,1.6,50,21000
20240104,11:37:57,1.6,50,21000
20240104,12:10:05,1.65,50,21300
20240104,12:23:16,1.6,100,21250
20240104,12:31:14,1.5,750,21250
20240104,12:31:41,1.5,850,21250
20240104,12:31:45,1.5,1300,21250
20240104,12:31:49,1.5,100,21250
20240104,12:31:56,1.5,500,21250
20240104,12:32:00,1.5,100,21250
20240104,12:33:00,1.45,800,22000
20240104,12:33:05,1.45,750,22000
20240104,12:34:37,1.45,250,22000
20240104,12:36:09,1.45,350,22250
20240104,12:36:59,1.45,300,22250
20240104,12:41:56,1.45,50,22750
20240104,12:44:07,1.45,50,22750
20240104,12:44:29,1.5,100,22750
20240104,12:44:34,1.5,100,22750
20240104,12:44:43,1.55,1150,22750
20240104,12:45:00,1.5,750,23500
20240104,12:47:15,1.45,250,23500
20240104,12:47:22,1.5,50,23500
20240104,12:47:28,1.5,100,23500
20240104,12:47:37,1.55,50,23500
20240104,12:47:52,1.55,50,23500
20240104,12:51:47,1.45,500,24350
20240104,12:52:10,1.45,100,24350
20240104,12:53:02,1.5,400,24350
20240104,12:59:05,1.5,350,24500
20240104,13:01:10,1.5,50,24200
20240104,13:02:28,1.5,100,24200
20240104,13:02:39,1.5,50,24200
20240104,13:05:32,1.45,650,24200
20240104,13:09:31,1.5,400,23550
20240104,13:14:06,1.5,50,23800
20240104,13:14:18,1.5,950,23800
20240104,13:15:24,1.5,50,23950
20240104,13:15:32,1.5,50,23950
20240104,13:16:10,1.5,250,23950
20240104,13:20:20,1.5,300,24200
20240104,13:22:20,1.5,50,24250
20240104,13:23:27,1.55,50,24250
20240104,13:27:02,1.5,100,24250
20240104,13:27:27,1.5,1800,24250
20240104,13:35:30,1.45,100,23900
20240104,13:37:51,1.45,50,23950
20240104,13:38:49,1.45,100,23950
20240104,13:39:32,1.45,50,23950
20240104,13:41:22,1.45,1600,23950
20240104,13:42:54,1.45,1750,25550
20240104,13:47:41,1.4,50,27150
20240104,13:49:35,1.4,50,27200
20240104,13:55:07,1.4,600,27200
20240104,13:55:30,1.35,350,27200
20240104,13:56:21,1.35,300,27200
20240104,13:56:53,1.4,300,27200
20240104,13:57:09,1.4,50,26400
20240104,13:57:14,1.4,50,26400
20240104,13:57:40,1.4,350,26400
20240104,13:57:58,1.45,1300,26400
20240104,13:58:50,1.4,50,26400
20240104,13:59:30,1.4,450,26400
20240104,14:00:17,1.4,900,24800
20240104,14:00:23,1.35,600,24800
20240104,14:01:13,1.35,200,24800
20240104,14:01:44,1.35,200,24800
20240104,14:02:07,1.35,100,24800
20240104,14:03:13,1.35,3150,26650
20240104,14:06:49,1.35,50,26600
20240104,14:06:55,1.35,100,26600
20240104,14:07:06,1.3,150,26600
20240104,14:10:33,1.3,50,26600
20240104,14:11:50,1.3,250,26600
20240104,14:11:59,1.3,50,26600
20240104,14:13:34,1.3,1100,26450
20240104,14:13:43,1.3,100,26450
20240104,14:14:25,1.25,100,26450
20240104,14:16:01,1.25,350,27350
20240104,14:17:12,1.3,50,27350
20240104,14:18:25,1.3,500,26950
20240104,14:19:13,1.25,3600,26950
20240104,14:19:17,1.25,100,26950
20240104,14:20:13,1.25,150,26950
20240104,14:21:35,1.25,50,30150
20240104,14:21:39,1.25,50,30150
20240104,14:21:54,1.2,50,30150
20240104,14:21:58,1.2,50,30150
20240104,14:22:04,1.25,50,30150
20240104,14:25:36,1.25,1800,30400
20240104,14:26:17,1.25,700,30400
20240104,14:31:21,1.3,50,32500
20240104,14:39:38,1.3,100,32450
20240104,14:40:35,1.3,50,32450
20240104,14:40:45,1.3,200,32450
20240104,14:40:50,1.3,650,32450
20240104,14:41:06,1.3,900,32450
20240104,14:41:11,1.3,100,32450
20240104,14:43:02,1.3,150,31700
20240104,14:43:28,1.3,950,31700
20240104,14:43:44,1.3,1250,31700
20240104,14:49:36,1.3,100,31650
20240104,14:54:14,1.25,350,31650
20240104,14:58:37,1.25,50,31900
20240104,14:58:41,1.25,50,31900
20240104,14:59:15,1.25,50,31900
20240104,14:59:21,1.25,50,31900
20240104,15:00:31,1.25,100,32000
20240104,15:00:40,1.25,100,32000
20240104,15:01:56,1.25,100,32000
20240104,15:02:09,1.25,1000,32000
20240104,15:03:12,1.25,50,33200
20240104,15:05:17,1.25,100,33200
20240104,15:07:29,1.3,50,33350
20240104,15:08:03,1.3,1000,33350
20240104,15:08:17,1.25,50,33350
20240104,15:12:04,1.25,200,33750
20240104,15:12:25,1.25,1700,33750
20240104,15:13:45,1.3,50,33750
20240104,15:15:00,1.3,450,33750
20240104,15:16:05,1.3,300,33950
20240104,15:16:14,1.3,750,33950
20240104,15:16:57,1.3,700,33950
20240104,15:17:05,1.3,400,33950
20240104,15:18:47,1.3,300,32450
20240104,15:18:56,1.3,700,32450
20240104,15:19:04,1.3,2100,32450
20240104,15:19:13,1.3,300,32450
20240104,15:19:38,1.25,5000,32450
20240104,15:19:56,1.25,250,32450
20240104,15:20:05,1.25,1100,32450
20240104,15:20:33,1.25,900,32450
20240104,15:21:42,1.3,250,31350
20240104,15:22:08,1.3,400,31350
20240104,15:22:17,1.3,50,31350
20240104,15:22:26,1.3,150,31350
20240104,15:22:58,1.3,200,31350
20240104,15:23:21,1.3,700,31350
20240104,15:23:30,1.3,50,31350
20240104,15:23:47,1.3,900,31350
20240104,15:23:56,1.3,1050,31350
20240104,15:24:33,1.3,250,31600
20240104,15:24:41,1.3,50,31600
20240104,15:26:04,1.3,2200,31600
20240104,15:26:38,1.3,600,31600
20240104,15:27:07,1.3,250,31600
20240104,15:27:17,1.25,1600,31600
20240104,15:27:37,1.25,50,31700
20240104,15:28:15,1.25,50,31700
20240104,15:29:00,1.25,150,31700
20240104,15:29:16,1.25,500,31700
20240104,15:29:23,1.25,50,31700
20240104,15:29:30,1.3,100,31700
20240104,15:29:46,1.25,50,31700
20240105,09:15:02,1.3,1,32450
20240105,09:15:02,1.3,50,32450
20240105,09:15:04,1.1,200,32450
20240105,09:15:05,1.2,750,32450
20240105,09:15:06,1.05,200,32450
20240105,09:15:09,1.05,200,32450
20240105,09:15:10,1.2,100,32450
20240105,09:15:15,1.1,50,32450
20240105,09:15:17,1.1,1150,32450
20240105,09:15:18,1.1,600,32450
20240105,09:15:24,1.1,1550,32450
20240105,09:15:26,1.1,1050,32450
20240105,09:15:29,1.1,150,32450
20240105,09:15:38,1.05,50,32450
20240105,09:15:39,1.1,200,32450
20240105,09:15:42,1.15,100,32450
20240105,09:15:46,1.15,50,32450
20240105,09:15:50,1.15,50,32450
20240105,09:15:52,1.15,50,32450
20240105,09:15:53,1.15,50,32450
20240105,09:15:56,1.15,50,32450
20240105,09:15:57,1.1,250,32450
20240105,09:15:58,1.15,200,32450
20240105,09:15:59,1.15,100,32450
20240105,09:16:00,1.15,2100,32450
20240105,09:16:02,1.1,850,32450
20240105,09:16:03,1.15,850,32450
20240105,09:16:04,1.15,300,32450
20240105,09:16:06,1.1,200,32450
20240105,09:16:10,1.1,300,32450
20240105,09:16:27,1.1,500,32450
20240105,09:16:33,1.1,100,32450
20240105,09:16:34,1.1,1000,32450
20240105,09:16:48,1.1,50,32450
20240105,09:16:51,1.1,100,32450
20240105,09:16:59,1.1,50,32450
20240105,09:17:05,1.15,50,32450
20240105,09:17:07,1.15,500,32450
20240105,09:17:10,1.15,600,32450
20240105,09:17:12,1.15,500,32450
20240105,09:17:13,1.15,100,32450
20240105,09:17:15,1.15,250,32450
20240105,09:17:26,1.15,200,35250
20240105,09:17:33,1.15,600,35250
20240105,09:17:34,1.2,50,35250
20240105,09:17:37,1.2,100,35250
20240105,09:17:42,1.15,1100,35250
20240105,09:17:44,1.15,250,35250
20240105,09:17:52,1.15,650,35250
20240105,09:17:52,1.2,850,35250
20240105,09:17:53,1.2,800,35250
20240105,09:17:54,1.2,450,35250
20240105,09:17:57,1.15,500,35250
20240105,09:18:06,1.2,300,35250
20240105,09:18:13,1.25,50,35250
20240105,09:18:47,1.2,300,35250
20240105,09:18:51,1.2,50,35250
20240105,09:18:52,1.2,150,35250
20240105,09:19:13,1.2,50,35250
20240105,09:19:37,1.15,250,35250
20240105,09:20:07,1.2,50,35250
20240105,09:20:15,1.15,250,35250
20240105,09:20:26,1.15,1150,36150
20240105,09:20:28,1.2,550,36150
20240105,09:20:29,1.2,200,36150
20240105,09:20:30,1.2,850,36150
20240105,09:20:32,1.2,300,36150
20240105,09:20:33,1.2,550,36150
20240105,09:20:35,1.2,1100,36150
20240105,09:20:37,1.2,900,36150
20240105,09:20:38,1.2,250,36150
20240105,09:22:00,1.15,150,36150
20240105,09:22:01,1.15,50,36150
20240105,09:22:18,1.15,1100,36150
20240105,09:22:19,1.1,1800,36150
20240105,09:23:14,1.1,50,36150
20240105,09:23:20,1.15,500,40400
20240105,09:23:24,1.1,100,40400
20240105,09:23:25,1.1,400,40400
20240105,09:23:26,1.1,650,40400
20240105,09:23:32,1.1,50,40400
20240105,09:23:34,1.1,200,40400
20240105,09:23:35,1.1,50,40400
20240105,09:23:41,1.1,50,40400
20240105,09:24:05,1.1,500,40400
20240105,09:24:15,1.05,250,40400
20240105,09:24:16,1.05,1600,40400
20240105,09:24:18,1.05,50,40400
20240105,09:24:19,1.05,50,40400
20240105,09:24:20,1.05,50,40400
20240105,09:24:23,1.05,350,40400
20240105,09:24:24,1.05,100,40400
20240105,09:24:43,1.05,50,40400
20240105,09:24:47,1.05,150,40400
20240105,09:25:00,1.05,250,40400
20240105,09:25:02,1.0,150,40400
20240105,09:25:35,1.05,250,40400
20240105,09:25:46,1.05,50,40400
20240105,09:25:58,1.0,2350,40400
20240105,09:25:59,1.0,400,40400
20240105,09:26:01,1.0,400,40400
20240105,09:26:05,1.0,500,40400
20240105,09:26:05,1.0,450,40400
20240105,09:26:07,1.0,50,40400
20240105,09:26:09,1.0,50,40400
20240105,09:26:13,0.95,100,40400
20240105,09:26:21,0.95,250,40400
20240105,09:27:16,0.95,2150,42550
20240105,09:27:17,0.9,150,42550
20240105,09:27:18,0.95,100,42550
20240105,09:27:19,0.95,50,42550
20240105,09:27:23,0.95,250,42550
20240105,09:27:24,0.9,100,42550
20240105,09:27:26,0.95,50,42550
20240105,09:27:28,0.95,100,42550
20240105,09:27:33,0.95,50,42550
20240105,09:27:42,0.95,250,42550
20240105,09:27:50,0.95,50,42550
20240105,09:28:08,0.95,1900,42550
20240105,09:28:21,0.95,400,42550
20240105,09:30:23,0.9,100,42550
20240105,09:31:43,0.95,250,45150
20240105,09:33:37,0.9,450,45400
20240105,09:33:38,0.9,650,45400
20240105,09:33:49,0.95,200,45400
20240105,09:34:20,0.9,50,45400
20240105,09:34:53,0.9,100,45400
20240105,09:35:24,0.9,1500,45400
20240105,09:35:24,0.9,500,45400
20240105,09:35:25,0.9,3500,45400
20240105,09:35:26,0.9,3000,45400
20240105,09:35:27,0.9,1900,45400
20240105,09:35:28,0.85,2550,45400
20240105,09:35:29,0.85,1200,45400
20240105,09:35:30,0.9,100,45400
20240105,09:35:31,0.9,100,45400
20240105,09:35:32,0.9,100,45400
20240105,09:35:33,0.9,100,45400
20240105,09:35:34,0.9,200,45400
20240105,09:35:35,0.9,150,45400
20240105,09:35:48,0.9,500,45400
20240105,09:35:48,0.9,450,45400
20240105,09:35:49,0.9,100,45400
20240105,09:35:50,0.9,150,45400
20240105,09:35:51,0.9,100,45400
20240105,09:35:52,0.95,100,45400
20240105,09:35:53,0.9,1000,45400
20240105,09:35:54,0.9,2000,45400
20240105,09:35:55,0.9,100,45400
20240105,09:36:23,0.85,1000,45400
20240105,09:36:24,0.85,1400,45400
20240105,09:36:42,0.9,50,45400
20240105,09:36:44,0.85,1000,45400
20240105,09:37:37,0.85,50,45400
20240105,09:37:39,0.9,50,45400
20240105,09:37:42,0.85,100,45400
20240105,09:38:01,0.9,250,45400
20240105,09:38:16,0.9,250,45400
20240105,09:38:18,0.85,1000,45400
20240105,09:38:19,0.85,2500,62200
20240105,09:38:20,0.85,3000,62200
20240105,09:38:21,0.85,2500,62200
20240105,09:38:22,0.85,2000,62200
20240105,09:38:23,0.85,3000,62200
20240105,09:38:24,0.85,2000,62200
20240105,09:38:25,0.85,2500,62200
20240105,09:38:26,0.85,2500,62200
20240105,09:38:27,0.85,3000,62200
20240105,09:38:28,0.85,3000,62200
20240105,09:38:29,0.85,3950,62200
20240105,09:38:30,0.85,100,62200
20240105,09:38:31,0.85,800,62200
20240105,09:38:34,0.85,4300,62200
20240105,09:38:35,0.85,3050,62200
20240105,09:38:36,0.85,1700,62200
20240105,09:38:37,0.85,1650,62200
20240105,09:38:38,0.8,500,62200
20240105,09:38:39,0.8,550,62200
20240105,09:38:40,0.85,2500,62200
20240105,09:38:41,0.85,5000,62200
20240105,09:38:42,0.85,650,62200
20240105,09:38:43,0.85,600,62200
20240105,09:38:44,0.85,1150,62200
20240105,09:38:45,0.85,1600,62200
20240105,09:38:46,0.85,1550,62200
20240105,09:38:47,0.85,1300,62200
20240105,09:38:48,0.85,3000,62200
20240105,09:38:49,0.85,3250,62200
20240105,09:38:50,0.85,4000,62200
20240105,09:38:51,0.85,4600,62200
20240105,09:38:52,0.85,1000,62200
20240105,09:38:53,0.9,1550,62200
20240105,09:38:54,0.85,550,62200
20240105,09:38:55,0.85,3450,62200
20240105,09:39:00,0.85,1000,62200
20240105,09:39:01,0.85,1800,62200
20240105,09:39:03,0.85,1850,62200
20240105,09:39:06,0.85,1550,62200
20240105,09:39:23,0.8,50,62200
20240105,09:39:30,0.85,1000,62200
20240105,09:39:32,0.85,1000,62200
20240105,09:39:43,0.8,800,62200
20240105,09:40:01,0.85,50,62200
20240105,09:40:03,0.8,550,62200
20240105,09:40:05,0.8,550,62200
20240105,09:40:06,0.8,550,62200
20240105,09:40:08,0.85,2350,62200
20240105,09:40:09,0.8,550,62200
20240105,09:40:11,0.8,550,62200
20240105,09:40:12,0.8,1550,62200
20240105,09:40:13,0.85,1600,62200
20240105,09:40:14,0.8,50,62200
20240105,09:40:15,0.85,650,62200
20240105,09:40:16,0.85,50,62200
20240105,09:40:17,0.85,600,62200
20240105,09:40:18,0.85,50,62200
20240105,09:40:19,0.85,1800,62200
20240105,09:40:20,0.8,50,62200
20240105,09:40:22,0.8,500,62200
20240105,09:40:23,0.85,1800,62200
20240105,09:40:25,0.85,250,62200
20240105,09:40:26,0.85,1000,62200
20240105,09:40:27,0.85,100,62200
20240105,09:40:34,0.85,850,62200
20240105,09:40:34,0.85,50,62200
20240105,09:40:39,0.85,1500,62200
20240105,09:40:40,0.85,1500,62200
20240105,09:40:41,0.85,2500,62200
20240105,09:40:42,0.85,5750,62200
20240105,09:40:43,0.85,5300,62200
20240105,09:40:44,0.85,3000,62200
20240105,09:40:45,0.85,3000,62200
20240105,09:40:46,0.85,3000,62200
20240105,09:40:47,0.85,3050,62200
20240105,09:40:48,0.85,3250,62200
20240105,09:40:49,0.85,3000,62200
20240105,09:40:50,0.85,2500,62200
20240105,09:40:51,0.85,3500,62200
20240105,09:40:52,0.85,3000,62200
20240105,09:40:53,0.85,1500,62200
20240105,09:40:56,0.85,3800,62200
20240105,09:40:57,0.85,250,62200
20240105,09:40:59,0.85,50,62200
20240105,09:41:00,0.85,1000,62200
20240105,09:41:03,0.85,7650,62200
20240105,09:41:05,0.85,200,62200
20240105,09:41:07,0.85,1800,62200
20240105,09:41:08,0.85,7200,62200
20240105,09:41:12,0.9,1850,62200
20240105,09:41:13,0.9,50,62200
20240105,09:41:16,0.85,1000,62200
20240105,09:41:18,0.85,1000,143650
20240105,09:41:20,0.85,1000,143650
20240105,09:41:21,0.9,1800,143650
20240105,09:41:22,0.85,1000,143650
20240105,09:41:24,0.85,1000,143650
20240105,09:41:25,0.85,1000,143650
20240105,09:41:26,0.85,1000,143650
20240105,09:41:33,0.9,750,143650
20240105,09:41:36,0.85,50,143650
20240105,09:42:13,0.9,50,143650
20240105,09:42:14,0.9,1500,143650
20240105,09:42:15,0.9,1500,143650
20240105,09:42:16,0.9,6900,143650
20240105,09:42:17,0.9,16250,143650
20240105,09:42:18,0.9,4500,143650
20240105,09:42:19,0.9,3050,143650
20240105,09:42:20,0.9,3000,143650
20240105,09:42:21,0.9,6000,143650
20240105,09:42:22,0.9,2050,143650
20240105,09:42:24,0.9,1950,143650
20240105,09:42:25,0.9,1700,143650
20240105,09:42:26,0.9,6250,143650
20240105,09:42:27,0.9,3000,143650
20240105,09:42:28,0.9,2000,143650
20240105,09:42:29,0.9,3000,143650
20240105,09:42:30,0.9,2500,143650
20240105,09:42:31,0.9,2500,143650
20240105,09:42:32,0.9,2000,143650
20240105,09:42:33,0.9,2500,143650
20240105,09:42:34,0.9,3500,143650
20240105,09:42:35,0.9,4000,143650
20240105,09:42:36,0.9,1950,143650
20240105,09:42:37,0.9,250,143650
20240105,09:43:06,0.95,800,143650
20240105,09:43:07,0.95,1100,143650
20240105,09:43:09,0.95,1000,143650
20240105,09:43:11,0.95,4600,143650
20240105,09:43:11,0.9,2050,143650
20240105,09:43:12,0.95,3600,143650
20240105,09:43:13,0.95,1800,143650
20240105,09:43:14,0.95,5100,143650
20240105,09:43:15,0.9,500,143650
20240105,09:43:16,0.95,1500,143650
20240105,09:43:21,0.95,100,143650
20240105,09:43:37,0.95,1800,143650
20240105,09:43:39,0.95,250,143650
20240105,09:43:54,0.9,2000,143650
20240105,09:43:55,0.9,2500,143650
20240105,09:43:56,0.9,5000,143650
20240105,09:44:08,0.9,400,143650
20240105,09:44:38,0.95,50,143650
20240105,09:45:15,0.95,1550,185300
20240105,09:45:21,0.9,50,185300
20240105,09:45:39,0.9,50,185300
20240105,09:45:39,0.95,1500,185300
20240105,09:45:40,0.95,1500,185300
20240105,09:45:42,0.95,1500,185300
20240105,09:45:43,0.95,1500,185300
20240105,09:45:44,0.95,1500,185300
20240105,09:45:45,0.95,3250,185300
20240105,09:45:47,0.95,300,185300
20240105,09:45:48,0.95,1500,185300
20240105,09:45:49,0.95,1500,185300
20240105,09:45:50,0.95,1500,185300
20240105,09:45:51,0.95,2850,185300
20240105,09:45:52,0.95,9050,185300
20240105,09:45:53,0.95,13650,185300
20240105,09:45:55,0.95,50,185300
20240105,09:45:55,0.95,1500,185300
20240105,09:45:56,0.95,5100,185300
20240105,09:45:57,0.95,1800,185300
20240105,09:45:59,0.95,3550,185300
20240105,09:46:00,0.95,2500,185300
20240105,09:46:01,0.95,3200,185300
20240105,09:46:02,0.95,10750,185300
20240105,09:46:03,0.9,650,185300
20240105,09:46:26,0.95,50,185300
20240105,09:46:38,0.95,50,185300
20240105,09:47:14,0.95,50,185300
20240105,09:47:15,0.95,100,185300
20240105,09:47:16,0.95,100,185300
20240105,09:47:16,0.95,50,185300
20240105,09:47:18,0.95,150,185300
20240105,09:47:19,0.95,100,203050
20240105,09:47:20,0.95,50,203050
20240105,09:47:21,0.95,150,203050
20240105,09:47:22,0.95,100,203050
20240105,09:47:23,0.95,100,203050
20240105,09:47:23,0.95,50,203050
20240105,09:47:24,0.95,100,203050
20240105,09:47:25,0.95,100,203050
20240105,09:47:26,0.95,100,203050
20240105,09:47:27,0.95,150,203050
20240105,09:47:28,0.95,100,203050
20240105,09:47:29,0.95,100,203050
20240105,09:47:30,0.95,100,203050
20240105,09:47:31,0.95,100,203050
20240105,09:47:32,0.95,100,203050
20240105,09:47:33,0.95,100,203050
20240105,09:47:34,0.95,50,203050
20240105,09:47:35,0.95,100,203050
20240105,09:47:36,0.95,100,203050
20240105,09:47:37,0.95,100,203050
20240105,09:47:38,0.95,100,203050
20240105,09:47:39,0.95,100,203050
20240105,09:47:40,0.95,100,203050
20240105,09:47:41,0.95,100,203050
20240105,09:47:43,0.95,150,203050
20240105,09:47:43,0.95,50,203050
20240105,09:47:44,0.95,100,203050
20240105,09:47:45,0.95,100,203050
20240105,09:47:46,0.95,100,203050
20240105,09:47:47,0.95,100,203050
20240105,09:47:48,0.95,100,203050
20240105,09:47:49,0.95,100,203050
20240105,09:47:50,0.95,100,203050
20240105,09:47:51,0.95,100,203050
20240105,09:47:52,0.95,100,203050
20240105,09:47:53,0.95,100,203050
20240105,09:48:26,0.95,50,203050
20240105,09:48:35,0.95,50,203050
20240105,09:49:01,0.95,50,203050
20240105,09:49:06,0.95,50,203050
20240105,09:49:07,0.95,100,203050
20240105,09:49:08,0.95,100,203050
20240105,09:49:09,0.95,50,203050
20240105,09:49:10,0.95,100,203050
20240105,09:49:32,0.95,50,203050
20240105,09:49:45,0.95,50,203050
20240105,09:49:47,0.95,50,203050
20240105,09:50:23,0.95,50,203050
20240105,09:50:40,0.95,50,207250
20240105,09:50:57,0.95,50,207250
20240105,09:50:58,0.95,50,207250
20240105,09:50:59,0.95,100,207250
20240105,09:51:00,0.95,1900,207250
20240105,09:51:01,0.95,100,207250
20240105,09:51:02,0.95,100,207250
20240105,09:51:03,0.95,100,207250
20240105,09:51:04,0.95,100,207250
20240105,09:51:05,0.95,100,207250
20240105,09:51:06,0.95,100,207250
20240105,09:51:07,0.95,100,207250
20240105,09:51:08,0.95,100,207250
20240105,09:51:09,0.95,100,207250
20240105,09:51:10,0.95,100,207250
20240105,09:51:11,0.95,100,207250
20240105,09:51:12,0.95,50,207250
20240105,09:51:16,0.9,50,207250
20240105,09:51:35,0.95,50,207250
20240105,09:51:53,0.95,100,207250
20240105,09:51:54,0.95,50,207250
20240105,09:51:55,0.95,100,207250
20240105,09:51:56,0.95,100,207250
20240105,09:51:57,0.95,100,207250
20240105,09:51:58,0.95,100,207250
20240105,09:51:59,0.95,100,207250
20240105,09:52:00,0.95,100,207250
20240105,09:52:01,0.95,100,207250
20240105,09:52:02,0.95,100,207250
20240105,09:52:03,0.95,100,207250
20240105,09:52:04,0.95,100,207250
20240105,09:52:05,0.95,100,207250
20240105,09:52:06,0.95,200,207250
20240105,09:52:07,0.95,100,207250
20240105,09:52:08,0.95,100,207250
20240105,09:52:09,0.95,100,207250
20240105,09:52:10,0.95,200,207250
20240105,09:52:11,0.95,200,207250
20240105,09:52:12,0.95,100,207250
20240105,09:52:13,0.95,100,207250
20240105,09:52:14,0.95,100,207250
20240105,09:52:15,0.95,100,207250
20240105,09:52:16,0.95,100,207250
20240105,09:52:17,0.95,100,207250
20240105,09:52:18,0.95,100,207250
20240105,09:52:19,0.95,100,207250
20240105,09:52:20,0.95,100,207250
20240105,09:52:21,0.95,100,207250
20240105,09:52:22,0.95,50,207250
20240105,09:52:23,0.95,100,207250
20240105,09:52:24,0.95,100,207250
20240105,09:52:25,0.95,100,207250
20240105,09:52:26,0.95,100,207250
20240105,09:52:27,0.95,100,207250
20240105,09:52:28,0.95,100,207250
20240105,09:52:29,0.95,100,207250
20240105,09:52:30,0.95,100,207250
20240105,09:52:31,0.95,100,207250
20240105,09:52:32,0.95,100,207250
20240105,09:52:33,0.95,100,207250
20240105,09:52:34,0.95,100,207250
20240105,09:52:35,0.95,100,207250
20240105,09:52:36,0.95,100,207250
20240105,09:52:37,0.95,100,207250
20240105,09:52:38,0.95,200,207250
20240105,09:52:39,0.95,200,207250
20240105,09:52:40,0.95,150,207250
20240105,09:52:41,0.95,100,207250
20240105,09:52:42,0.95,100,207250
20240105,09:52:43,0.95,100,207250
20240105,09:52:44,0.95,100,207250
20240105,09:52:45,0.95,100,207250
20240105,09:52:46,0.95,100,207250
20240105,09:52:47,0.95,100,207250
20240105,09:53:09,0.9,200,207250
20240105,09:53:29,0.95,50,214400
20240105,09:53:30,0.95,50,214400
20240105,09:53:35,0.95,50,214400
20240105,09:53:36,0.95,600,214400
20240105,09:53:55,0.95,50,214400
20240105,09:53:56,0.95,50,214400
20240105,09:53:57,0.95,100,214400
20240105,09:53:58,0.95,100,214400
20240105,09:53:59,0.95,100,214400
20240105,09:54:00,0.95,300,214400
20240105,09:54:01,0.95,100,214400
20240105,09:54:02,0.95,100,214400
20240105,09:54:03,0.95,100,214400
20240105,09:54:04,0.95,100,214400
20240105,09:54:05,0.95,100,214400
20240105,09:54:06,0.95,100,214400
20240105,09:54:07,0.95,100,214400
20240105,09:54:08,0.95,100,214400
20240105,09:54:09,0.95,100,214400
20240105,09:54:15,0.95,50,214400
20240105,09:54:22,0.9,200,214400
20240105,09:54:24,0.95,50,214400
20240105,09:54:40,0.95,50,214400
20240105,09:54:52,0.95,50,214400
20240105,09:54:53,0.95,100,214400
20240105,09:54:54,0.95,100,214400
20240105,09:54:55,0.95,100,214400
20240105,09:54:56,0.95,100,214400
20240105,09:54:57,0.95,100,214400
20240105,09:54:58,0.95,100,214400
20240105,09:54:59,0.95,100,214400
20240105,09:55:00,0.95,50,214400
20240105,09:55:01,0.95,100,214400
20240105,09:55:02,0.95,100,214400
20240105,09:55:03,0.95,150,214400
20240105,09:55:04,0.95,100,214400
20240105,09:55:05,0.95,100,214400
20240105,09:55:06,0.95,400,214400
20240105,09:55:07,0.95,100,214400
20240105,09:55:08,0.95,100,214400
20240105,09:55:09,0.95,100,214400
20240105,09:55:10,0.95,100,214400
20240105,09:55:11,0.95,100,214400
20240105,09:55:12,0.95,100,214400
20240105,09:55:13,0.95,100,214400
20240105,09:55:14,0.95,100,214400
20240105,09:55:15,0.95,100,214400
20240105,09:55:16,0.95,100,214400
20240105,09:55:17,0.95,100,214400
20240105,09:55:18,0.95,50,214400
20240105,09:55:19,0.95,50,214400
20240105,09:55:20,0.95,100,214400
20240105,09:55:21,0.95,100,214400
20240105,09:55:23,0.95,50,214400
20240105,09:55:24,0.95,100,214400
20240105,09:55:25,0.95,100,214400
20240105,09:55:26,0.95,150,214400
20240105,09:55:27,0.95,100,214400
20240105,09:55:28,0.95,100,214400
20240105,09:55:29,0.95,100,214400
20240105,09:55:30,0.95,100,214400
20240105,09:55:31,0.95,100,214400
20240105,09:55:33,0.95,50,214400
20240105,09:55:34,0.95,50,214400
20240105,09:55:35,0.95,200,214400
20240105,09:55:36,0.95,200,214400
20240105,09:55:37,0.95,200,214400
20240105,09:55:38,0.95,200,214400
20240105,09:55:39,0.95,200,214400
20240105,09:55:40,0.95,200,214400
20240105,09:55:41,0.95,200,214400
20240105,09:55:42,0.95,200,214400
20240105,09:55:43,0.95,100,214400
20240105,09:55:44,0.95,100,214400
20240105,09:55:45,0.95,100,214400
20240105,09:55:46,0.95,100,214400
20240105,09:55:47,0.95,100,214400
20240105,09:55:48,0.95,50,214400
20240105,09:55:49,0.95,100,214400
20240105,09:56:00,0.9,200,214400
20240105,09:56:22,0.95,50,215450
20240105,09:56:48,0.95,50,215450
20240105,09:56:49,0.95,150,215450
20240105,09:56:50,0.95,100,215450
20240105,09:56:51,0.95,100,215450
20240105,09:56:52,0.95,100,215450
20240105,09:56:53,0.95,100,215450
20240105,09:56:54,0.95,100,215450
20240105,09:56:55,0.95,50,215450
20240105,09:56:56,0.95,100,215450
20240105,09:56:57,0.95,100,215450
20240105,09:56:58,0.95,100,215450
20240105,09:56:59,0.95,100,215450
20240105,09:57:00,0.95,100,215450
20240105,09:57:01,0.95,100,215450
20240105,09:57:02,0.95,100,215450
20240105,09:57:03,0.95,100,215450
20240105,09:57:12,0.95,1000,215450
20240105,09:57:18,0.9,1000,215450
20240105,09:57:21,0.95,50,215450
20240105,09:57:28,0.9,250,215450
20240105,09:58:01,0.9,50,215450
20240105,09:58:08,0.95,100,215450
20240105,09:58:09,0.95,50,215450
20240105,09:58:10,0.95,100,215450
20240105,09:58:11,0.95,50,215450
20240105,09:58:41,0.95,50,215450
20240105,09:58:42,0.95,100,215450
20240105,09:58:43,0.95,100,215450
20240105,09:58:44,0.95,100,215450
20240105,09:58:45,0.95,100,215450
20240105,09:58:46,0.95,100,215450
20240105,09:58:47,0.95,100,215450
20240105,09:58:48,0.95,100,215450
20240105,09:58:49,0.95,100,215450
20240105,09:58:50,0.95,100,215450
20240105,09:58:51,0.95,100,215450
20240105,09:58:52,0.95,100,215450
20240105,09:58:53,0.95,100,215450
20240105,09:58:54,0.95,100,215450
20240105,09:58:55,0.95,100,215450
20240105,09:58:56,0.95,50,215450
20240105,09:59:44,0.95,50,214700
20240105,10:00:08,0.95,50,214700
20240105,10:00:09,0.95,50,214700
20240105,10:00:10,0.95,100,214700
20240105,10:00:11,0.95,100,214700
20240105,10:00:12,0.95,100,214700
20240105,10:00:13,0.95,100,214700
20240105,10:00:14,0.95,100,214700
20240105,10:00:15,0.95,100,214700
20240105,10:00:16,0.95,100,214700
20240105,10:00:17,0.95,100,214700
20240105,10:00:18,0.95,100,214700
20240105,10:00:19,0.95,100,214700
20240105,10:00:20,0.95,100,214700
20240105,10:00:21,0.95,100,214700
20240105,10:00:22,0.95,100,214700
20240105,10:00:23,0.95,100,214700
20240105,10:00:24,0.95,100,214700
20240105,10:00:59,0.95,50,214700
20240105,10:01:12,0.95,50,214700
20240105,10:01:20,0.95,50,214700
20240105,10:01:21,0.95,50,214700
20240105,10:01:22,0.95,100,214700
20240105,10:01:23,0.95,100,214700
20240105,10:01:24,0.95,100,214700
20240105,10:01:25,0.95,100,214700
20240105,10:01:26,0.95,100,214700
20240105,10:01:27,0.95,100,214700
20240105,10:01:28,0.95,100,214700
20240105,10:01:29,0.95,100,214700
20240105,10:01:30,0.95,100,214700
20240105,10:01:31,0.95,100,214700
20240105,10:01:32,0.95,100,214700
20240105,10:01:33,0.95,100,214700
20240105,10:01:35,0.95,100,214700
20240105,10:01:36,0.95,100,214700
20240105,10:01:37,0.95,100,214700
20240105,10:01:38,0.95,50,214700
20240105,10:01:39,0.9,50,214700
20240105,10:02:07,0.95,750,214700
20240105,10:02:11,0.95,50,214700
20240105,10:02:16,0.95,50,214700
20240105,10:02:22,0.95,1800,214700
20240105,10:02:31,0.95,50,214700
20240105,10:02:32,0.95,50,214700
20240105,10:02:33,0.95,50,214700
20240105,10:02:34,0.95,100,214700
20240105,10:02:35,0.95,100,214700
20240105,10:02:36,0.95,100,214700
20240105,10:02:37,0.95,100,214700
20240105,10:02:38,0.95,200,214700
20240105,10:02:39,0.95,50,214700
20240105,10:02:40,0.95,150,214700
20240105,10:02:41,0.95,100,214700
20240105,10:02:42,0.95,250,214700
20240105,10:02:43,0.95,50,214700
20240105,10:02:44,0.95,100,214700
20240105,10:02:45,0.95,100,214700
20240105,10:02:46,0.95,100,214700
20240105,10:02:47,0.95,100,214700
20240105,10:02:48,0.95,150,214700
20240105,10:02:49,0.95,100,214700
20240105,10:02:50,0.95,100,214700
20240105,10:02:51,0.95,100,214700
20240105,10:02:52,0.95,100,214700
20240105,10:02:53,0.95,100,214700
20240105,10:02:54,0.95,100,214700
20240105,10:02:55,0.95,100,214700
20240105,10:02:56,0.95,100,214700
20240105,10:02:57,0.95,50,214700
20240105,10:02:58,0.95,50,214700
20240105,10:02:59,0.95,100,214700
20240105,10:03:00,0.95,100,214700
20240105,10:03:01,0.95,100,214700
20240105,10:03:02,0.95,100,214700
20240105,10:03:03,0.95,50,214700
20240105,10:03:04,0.95,50,214700
20240105,10:03:06,0.95,100,214700
20240105,10:03:07,0.95,100,214700
20240105,10:03:08,0.95,100,214700
20240105,10:03:09,0.95,100,214700
20240105,10:03:10,0.95,150,214700
20240105,10:03:11,0.95,50,214700
20240105,10:03:12,0.95,100,214700
20240105,10:03:13,0.95,100,214700
20240105,10:03:14,0.95,100,214700
20240105,10:03:15,0.95,50,214700
20240105,10:03:16,0.95,150,214700
20240105,10:03:17,0.95,100,214700
20240105,10:03:18,0.95,150,214700
20240105,10:03:20,0.95,100,214700
20240105,10:03:21,0.95,150,214700
20240105,10:03:22,0.95,100,214700
20240105,10:03:23,0.95,50,214700
20240105,10:03:24,0.95,100,214700
20240105,10:03:25,0.95,150,214700
20240105,10:03:26,0.95,100,214700
20240105,10:03:27,0.95,100,214700
20240105,10:03:28,0.95,100,214700
20240105,10:03:29,0.95,100,214700
20240105,10:03:30,0.95,100,214700
20240105,10:03:31,0.95,100,214700
20240105,10:03:32,0.95,100,214700
20240105,10:03:33,0.95,50,214700
20240105,10:03:34,0.95,50,214700
20240105,10:03:35,0.95,100,214700
20240105,10:03:36,0.95,100,214700
20240105,10:03:37,0.95,100,214700
20240105,10:03:38,0.95,100,214700
20240105,10:03:39,0.95,100,214700
20240105,10:03:40,0.95,100,214700
20240105,10:03:41,0.95,100,214700
20240105,10:03:42,0.95,100,214700
20240105,10:03:43,0.95,100,214700
20240105,10:03:44,0.95,100,214700
20240105,10:03:45,0.95,100,214700
20240105,10:03:46,0.95,100,214700
20240105,10:03:47,0.95,100,214700
20240105,10:03:48,0.95,100,214700
20240105,10:03:49,0.95,100,214700
20240105,10:03:50,0.95,100,214700
20240105,10:03:51,0.95,100,214700
20240105,10:03:52,0.95,100,214700
20240105,10:03:53,0.95,50,214700
20240105,10:03:54,0.95,100,214700
20240105,10:03:55,0.95,100,214700
20240105,10:03:56,0.95,100,214700
20240105,10:03:57,0.95,50,214700
20240105,10:04:06,0.95,50,214700
20240105,10:04:18,0.9,1000,214700
20240105,10:04:19,0.9,2050,214700
20240105,10:04:20,0.9,2500,214700
20240105,10:04:21,0.9,2000,214700
20240105,10:04:22,0.9,3000,214700
20240105,10:04:23,0.9,2500,214700
20240105,10:04:24,0.9,3000,214700
20240105,10:04:25,0.9,4850,214700
20240105,10:04:26,0.9,17800,214700
20240105,10:04:27,0.9,100,214700
20240105,10:04:28,0.9,200,214700
20240105,10:04:29,0.9,100,214700
20240105,10:04:30,0.9,150,214700
20240105,10:04:31,0.9,50,214700
20240105,10:04:32,0.85,1100,214700
20240105,10:04:33,0.9,100,214700
20240105,10:04:34,0.9,1100,214700
20240105,10:04:35,0.9,50,214700
20240105,10:04:36,0.9,100,214700
20240105,10:04:37,0.9,1100,214700
20240105,10:04:38,0.9,100,214700
20240105,10:04:39,0.9,1100,214700
20240105,10:04:40,0.9,100,214700
20240105,10:04:41,0.9,100,214700
20240105,10:04:42,0.9,100,214700
20240105,10:04:44,0.9,50,214700
20240105,10:05:07,0.9,50,214700
20240105,10:05:08,0.9,100,214700
20240105,10:05:09,0.9,100,214700
20240105,10:05:10,0.9,150,214700
20240105,10:05:11,0.9,100,214700
20240105,10:05:12,0.9,50,214700
20240105,10:05:13,0.9,100,214700
20240105,10:05:14,0.9,100,214700
20240105,10:05:15,0.9,150,214700
20240105,10:05:16,0.9,100,214700
20240105,10:05:17,0.9,100,214700
20240105,10:05:19,0.9,50,214700
20240105,10:05:20,0.9,100,214700
20240105,10:05:21,0.9,100,214700
20240105,10:05:22,0.9,100,214850
20240105,10:05:23,0.9,150,214850
20240105,10:05:24,0.9,50,214850
20240105,10:05:25,0.9,50,214850
20240105,10:05:26,0.9,100,214850
20240105,10:05:27,0.9,100,214850
20240105,10:05:28,0.9,100,214850
20240105,10:05:29,0.9,100,214850
20240105,10:05:30,0.9,100,214850
20240105,10:05:31,0.9,100,214850
20240105,10:05:33,0.9,100,214850
20240105,10:05:33,0.9,50,214850
20240105,10:05:34,0.9,100,214850
20240105,10:05:35,0.9,150,214850
20240105,10:05:36,0.9,100,214850
20240105,10:05:37,0.9,50,214850
20240105,10:05:38,0.9,100,214850
20240105,10:05:39,0.9,1900,214850
20240105,10:05:40,0.9,10100,214850
20240105,10:05:42,0.9,33150,214850
20240105,10:05:43,0.95,1900,214850
20240105,10:05:44,0.95,100,214850
20240105,10:05:45,0.95,100,214850
20240105,10:05:46,0.95,100,214850
20240105,10:05:47,0.95,150,214850
20240105,10:05:49,0.95,100,214850
20240105,10:05:50,0.95,100,214850
20240105,10:05:50,0.95,50,214850
20240105,10:05:51,0.95,100,214850
20240105,10:05:52,0.95,150,214850
20240105,10:05:54,0.95,100,214850
20240105,10:05:54,0.95,50,214850
20240105,10:05:55,0.95,100,214850
20240105,10:05:56,0.95,100,214850
20240105,10:05:58,0.95,100,214850
20240105,10:06:00,0.95,100,214850
20240105,10:06:01,0.95,100,214850
20240105,10:06:02,0.95,100,214850
20240105,10:06:04,0.95,100,214850
20240105,10:06:05,0.95,100,214850
20240105,10:06:06,0.95,100,214850
20240105,10:06:06,0.95,50,214850
20240105,10:06:07,0.95,100,214850
20240105,10:06:08,0.95,100,214850
20240105,10:06:09,0.95,100,214850
20240105,10:06:10,0.95,100,214850
20240105,10:06:12,0.95,150,214850
20240105,10:06:12,0.95,50,214850
20240105,10:06:13,0.95,100,214850
20240105,10:06:14,0.95,100,214850
20240105,10:06:34,0.95,50,214850
20240105,10:06:36,0.95,50,214850
20240105,10:06:57,0.95,50,214850
20240105,10:06:58,0.95,50,214850
20240105,10:06:58,0.95,150,214850
20240105,10:07:00,0.95,100,214850
20240105,10:07:01,0.95,100,214850
20240105,10:07:02,0.95,100,214850
20240105,10:07:02,0.95,50,214850
20240105,10:07:03,0.95,150,214850
20240105,10:07:04,0.95,50,214850
20240105,10:07:06,0.95,150,214850
20240105,10:07:07,0.95,200,214850
20240105,10:07:07,0.95,100,214850
20240105,10:07:08,0.95,200,214850
20240105,10:07:09,0.95,200,214850
20240105,10:07:10,0.95,250,214850
20240105,10:07:12,0.95,250,214850
20240105,10:07:12,0.95,100,214850
20240105,10:07:13,0.95,200,214850
20240105,10:07:14,0.95,100,214850
20240105,10:07:16,0.95,150,214850
20240105,10:07:17,0.95,100,214850
20240105,10:07:17,0.95,50,214850
20240105,10:07:19,0.95,50,214850
20240105,10:07:20,0.95,100,214850
20240105,10:07:21,0.95,100,214850
20240105,10:07:22,0.95,100,214850
20240105,10:07:23,0.95,100,214850
20240105,10:07:24,0.95,100,214850
20240105,10:07:25,0.95,100,214850
20240105,10:07:26,0.95,100,214850
20240105,10:07:27,0.95,100,214850
20240105,10:07:28,0.95,100,214850
20240105,10:07:29,0.95,100,214850
20240105,10:07:30,0.95,100,214850
20240105,10:07:31,0.95,150,214850
20240105,10:07:32,0.95,50,214850
20240105,10:07:33,0.95,100,214850
20240105,10:07:34,0.95,100,214850
20240105,10:07:35,0.95,100,214850
20240105,10:07:36,0.95,100,214850
20240105,10:07:37,0.95,100,214850
20240105,10:07:38,0.95,100,214850
20240105,10:07:39,0.95,100,214850
20240105,10:07:40,0.95,100,214850
20240105,10:07:41,0.95,100,214850
20240105,10:07:42,0.95,100,214850
20240105,10:07:43,0.95,100,214850
20240105,10:07:44,0.95,100,214850
20240105,10:07:45,0.95,100,214850
20240105,10:07:46,0.95,100,214850
20240105,10:07:47,0.95,100,214850
20240105,10:07:49,0.95,100,214850
20240105,10:07:50,0.95,100,214850
20240105,10:07:51,0.95,200,214850
20240105,10:07:52,0.95,200,214850
20240105,10:07:53,0.95,200,214850
20240105,10:07:54,0.95,200,214850
20240105,10:07:55,0.95,200,214850
20240105,10:07:56,0.95,150,214850
20240105,10:07:57,0.95,100,214850
20240105,10:07:58,0.95,100,214850
20240105,10:07:59,0.95,100,214850
20240105,10:08:00,0.95,100,214850
20240105,10:08:01,0.95,100,214850
20240105,10:08:02,0.95,100,214850
20240105,10:08:03,0.95,100,214850
20240105,10:08:04,0.95,100,214850
20240105,10:08:05,0.95,100,214850
20240105,10:08:06,0.95,100,214850
20240105,10:08:07,0.95,100,214850
20240105,10:08:08,0.95,50,214850
20240105,10:08:27,0.95,1800,214050
20240105,10:08:44,0.95,50,214050
20240105,10:09:30,0.95,100,214050
20240105,10:09:31,0.95,100,214050
20240105,10:09:32,0.95,150,214050
20240105,10:09:33,0.95,100,214050
20240105,10:09:34,0.95,100,214050
20240105,10:09:35,0.95,100,214050
20240105,10:09:36,0.95,100,214050
20240105,10:09:37,0.95,100,214050
20240105,10:09:38,0.95,100,214050
20240105,10:09:39,0.95,100,214050
20240105,10:09:41,0.95,100,214050
20240105,10:09:42,0.95,100,214050
20240105,10:09:43,0.95,100,214050
20240105,10:09:44,0.95,100,214050
20240105,10:09:45,0.95,300,214050
20240105,10:09:46,0.95,100,214050
20240105,10:09:47,0.95,100,214050
20240105,10:09:49,0.95,100,214050
20240105,10:09:49,0.95,200,214050
20240105,10:09:50,0.95,200,214050
20240105,10:09:51,0.95,200,214050
20240105,10:09:52,0.95,200,214050
20240105,10:09:53,0.95,200,214050
20240105,10:09:54,0.95,200,214050
20240105,10:09:55,0.95,200,214050
20240105,10:09:56,0.95,200,214050
20240105,10:09:57,0.95,200,214050
20240105,10:09:58,0.95,200,214050
20240105,10:09:59,0.95,1700,214050
20240105,10:10:00,0.95,1700,214050
20240105,10:10:01,0.95,100,214050
20240105,10:10:02,0.95,200,214050
20240105,10:10:04,0.95,200,214050
20240105,10:10:05,0.95,3200,214050
20240105,10:10:06,0.95,200,214050
20240105,10:10:07,0.95,100,214050
20240105,10:10:08,0.95,1600,214050
20240105,10:10:09,0.95,1600,214050
20240105,10:10:10,0.9,1800,214050
20240105,10:10:11,0.95,100,214050
20240105,10:10:12,0.95,100,214050
20240105,10:10:13,0.95,150,214050
20240105,10:10:14,0.95,100,214050
20240105,10:10:15,0.95,100,214050
20240105,10:10:16,0.95,100,214050
20240105,10:10:17,0.95,100,214050
20240105,10:10:18,0.95,100,214050
20240105,10:10:19,0.95,1850,214050
20240105,10:10:20,0.95,100,214050
20240105,10:10:21,0.95,100,214050
20240105,10:10:22,0.95,100,214050
20240105,10:10:23,0.95,100,214050
20240105,10:10:24,0.95,100,214050
20240105,10:10:25,0.95,100,214050
20240105,10:10:26,0.95,100,214050
20240105,10:10:27,0.95,100,214050
20240105,10:10:28,0.95,100,214050
20240105,10:10:29,0.95,100,214050
20240105,10:10:30,0.95,100,214050
20240105,10:10:31,0.95,50,214050
20240105,10:10:32,0.95,150,214050
20240105,10:10:33,0.95,100,214050
20240105,10:10:34,0.95,100,214050
20240105,10:10:35,0.95,50,214050
20240105,10:10:36,0.95,150,214050
20240105,10:10:37,0.95,100,214050
20240105,10:10:38,0.95,100,214050
20240105,10:10:49,0.9,50,214050
20240105,10:11:01,0.95,50,214050
20240105,10:11:11,0.95,50,214050
20240105,10:11:23,0.95,50,219650
20240105,10:11:24,0.95,50,219650
20240105,10:11:25,0.95,100,219650
20240105,10:11:26,0.95,200,219650
20240105,10:11:27,0.95,200,219650
20240105,10:11:29,0.95,200,219650
20240105,10:11:30,0.95,200,219650
20240105,10:11:31,0.95,200,219650
20240105,10:11:32,0.95,200,219650
20240105,10:11:33,0.95,200,219650
20240105,10:11:34,0.95,400,219650
20240105,10:11:35,0.95,200,219650
20240105,10:11:36,0.95,200,219650
20240105,10:11:37,0.95,200,219650
20240105,10:11:38,0.95,200,219650
20240105,10:11:39,0.95,200,219650
20240105,10:11:40,0.95,150,219650
20240105,10:11:41,0.95,150,219650
20240105,10:11:42,0.95,200,219650
20240105,10:11:43,0.95,200,219650
20240105,10:11:44,0.95,200,219650
20240105,10:11:45,0.95,200,219650
20240105,10:11:46,0.95,100,219650
20240105,10:11:47,0.95,100,219650
20240105,10:11:48,0.95,100,219650
20240105,10:11:49,0.95,100,219650
20240105,10:11:50,0.95,100,219650
20240105,10:11:51,0.95,100,219650
20240105,10:11:52,0.95,100,219650
20240105,10:11:53,0.95,100,219650
20240105,10:11:54,0.95,150,219650
20240105,10:11:55,0.95,100,219650
20240105,10:11:56,0.95,100,219650
20240105,10:11:57,0.95,100,219650
20240105,10:11:58,0.95,100,219650
20240105,10:11:59,0.95,100,219650
20240105,10:12:00,0.95,100,219650
20240105,10:12:01,0.95,100,219650
20240105,10:12:02,0.95,100,219650
20240105,10:12:03,0.95,100,219650
20240105,10:12:04,0.95,100,219650
20240105,10:12:05,0.95,100,219650
20240105,10:12:06,0.95,100,219650
20240105,10:12:07,0.95,100,219650
20240105,10:12:08,0.95,100,219650
20240105,10:12:09,0.95,100,219650
20240105,10:12:10,0.95,1550,219650
20240105,10:12:11,0.95,1600,219650
20240105,10:12:12,0.95,3100,219650
20240105,10:12:13,0.95,1600,219650
20240105,10:12:14,0.95,1700,219650
20240105,10:12:15,0.95,1700,219650
20240105,10:12:16,0.95,1650,219650
20240105,10:12:17,0.95,3400,219650
20240105,10:12:18,0.95,1900,219650
20240105,10:12:19,0.95,3700,219650
20240105,10:12:20,0.95,8400,219650
20240105,10:12:21,0.95,3000,219650
20240105,10:12:22,0.95,2600,219650
20240105,10:12:23,0.95,10600,219650
20240105,10:12:24,0.9,600,219650
20240105,10:12:25,0.95,100,219650
20240105,10:12:26,0.95,1900,219650
20240105,10:12:27,0.95,100,219650
20240105,10:12:28,0.95,100,219650
20240105,10:12:29,0.95,100,219650
20240105,10:12:30,0.95,100,219650
20240105,10:12:31,0.95,100,219650
20240105,10:12:32,0.95,100,219650
20240105,10:12:33,0.95,100,219650
20240105,10:12:34,0.95,50,219650
20240105,10:12:35,0.95,100,219650
20240105,10:12:48,0.95,50,219650
20240105,10:12:55,0.95,50,219650
20240105,10:13:05,0.95,50,219650
20240105,10:13:06,0.95,50,219650
20240105,10:13:07,0.95,100,219650
20240105,10:13:08,0.95,300,219650
20240105,10:13:09,0.95,100,219650
20240105,10:13:10,0.95,50,219650
20240105,10:13:11,0.95,150,219650
20240105,10:13:12,0.95,100,219650
20240105,10:13:13,0.95,50,219650
20240105,10:13:14,0.95,100,219650
20240105,10:13:15,0.95,3000,219650
20240105,10:13:16,1.0,3150,219650
20240105,10:13:17,0.95,3000,219650
20240105,10:13:48,1.0,100,219650
20240105,10:13:49,1.0,100,219650
20240105,10:13:50,1.0,100,219650
20240105,10:13:51,1.0,2200,219650
20240105,10:13:52,1.0,300,219650
20240105,10:13:53,1.0,100,219650
20240105,10:13:54,1.0,200,219650
20240105,10:13:55,1.0,200,219650
20240105,10:13:56,1.0,100,219650
20240105,10:13:57,1.0,150,219650
20240105,10:13:58,1.0,150,219650
20240105,10:13:59,0.95,350,219650
20240105,10:14:00,1.0,50,219650
20240105,10:14:01,1.0,100,219650
20240105,10:14:02,1.0,100,219650
20240105,10:14:03,1.0,100,219650
20240105,10:14:04,1.0,300,219650
20240105,10:14:05,1.0,150,219650
20240105,10:14:06,1.0,50,219650
20240105,10:14:07,1.0,100,219650
20240105,10:14:08,1.0,100,219650
20240105,10:14:09,1.0,100,219650
20240105,10:14:10,1.0,150,219650
20240105,10:14:11,1.0,50,219650
20240105,10:14:12,1.0,100,219650
20240105,10:14:13,1.0,100,219650
20240105,10:14:14,1.0,50,219650
20240105,10:14:15,1.0,100,219650
20240105,10:14:16,1.0,100,219650
20240105,10:14:17,1.0,200,219650
20240105,10:14:18,1.0,100,219650
20240105,10:14:19,1.0,100,219650
20240105,10:14:20,1.0,1900,219650
20240105,10:14:21,1.0,100,219650
20240105,10:14:22,1.0,50,219650
20240105,10:14:23,1.0,200,234550
20240105,10:14:24,1.0,100,234550
20240105,10:14:25,1.0,50,234550
20240105,10:14:26,1.0,100,234550
20240105,10:14:27,1.0,100,234550
20240105,10:14:28,1.0,100,234550
20240105,10:14:29,1.0,100,234550
20240105,10:14:30,1.0,100,234550
20240105,10:14:31,1.0,100,234550
20240105,10:14:32,1.0,100,234550
20240105,10:14:33,1.0,100,234550
20240105,10:14:34,1.0,100,234550
20240105,10:14:35,1.0,100,234550
20240105,10:14:36,1.0,100,234550
20240105,10:14:37,1.0,50,234550
20240105,10:14:38,1.0,50,234550
20240105,10:14:39,1.0,100,234550
20240105,10:14:40,1.0,50,234550
20240105,10:14:47,1.0,50,234550
20240105,10:14:48,1.0,100,234550
20240105,10:14:49,0.95,250,234550
20240105,10:14:50,1.0,100,234550
20240105,10:14:51,1.0,100,234550
20240105,10:14:52,1.0,100,234550
20240105,10:14:53,1.0,100,234550
20240105,10:14:54,1.0,100,234550
20240105,10:14:55,1.0,100,234550
20240105,10:14:56,1.0,1900,234550
20240105,10:14:57,1.0,100,234550
20240105,10:14:58,1.0,100,234550
20240105,10:14:59,1.0,100,234550
20240105,10:15:00,1.0,100,234550
20240105,10:15:01,1.0,100,234550
20240105,10:15:06,1.0,50,234550
20240105,10:15:10,0.95,200,234550
20240105,10:15:21,1.0,50,234550
20240105,10:15:22,1.0,100,234550
20240105,10:15:23,1.0,100,234550
20240105,10:15:24,1.0,100,234550
20240105,10:15:25,1.0,100,234550
20240105,10:15:26,1.0,150,234550
20240105,10:15:27,1.0,100,234550
20240105,10:15:28,1.0,100,234550
20240105,10:15:29,1.0,100,234550
20240105,10:15:30,1.0,100,234550
20240105,10:15:31,1.0,100,234550
20240105,10:15:32,1.0,100,234550
20240105,10:15:33,1.0,100,234550
20240105,10:15:34,1.0,100,234550
20240105,10:15:35,1.0,100,234550
20240105,10:15:36,1.0,100,234550
20240105,10:15:37,1.0,100,234550
20240105,10:15:38,1.0,200,234550
20240105,10:15:39,1.0,200,234550
20240105,10:15:40,1.0,200,234550
20240105,10:15:41,1.0,150,234550
20240105,10:15:42,1.0,200,234550
20240105,10:15:43,1.0,100,234550
20240105,10:15:44,1.0,100,234550
20240105,10:15:45,1.0,100,234550
20240105,10:15:46,1.0,100,234550
20240105,10:15:47,1.0,100,234550
20240105,10:15:48,1.0,100,234550
20240105,10:15:49,1.0,150,234550
20240105,10:15:50,1.0,200,234550
20240105,10:15:51,1.0,200,234550
20240105,10:15:52,1.0,600,234550
20240105,10:15:53,1.0,100,234550
20240105,10:15:54,1.0,100,234550
20240105,10:15:55,1.0,100,234550
20240105,10:15:56,1.0,100,234550
20240105,10:15:57,1.0,100,234550
20240105,10:15:58,1.0,100,234550
20240105,10:16:08,0.95,150,234550
20240105,10:16:09,0.95,1000,234550
20240105,10:16:10,0.95,1800,234550
20240105,10:16:11,0.95,9000,234550
20240105,10:16:12,0.95,11100,234550
20240105,10:16:13,0.95,100,234550
20240105,10:16:14,0.95,100,234550
20240105,10:16:15,0.95,100,234550
20240105,10:16:16,0.95,100,234550
20240105,10:16:17,0.95,100,234550
20240105,10:16:18,0.95,100,234550
20240105,10:16:19,0.95,100,234550
20240105,10:16:20,0.95,300,234550
20240105,10:16:21,0.95,100,234550
20240105,10:16:22,0.95,100,234550
20240105,10:16:23,0.95,100,234550
20240105,10:16:24,0.95,150,234550
20240105,10:16:25,0.95,100,234550
20240105,10:16:26,0.95,100,234550
20240105,10:16:27,0.95,100,234550
20240105,10:16:28,0.95,100,234550
20240105,10:16:29,0.95,50,234550
20240105,10:16:31,0.95,50,234550
20240105,10:16:33,0.95,50,234550
20240105,10:16:49,0.95,50,234550
20240105,10:16:51,0.95,100,234550
20240105,10:16:52,0.95,100,234550
20240105,10:16:53,0.95,100,234550
20240105,10:16:55,0.95,100,234550
20240105,10:16:55,0.95,50,234550
20240105,10:16:56,0.95,150,234550
20240105,10:16:57,0.95,100,234550
20240105,10:16:59,0.95,100,234550
20240105,10:17:00,0.95,150,234550
20240105,10:17:00,0.95,50,234550
20240105,10:17:01,0.95,100,234550
20240105,10:17:02,0.95,150,234550
20240105,10:17:04,0.95,50,234550
20240105,10:17:06,0.95,150,234550
20240105,10:17:06,0.95,50,234550
20240105,10:17:07,0.95,100,234550
20240105,10:17:08,0.95,100,234550
20240105,10:17:10,0.95,1900,234550
20240105,10:17:11,0.95,100,234550
20240105,10:17:11,0.95,22550,234550
20240105,10:17:15,1.0,100,234550
20240105,10:17:15,1.0,50,234550
20240105,10:17:16,1.0,150,234550
20240105,10:17:18,1.0,100,234550
20240105,10:17:19,1.0,100,234550
20240105,10:17:20,1.0,50,234550
20240105,10:17:32,0.95,200,228100
20240105,10:17:36,1.0,50,228100
20240105,10:17:37,1.0,100,228100
20240105,10:17:39,1.0,100,228100
20240105,10:17:40,1.0,100,228100
20240105,10:17:41,1.0,150,228100
20240105,10:17:41,1.0,50,228100
20240105,10:17:42,1.0,50,228100
20240105,10:17:43,1.0,150,228100
20240105,10:17:44,1.0,50,228100
20240105,10:17:45,1.0,100,228100
20240105,10:17:46,1.0,100,228100
20240105,10:17:47,1.0,150,228100
20240105,10:17:48,1.0,200,228100
20240105,10:17:49,1.0,200,228100
20240105,10:17:50,0.95,150,228100
20240105,10:17:51,1.0,100,228100
20240105,10:17:52,1.0,100,228100
20240105,10:17:54,1.0,250,228100
20240105,10:17:54,1.0,50,228100
20240105,10:17:55,1.0,50,228100
20240105,10:17:56,0.95,50,228100
20240105,10:18:17,0.95,200,228100
20240105,10:18:21,0.95,300,228100
20240105,10:18:25,0.95,250,228100
20240105,10:18:41,0.95,200,228100
20240105,10:18:48,0.95,3600,228100
20240105,10:18:58,0.95,250,228100
20240105,10:18:59,0.95,800,228100
20240105,10:19:00,0.95,200,228100
20240105,10:19:02,0.95,800,228100
20240105,10:19:03,0.95,6500,228100
20240105,10:19:04,0.95,150,228100
20240105,10:19:05,0.95,100,228100
20240105,10:19:06,0.95,100,228100
20240105,10:19:07,0.95,100,228100
20240105,10:19:08,0.95,150,228100
20240105,10:19:09,0.95,100,228100
20240105,10:19:10,0.95,100,228100
20240105,10:19:11,0.95,100,228100
20240105,10:19:12,0.95,100,228100
20240105,10:19:13,0.95,100,228100
20240105,10:19:14,0.95,100,228100
20240105,10:19:15,0.95,300,228100
20240105,10:19:16,0.95,150,228100
20240105,10:19:17,0.95,100,228100
20240105,10:19:18,0.95,100,228100
20240105,10:19:19,0.95,100,228100
20240105,10:19:20,0.95,100,228100
20240105,10:19:21,0.95,100,228100
20240105,10:19:22,0.95,100,228100
20240105,10:19:23,0.95,100,228100
20240105,10:19:24,0.95,200,228100
20240105,10:19:26,0.95,200,228100
20240105,10:19:27,0.95,200,228100
20240105,10:19:29,0.95,200,228100
20240105,10:19:30,0.95,200,228100
20240105,10:19:30,0.95,100,228100
20240105,10:19:31,0.95,200,228100
20240105,10:19:33,0.95,300,228100
20240105,10:19:34,0.95,200,228100
20240105,10:19:34,0.95,100,228100
20240105,10:19:35,0.95,200,228100
20240105,10:19:37,0.95,300,228100
20240105,10:19:38,0.95,350,228100
20240105,10:19:38,0.95,50,228100
20240105,10:19:39,0.95,100,228100
20240105,10:19:41,0.95,100,228100
20240105,10:19:42,0.95,150,228100
20240105,10:19:42,0.95,50,228100
20240105,10:19:43,0.95,100,228100
20240105,10:19:44,0.95,100,228100
20240105,10:19:45,0.95,100,228100
20240105,10:19:46,0.95,100,228100
20240105,10:19:47,0.95,100,228100
20240105,10:19:48,0.95,100,228100
20240105,10:19:50,0.95,100,228100
20240105,10:19:51,0.95,150,228100
20240105,10:19:52,0.95,100,228100
20240105,10:19:53,0.95,100,228100
20240105,10:19:54,0.95,50,228100
20240105,10:19:57,0.9,200,228100
20240105,10:20:08,0.95,400,228100
20240105,10:20:13,0.95,500,228100
20240105,10:20:17,0.95,200,228100
20240105,10:20:28,0.95,200,227550
20240105,10:20:28,0.95,50,227550
20240105,10:20:29,0.95,100,227550
20240105,10:20:30,0.95,100,227550
20240105,10:20:31,0.95,100,227550
20240105,10:20:32,0.95,100,227550
20240105,10:20:33,0.95,100,227550
20240105,10:20:34,0.95,100,227550
20240105,10:20:35,0.95,100,227550
20240105,10:20:36,0.95,100,227550
20240105,10:20:37,0.95,100,227550
20240105,10:20:38,0.95,1900,227550
20240105,10:20:39,0.95,100,227550
20240105,10:20:40,0.95,1900,227550
20240105,10:20:41,0.95,100,227550
20240105,10:20:42,0.95,100,227550
20240105,10:20:43,0.95,100,227550
20240105,10:20:44,0.95,100,227550
20240105,10:20:45,0.95,100,227550
20240105,10:20:46,0.95,100,227550
20240105,10:20:47,0.95,100,227550
20240105,10:20:49,0.95,50,227550
20240105,10:20:50,0.95,50,227550
20240105,10:20:51,0.95,100,227550
20240105,10:20:52,0.95,100,227550
20240105,10:20:53,0.95,100,227550
20240105,10:20:54,0.95,100,227550
20240105,10:20:55,0.95,100,227550
20240105,10:20:56,0.95,100,227550
20240105,10:20:57,0.95,100,227550
20240105,10:20:58,0.95,100,227550
20240105,10:20:59,0.95,100,227550
20240105,10:21:00,0.95,150,227550
20240105,10:21:01,0.95,100,227550
20240105,10:21:02,0.95,50,227550
20240105,10:21:10,0.95,50,227550
20240105,10:21:11,0.95,50,227550
20240105,10:21:40,0.95,50,227550
20240105,10:21:46,0.95,50,227550
20240105,10:21:47,0.95,100,227550
20240105,10:21:48,0.95,200,227550
20240105,10:21:49,0.95,200,227550
20240105,10:21:50,0.95,250,227550
20240105,10:21:51,0.95,150,227550
20240105,10:21:52,0.95,12850,227550
20240105,10:21:53,1.0,200,227550
20240105,10:21:54,1.0,300,227550
20240105,10:21:55,1.0,250,227550
20240105,10:21:56,1.0,100,227550
20240105,10:21:57,1.0,250,227550
20240105,10:21:58,1.0,150,227550
20240105,10:21:59,1.0,250,227550
20240105,10:22:00,1.0,200,227550
20240105,10:22:01,1.0,250,227550
20240105,10:22:02,1.0,100,227550
20240105,10:22:03,1.0,200,227550
20240105,10:22:04,1.0,200,227550
20240105,10:22:05,1.0,200,227550
20240105,10:22:06,1.0,150,227550
20240105,10:22:07,1.0,150,227550
20240105,10:22:08,1.0,200,227550
20240105,10:22:09,1.0,300,227550
20240105,10:22:10,1.0,100,227550
20240105,10:22:11,1.0,200,227550
20240105,10:22:12,1.0,300,227550
20240105,10:22:13,1.0,200,227550
20240105,10:22:14,1.0,150,227550
20240105,10:22:15,1.0,200,227550
20240105,10:22:16,1.0,300,227550
20240105,10:22:17,1.0,200,227550
20240105,10:22:18,1.0,100,227550
20240105,10:22:19,1.0,200,227550
20240105,10:22:20,1.0,200,227550
20240105,10:22:21,1.0,150,227550
20240105,10:22:22,1.0,150,227550
20240105,10:22:23,1.0,50,227550
20240105,10:22:24,1.0,100,227550
20240105,10:22:25,1.0,100,227550
20240105,10:22:26,1.0,150,227550
20240105,10:22:27,1.0,50,227550
20240105,10:22:28,1.0,100,227550
20240105,10:22:29,1.0,150,227550
20240105,10:22:30,1.0,100,227550
20240105,10:22:31,1.0,100,227550
20240105,10:22:32,1.0,100,227550
20240105,10:22:33,1.0,100,227550
20240105,10:22:34,1.0,100,227550
20240105,10:22:35,1.0,100,227550
20240105,10:22:36,1.0,100,227550
20240105,10:22:37,1.0,50,227550
20240105,10:22:38,1.0,100,227550
20240105,10:22:39,1.0,150,227550
20240105,10:22:54,1.0,50,227550
20240105,10:22:55,1.0,50,227550
20240105,10:22:56,1.0,100,227550
20240105,10:22:57,1.0,100,227550
20240105,10:22:58,1.0,100,227550
20240105,10:22:59,1.0,100,227550
20240105,10:23:00,1.0,100,227550
20240105,10:23:01,1.0,100,227550
20240105,10:23:02,1.0,50,227550
20240105,10:23:03,1.0,100,227550
20240105,10:23:04,1.0,100,227550
20240105,10:23:05,1.0,650,227550
20240105,10:23:06,1.0,100,227550
20240105,10:23:07,1.0,150,227550
20240105,10:23:08,1.0,50,227550
20240105,10:23:09,1.0,100,227550
20240105,10:23:10,1.0,100,227550
20240105,10:23:11,1.0,150,227550
20240105,10:23:12,1.0,100,227550
20240105,10:23:13,1.0,50,227550
20240105,10:23:14,1.0,100,227550
20240105,10:23:15,1.0,100,227550
20240105,10:23:16,1.0,200,227550
20240105,10:23:17,1.0,50,227550
20240105,10:23:18,1.0,100,227550
20240105,10:23:19,1.0,350,227550
20240105,10:23:20,1.0,100,227550
20240105,10:23:21,1.0,100,227550
20240105,10:23:22,1.0,100,227550
20240105,10:23:23,1.0,100,227550
20240105,10:23:24,1.0,100,227550
20240105,10:23:25,1.0,100,232000
20240105,10:23:26,1.0,100,232000
20240105,10:23:27,1.0,100,232000
20240105,10:23:28,1.0,100,232000
20240105,10:23:29,1.0,100,232000
20240105,10:23:30,1.0,50,232000
20240105,10:23:31,1.0,200,232000
20240105,10:23:36,1.0,50,232000
20240105,10:23:37,1.0,100,232000
20240105,10:23:38,1.0,300,232000
20240105,10:23:39,1.0,100,232000
20240105,10:23:40,1.0,100,232000
20240105,10:23:41,1.0,100,232000
20240105,10:23:42,1.0,100,232000
20240105,10:23:43,1.0,100,232000
20240105,10:23:44,1.0,100,232000
20240105,10:23:45,1.0,100,232000
20240105,10:23:46,1.0,100,232000
20240105,10:23:47,1.0,100,232000
20240105,10:23:48,1.0,100,232000
20240105,10:23:50,1.0,100,232000
20240105,10:23:51,1.0,100,232000
20240105,10:23:52,1.0,100,232000
20240105,10:23:53,1.0,100,232000
20240105,10:23:54,1.0,100,232000
20240105,10:23:55,1.0,100,232000
20240105,10:23:56,1.0,100,232000
20240105,10:23:57,1.0,100,232000
20240105,10:23:58,1.0,100,232000
20240105,10:23:59,1.0,100,232000
20240105,10:24:00,1.0,100,232000
20240105,10:24:01,1.0,100,232000
20240105,10:24:02,1.0,100,232000
20240105,10:24:03,1.0,100,232000
20240105,10:24:04,1.0,100,232000
20240105,10:24:05,1.0,100,232000
20240105,10:24:06,1.0,100,232000
20240105,10:24:07,1.0,300,232000
20240105,10:24:08,1.0,300,232000
20240105,10:24:09,1.0,100,232000
20240105,10:24:10,1.0,300,232000
20240105,10:24:11,1.0,300,232000
20240105,10:24:12,1.0,100,232000
20240105,10:24:13,1.0,300,232000
20240105,10:24:14,1.0,300,232000
20240105,10:24:15,1.0,100,232000
20240105,10:24:16,1.0,50,232000
20240105,10:24:17,1.0,300,232000
20240105,10:24:18,1.0,300,232000
20240105,10:24:19,1.0,100,232000
20240105,10:24:20,1.0,300,232000
20240105,10:24:21,1.0,300,232000
20240105,10:24:22,1.0,150,232000
20240105,10:24:23,1.0,300,232000
20240105,10:24:24,1.0,300,232000
20240105,10:24:25,1.0,100,232000
20240105,10:24:26,1.0,300,232000
20240105,10:24:27,1.0,300,232000
20240105,10:24:28,1.0,100,232000
20240105,10:24:29,1.0,300,232000
20240105,10:24:30,1.0,300,232000
20240105,10:24:31,1.0,100,232000
20240105,10:24:32,1.0,300,232000
20240105,10:24:33,1.0,300,232000
20240105,10:24:34,1.0,1900,232000
20240105,10:24:35,1.0,300,232000
20240105,10:24:36,1.0,300,232000
20240105,10:24:37,1.0,2150,232000
20240105,10:24:38,1.0,300,232000
20240105,10:24:39,1.0,300,232000
20240105,10:24:40,1.0,100,232000
20240105,10:24:41,1.0,300,232000
20240105,10:24:42,1.0,300,232000
20240105,10:24:43,1.0,100,232000
20240105,10:24:44,1.0,250,232000
20240105,10:24:45,1.0,300,232000
20240105,10:24:46,1.0,100,232000
20240105,10:24:47,1.0,300,232000
20240105,10:24:48,1.0,300,232000
20240105,10:24:49,1.0,2000,232000
20240105,10:24:50,1.0,300,232000
20240105,10:24:51,1.0,500,232000
20240105,10:24:52,1.0,100,232000
20240105,10:24:53,1.0,2100,232000
20240105,10:24:54,1.05,8750,232000
20240105,10:24:55,1.0,50,232000
20240105,10:24:56,1.0,50,232000
20240105,10:24:57,1.0,250,232000
20240105,10:24:58,1.0,50,232000
20240105,10:25:01,1.05,50,232000
20240105,10:25:12,1.05,50,232000
20240105,10:25:13,1.0,1300,232000
20240105,10:25:23,1.0,6800,232000
20240105,10:25:24,1.0,300,232000
20240105,10:25:25,1.0,300,232000
20240105,10:25:26,1.0,350,232000
20240105,10:25:28,1.0,100,232000
20240105,10:25:28,1.0,50,232000
20240105,10:25:29,1.0,300,232000
20240105,10:25:30,1.0,300,232000
20240105,10:25:31,1.0,100,232000
20240105,10:25:32,1.0,300,232000
20240105,10:25:33,1.0,350,232000
20240105,10:25:34,1.0,50,232000
20240105,10:25:35,1.0,300,232000
20240105,10:25:36,1.0,350,232000
20240105,10:25:37,1.0,300,232000
20240105,10:25:38,1.0,300,232000
20240105,10:25:40,1.0,50,232000
20240105,10:25:40,1.0,350,232000
20240105,10:25:41,1.0,400,232000
20240105,10:25:42,1.0,200,232000
20240105,10:25:43,1.0,400,232000
20240105,10:25:44,1.0,400,232000
20240105,10:25:45,1.0,250,232000
20240105,10:25:46,1.0,400,232000
20240105,10:25:47,1.0,400,232000
20240105,10:25:48,1.0,200,232000
20240105,10:25:49,1.0,400,232000
20240105,10:25:50,1.0,100,232000
20240105,10:25:51,1.0,450,232000
20240105,10:25:52,1.0,400,232000
20240105,10:25:53,1.0,400,232000
20240105,10:25:54,1.0,150,232000
20240105,10:25:55,1.0,450,232000
20240105,10:25:56,1.0,450,232000
20240105,10:25:57,1.0,150,232000
20240105,10:25:58,1.0,450,232000
20240105,10:26:00,1.0,400,232000
20240105,10:26:00,1.0,100,232000
20240105,10:26:01,1.0,600,232000
20240105,10:26:02,1.0,200,232000
20240105,10:26:03,1.0,200,232000
20240105,10:26:04,1.0,200,232000
20240105,10:26:05,1.0,200,232000
20240105,10:26:06,1.0,200,232000
20240105,10:26:08,1.0,200,232000
20240105,10:26:09,1.0,100,232000
20240105,10:26:09,1.0,50,232000
20240105,10:26:10,1.0,50,232000
20240105,10:26:11,1.0,150,232000
20240105,10:26:12,1.0,50,232000
20240105,10:26:13,1.0,100,232000
20240105,10:26:14,1.0,150,232000
20240105,10:26:22,1.0,250,232000
20240105,10:26:23,1.0,750,232000
20240105,10:26:24,1.0,250,232000
20240105,10:26:25,1.0,500,249250
20240105,10:26:26,1.0,500,249250
20240105,10:26:27,1.0,500,249250
20240105,10:26:28,1.0,500,249250
20240105,10:26:29,1.0,550,249250
20240105,10:26:30,1.0,500,249250
20240105,10:26:31,1.0,250,249250
20240105,10:26:56,1.0,50,249250
20240105,10:27:03,1.0,250,249250
20240105,10:27:04,1.0,500,249250
20240105,10:27:05,1.0,500,249250
20240105,10:27:06,1.0,500,249250
20240105,10:27:07,1.0,500,249250
20240105,10:27:08,1.0,500,249250
20240105,10:27:09,1.0,250,249250
20240105,10:27:13,1.0,50,249250
20240105,10:27:19,1.0,300,249250
20240105,10:27:20,1.0,500,249250
20240105,10:27:22,1.0,500,249250
20240105,10:27:22,1.0,250,249250
20240105,10:27:23,1.0,750,249250
20240105,10:27:24,1.0,250,249250
20240105,10:27:27,0.95,50,249250
20240105,10:27:43,1.0,50,249250
20240105,10:27:46,0.95,50,249250
20240105,10:27:58,1.0,50,249250
20240105,10:28:20,1.0,50,249250
20240105,10:28:24,1.0,250,249250
20240105,10:28:25,1.0,250,249250
20240105,10:28:27,1.0,250,249250
20240105,10:28:29,1.0,500,249250
20240105,10:28:30,1.0,250,249250
20240105,10:28:31,1.0,250,249250
20240105,10:28:32,1.0,250,249250
20240105,10:28:33,1.0,250,249250
20240105,10:28:34,1.0,250,249250
20240105,10:28:35,1.0,250,249250
20240105,10:28:36,1.0,500,249250
20240105,10:28:37,0.95,50,249250
20240105,10:28:39,1.0,250,249250
20240105,10:28:53,1.0,250,249250
20240105,10:28:54,1.0,250,249250
20240105,10:28:58,1.0,500,249250
20240105,10:28:59,1.0,250,249250
20240105,10:29:00,1.0,50,249250
20240105,10:29:15,1.0,250,249250
20240105,10:29:16,1.0,500,249250
20240105,10:29:17,1.0,500,249250
20240105,10:29:46,1.0,50,252750
20240105,10:29:57,0.95,50,252750
20240105,10:30:14,1.0,50,252750
20240105,10:30:45,1.0,150,252750
20240105,10:30:46,1.0,150,252750
20240105,10:30:47,1.0,100,252750
20240105,10:30:48,1.0,100,252750
20240105,10:30:49,1.0,100,252750
20240105,10:30:50,1.0,100,252750
20240105,10:30:51,1.0,50,252750
20240105,10:30:52,1.0,1800,252750
20240105,10:31:35,1.0,50,252750
20240105,10:31:36,1.0,100,252750
20240105,10:31:37,1.0,100,252750
20240105,10:32:06,1.0,11900,252750
20240105,10:32:08,1.0,100,252750
20240105,10:32:15,1.0,200,252750
20240105,10:32:25,1.05,50,252750
20240105,10:32:27,1.0,200,250600
20240105,10:32:28,1.0,1800,250600
20240105,10:32:50,1.05,50,250600
20240105,10:33:03,1.0,1100,250600
20240105,10:33:10,1.0,50,250600
20240105,10:33:12,1.0,1800,250600
20240105,10:34:32,1.0,200,250600
20240105,10:34:46,1.0,400,250600
20240105,10:35:16,1.0,50,250600
20240105,10:35:29,1.0,200,248850
20240105,10:35:48,1.0,200,248850
20240105,10:36:01,1.05,50,248850
20240105,10:36:16,1.0,200,248850
20240105,10:36:32,1.05,50,248850
20240105,10:37:05,1.0,200,248850
20240105,10:37:20,1.0,200,248850
20240105,10:37:33,1.0,1800,248850
20240105,10:38:05,1.0,50,248850
20240105,10:38:06,1.0,50,248850
20240105,10:38:07,1.0,100,248850
20240105,10:38:08,1.0,100,248850
20240105,10:38:09,1.0,100,248850
20240105,10:38:10,1.0,100,248850
20240105,10:38:11,1.0,100,248850
20240105,10:38:12,1.0,300,248850
20240105,10:38:13,1.0,100,248850
20240105,10:38:14,1.0,100,248850
20240105,10:38:15,1.0,100,248850
20240105,10:38:16,1.0,50,248850
20240105,10:39:17,1.0,200,249750
20240105,10:40:18,1.0,500,249750
20240105,10:40:24,1.05,50,249750
20240105,10:40:26,1.0,200,249750
20240105,10:41:33,1.0,200,249750
20240105,10:42:26,1.0,300,248900
20240105,10:42:54,1.0,250,248900
20240105,10:43:32,1.0,250,248900
20240105,10:43:39,1.0,250,248900
20240105,10:43:40,1.0,250,248900
20240105,10:43:42,1.0,250,248900
20240105,10:43:52,1.0,2050,248900
20240105,10:43:53,1.0,250,248900
20240105,10:43:57,1.0,500,248900
20240105,10:44:01,1.0,500,248900
20240105,10:44:24,1.0,2200,248900
20240105,10:44:25,1.0,500,248900
20240105,10:44:52,1.0,50,250500
20240105,10:44:53,1.0,50,250500
20240105,10:45:01,1.05,50,250500
20240105,10:45:18,1.05,100,250500
20240105,10:45:19,1.0,1800,250500
20240105,10:45:20,1.0,1800,250500
20240105,10:45:21,1.0,1800,250500
20240105,10:45:30,1.0,300,250500
20240105,10:45:40,1.0,50,250500
20240105,10:46:01,1.0,400,250500
20240105,10:46:18,1.0,450,250500
20240105,10:46:23,1.0,850,250500
20240105,10:46:29,1.0,250,250500
20240105,10:46:31,1.0,200,250500
20240105,10:46:36,1.0,1800,250500
20240105,10:46:42,1.0,150,250500
20240105,10:46:44,1.0,250,250500
20240105,10:46:54,1.0,250,250500
20240105,10:46:57,1.0,350,250500
20240105,10:47:11,1.0,50,250500
20240105,10:47:28,1.0,550,250500
20240105,10:47:30,1.0,200,244050
20240105,10:47:32,1.0,1100,244050
20240105,10:47:34,1.0,900,244050
20240105,10:47:54,0.95,50,244050
20240105,10:48:44,0.95,50,244050
20240105,10:48:44,0.95,250,244050
20240105,10:49:44,1.0,50,244050
20240105,10:50:40,0.95,1800,244300
20240105,10:50:53,0.95,5400,244300
20240105,10:50:58,1.0,50,244300
20240105,10:51:08,0.95,300,244300
20240105,10:51:14,0.95,1800,244300
20240105,10:51:17,0.95,1600,244300
20240105,10:51:27,0.95,250,244300
20240105,10:51:31,0.95,1150,244300
20240105,10:51:49,0.95,400,244300
20240105,10:51:50,0.95,250,244300
20240105,10:51:51,0.95,350,244300
20240105,10:51:57,0.95,1800,244300
20240105,10:51:58,0.95,1800,244300
20240105,10:51:59,0.95,1800,244300
20240105,10:52:00,0.95,250,244300
20240105,10:52:03,0.95,50,244300
20240105,10:52:04,0.95,1100,244300
20240105,10:52:06,0.95,100,244300
20240105,10:52:07,0.95,100,244300
20240105,10:52:08,0.95,100,244300
20240105,10:52:09,0.9,2900,244300
20240105,10:52:10,0.9,50,244300
20240105,10:53:02,0.9,250,244300
20240105,10:53:52,0.9,1000,242400
20240105,10:53:56,0.9,1000,242400
20240105,10:53:58,0.9,1000,242400
20240105,10:54:00,0.95,250,242400
20240105,10:54:01,0.95,1250,242400
20240105,10:54:04,0.95,250,242400
20240105,10:54:12,0.95,250,242400
20240105,10:54:30,0.95,250,242400
20240105,10:54:32,0.95,500,242400
20240105,10:54:33,0.9,200,242400
20240105,10:54:40,0.9,200,242400
20240105,10:54:45,0.95,250,242400
20240105,10:54:48,0.9,200,242400
20240105,10:55:00,0.9,200,242400
20240105,10:55:04,0.95,300,242400
20240105,10:55:05,0.95,1100,242400
20240105,10:55:06,0.95,2150,242400
20240105,10:55:34,0.9,1500,242400
20240105,10:55:35,0.9,1500,242400
20240105,10:55:42,0.9,1500,242400
20240105,10:55:43,0.9,1500,242400
20240105,10:55:48,0.9,1500,242400
20240105,10:56:01,0.95,50,242400
20240105,10:56:15,0.9,1800,242400
20240105,10:56:16,0.9,2000,242400
20240105,10:56:27,0.95,200,242400
20240105,10:56:48,0.9,4200,242400
20240105,10:56:49,0.9,400,234600
20240105,10:56:55,0.9,1000,234600
20240105,10:56:58,0.9,1000,234600
20240105,10:56:59,0.9,1850,234600
20240105,10:57:00,0.9,5250,234600
20240105,10:57:01,0.9,150,234600
20240105,10:57:02,0.9,100,234600
20240105,10:57:03,0.9,1600,234600
20240105,10:57:04,0.9,1100,234600
20240105,10:57:05,0.9,100,234600
20240105,10:57:06,0.85,1100,234600
20240105,10:57:07,0.9,100,234600
20240105,10:57:08,0.9,100,234600
20240105,10:57:09,0.9,100,234600
20240105,10:57:10,0.9,1900,234600
20240105,10:57:11,0.9,100,234600
20240105,10:57:12,0.9,100,234600
20240105,10:57:13,0.9,1100,234600
20240105,10:57:14,0.9,100,234600
20240105,10:57:15,0.9,100,234600
20240105,10:57:16,0.9,100,234600
20240105,10:57:17,0.9,50,234600
20240105,10:57:18,0.9,100,234600
20240105,10:57:19,0.9,100,234600
20240105,10:57:20,0.9,100,234600
20240105,10:57:21,0.9,150,234600
20240105,10:57:22,0.9,100,234600
20240105,10:57:23,0.9,100,234600
20240105,10:57:24,0.9,150,234600
20240105,10:57:25,0.9,100,234600
20240105,10:57:26,0.9,100,234600
20240105,10:57:27,0.9,100,234600
20240105,10:57:28,0.9,100,234600
20240105,10:57:29,0.9,100,234600
20240105,10:57:30,0.9,100,234600
20240105,10:57:31,0.9,100,234600
20240105,10:57:32,0.9,100,234600
20240105,10:57:33,0.9,100,234600
20240105,10:57:34,0.9,100,234600
20240105,10:57:35,0.9,100,234600
20240105,10:57:36,0.9,100,234600
20240105,10:57:37,0.9,100,234600
20240105,10:57:38,0.9,100,234600
20240105,10:57:39,0.9,100,234600
20240105,10:57:40,0.9,100,234600
20240105,10:57:41,0.9,100,234600
20240105,10:57:42,0.9,100,234600
20240105,10:57:43,0.9,50,234600
20240105,10:57:44,0.9,100,234600
20240105,10:57:45,0.85,300,234600
20240105,10:57:46,0.9,100,234600
20240105,10:57:47,0.9,100,234600
20240105,10:57:48,0.9,100,234600
20240105,10:57:49,0.9,50,234600
20240105,10:57:54,0.9,100,234600
20240105,10:57:55,0.9,100,234600
20240105,10:57:56,0.9,100,234600
20240105,10:57:57,0.9,100,234600
20240105,10:57:58,0.9,100,234600
20240105,10:57:59,0.9,100,234600
20240105,10:58:00,0.9,100,234600
20240105,10:58:01,0.9,100,234600
20240105,10:58:02,0.9,100,234600
20240105,10:58:03,0.9,100,234600
20240105,10:58:04,0.9,100,234600
20240105,10:58:06,0.85,1850,234600
20240105,10:58:07,0.9,50,234600
20240105,10:58:08,0.9,100,234600
20240105,10:58:09,0.9,100,234600
20240105,10:58:10,0.9,100,234600
20240105,10:58:11,0.9,100,234600
20240105,10:58:12,0.9,100,234600
20240105,10:58:13,0.9,100,234600
20240105,10:58:14,0.9,100,234600
20240105,10:58:15,0.9,100,234600
20240105,10:58:16,0.9,100,234600
20240105,10:58:17,0.9,100,234600
20240105,10:58:18,0.9,100,234600
20240105,10:58:19,0.9,100,234600
20240105,10:58:20,0.9,100,234600
20240105,10:58:21,0.9,100,234600
20240105,10:58:22,0.9,1900,234600
20240105,10:58:23,0.9,100,234600
20240105,10:58:24,0.9,100,234600
20240105,10:58:25,0.9,100,234600
20240105,10:58:26,0.9,100,234600
20240105,10:58:27,0.9,100,234600
20240105,10:58:28,0.9,100,234600
20240105,10:58:29,0.9,100,234600
20240105,10:58:30,0.9,100,234600
20240105,10:58:31,0.9,100,234600
20240105,10:58:32,0.9,100,234600
20240105,10:58:33,0.85,50,234600
20240105,10:58:34,0.9,50,234600
20240105,10:58:39,0.85,150,234600
20240105,10:58:59,0.9,100,234600
20240105,10:59:03,0.9,100,234600
20240105,10:59:17,0.85,50,234600
20240105,11:00:16,0.85,50,234600
20240105,11:00:18,0.85,50,245600
20240105,11:02:09,0.85,100,245600
20240105,11:02:24,0.9,50,245600
20240105,11:03:23,0.9,1000,245600
20240105,11:03:25,0.85,1000,245600
20240105,11:03:26,0.85,50,245600
20240105,11:03:26,0.85,1000,245600
20240105,11:03:28,0.85,50,245600
20240105,11:03:29,0.85,1000,245600
20240105,11:03:31,0.85,1000,245600
20240105,11:03:38,0.85,1000,245600
20240105,11:05:50,0.85,1000,245600
20240105,11:07:00,0.85,1000,245800
20240105,11:07:01,0.85,2500,245800
20240105,11:07:02,0.85,3500,245800
20240105,11:07:03,0.85,3000,245800
20240105,11:07:04,0.85,2500,245800
20240105,11:07:05,0.85,3500,245800
20240105,11:07:06,0.85,2950,245800
20240105,11:07:07,0.85,8650,245800
20240105,11:07:08,0.8,3150,245800
20240105,11:07:09,0.8,2800,245800
20240105,11:07:10,0.8,3850,245800
20240105,11:07:11,0.8,3300,245800
20240105,11:07:12,0.8,3300,245800
20240105,11:07:13,0.8,3300,245800
20240105,11:07:14,0.8,2700,245800
20240105,11:07:15,0.85,200,245800
20240105,11:07:16,0.85,100,245800
20240105,11:07:17,0.85,100,245800
20240105,11:07:18,0.85,100,245800
20240105,11:07:19,0.85,100,245800
20240105,11:07:20,0.85,100,245800
20240105,11:07:21,0.85,100,245800
20240105,11:07:22,0.85,100,245800
20240105,11:07:23,0.85,100,245800
20240105,11:07:24,0.85,100,245800
20240105,11:07:25,0.85,100,245800
20240105,11:07:26,0.85,100,245800
20240105,11:07:27,0.85,100,245800
20240105,11:07:28,0.85,100,245800
20240105,11:07:29,0.85,100,245800
20240105,11:07:30,0.85,100,245800
20240105,11:07:31,0.85,100,245800
20240105,11:07:32,0.85,150,245800
20240105,11:07:33,0.85,100,245800
20240105,11:07:34,0.85,50,245800
20240105,11:07:35,0.85,100,245800
20240105,11:07:36,0.85,100,245800
20240105,11:07:37,0.8,1100,245800
20240105,11:07:38,0.8,1550,245800
20240105,11:07:39,0.8,2600,245800
20240105,11:07:40,0.8,3650,245800
20240105,11:07:41,0.8,2600,245800
20240105,11:07:42,0.8,2600,245800
20240105,11:07:43,0.8,1050,245800
20240105,11:07:44,0.8,3100,245800
20240105,11:07:45,0.8,3650,245800
20240105,11:07:46,0.85,600,245800
20240105,11:07:47,0.85,100,245800
20240105,11:07:48,0.85,100,245800
20240105,11:07:49,0.85,50,245800
20240105,11:07:50,0.8,3100,245800
20240105,11:07:51,0.8,3100,245800
20240105,11:07:52,0.85,3150,245800
20240105,11:07:53,0.8,16200,245800
20240105,11:07:54,0.8,19350,245800
20240105,11:07:55,0.75,750,245800
20240105,11:07:56,0.8,50,245800
20240105,11:07:57,0.8,100,245800
20240105,11:07:58,0.8,200,245800
20240105,11:07:59,0.8,100,245800
20240105,11:08:00,0.8,1900,245800
20240105,11:08:01,0.8,50,245800
20240105,11:08:02,0.8,22800,245800
20240105,11:08:03,0.85,100,245800
20240105,11:08:04,0.8,1250,245800
20240105,11:08:05,0.85,150,245800
20240105,11:08:06,0.85,250,245800
20240105,11:08:07,0.85,200,245800
20240105,11:08:08,0.85,250,245800
20240105,11:08:09,0.85,350,245800
20240105,11:08:10,0.85,300,245800
20240105,11:08:11,0.85,250,245800
20240105,11:08:12,0.85,150,245800
20240105,11:08:13,0.85,150,245800
20240105,11:08:14,0.85,150,245800
20240105,11:08:15,0.85,150,245800
20240105,11:08:16,0.85,50,245800
20240105,11:08:17,0.85,100,245800
20240105,11:08:18,0.85,100,245800
20240105,11:08:19,0.85,100,245800
20240105,11:08:20,0.85,100,245800
20240105,11:08:21,0.85,150,245800
20240105,11:08:22,0.85,50,245800
20240105,11:08:23,0.85,100,245800
20240105,11:08:24,0.85,100,245800
20240105,11:08:25,0.85,100,245800
20240105,11:08:26,0.85,100,245800
20240105,11:08:27,0.8,1600,245800
20240105,11:08:28,0.8,3850,245800
20240105,11:08:29,0.8,3100,245800
20240105,11:08:30,0.8,3100,245800
20240105,11:08:31,0.8,2050,320900
20240105,11:08:32,0.8,2600,320900
20240105,11:08:33,0.85,3150,320900
20240105,11:08:34,0.85,1100,320900
20240105,11:08:35,0.85,100,320900
20240105,11:08:36,0.85,100,320900
20240105,11:08:37,0.85,100,320900
20240105,11:08:38,0.85,200,320900
20240105,11:08:39,0.85,250,320900
20240105,11:08:40,0.85,100,320900
20240105,11:08:41,0.85,200,320900
20240105,11:08:42,0.85,250,320900
20240105,11:08:43,0.85,150,320900
20240105,11:08:44,0.85,100,320900
20240105,11:08:46,0.85,100,320900
20240105,11:08:46,0.85,50,320900
20240105,11:08:47,0.85,100,320900
20240105,11:08:48,0.85,50,320900
20240105,11:08:53,0.85,50,320900
20240105,11:08:54,0.85,100,320900
20240105,11:08:55,0.85,100,320900
20240105,11:09:06,0.85,250,320900
20240105,11:09:07,0.85,800,320900
20240105,11:09:08,0.85,500,320900
20240105,11:09:10,0.85,500,320900
20240105,11:09:10,0.85,250,320900
20240105,11:09:11,0.85,500,320900
20240105,11:09:12,0.85,750,320900
20240105,11:09:13,0.85,500,320900
20240105,11:09:15,0.85,550,320900
20240105,11:09:15,0.85,350,320900
20240105,11:09:16,0.85,600,320900
20240105,11:09:17,0.85,850,320900
20240105,11:09:19,0.85,600,320900
20240105,11:09:19,0.85,350,320900
20240105,11:09:21,0.85,850,320900
20240105,11:09:22,0.85,600,320900
20240105,11:09:22,0.85,300,320900
20240105,11:09:23,0.85,600,320900
20240105,11:09:24,0.85,600,320900
20240105,11:09:25,0.85,650,320900
20240105,11:09:27,0.85,850,320900
20240105,11:09:27,0.85,400,320900
20240105,11:09:28,0.85,700,320900
20240105,11:09:29,0.85,700,320900
20240105,11:09:30,0.85,700,320900
20240105,11:09:31,0.85,700,320900
20240105,11:09:32,0.85,700,320900
20240105,11:09:34,0.85,750,320900
20240105,11:09:34,0.85,300,320900
20240105,11:09:35,0.85,2500,320900
20240105,11:09:36,0.85,2850,320900
20240105,11:09:37,0.85,700,320900
20240105,11:09:38,0.9,23550,320900
20240105,11:09:40,0.85,3500,320900
20240105,11:09:40,0.85,1500,320900
20240105,11:09:41,0.85,1000,320900
20240105,11:09:50,0.85,9400,320900
20240105,11:09:50,0.85,350,320900
20240105,11:09:51,0.85,700,320900
20240105,11:09:52,0.85,450,320900
20240105,11:09:53,0.85,200,320900
20240105,11:09:54,0.85,300,320900
20240105,11:09:56,0.85,200,320900
20240105,11:09:56,0.85,100,320900
20240105,11:09:57,0.85,200,320900
20240105,11:09:58,0.85,300,320900
20240105,11:10:00,0.85,200,320900
20240105,11:10:00,0.85,100,320900
20240105,11:10:01,0.85,200,320900
20240105,11:10:02,0.85,100,320900
20240105,11:10:03,0.85,50,320900
20240105,11:10:08,0.85,500,320900
20240105,11:10:09,0.85,250,320900
20240105,11:10:10,0.85,500,320900
20240105,11:10:11,0.85,500,320900
20240105,11:10:12,0.85,500,320900
20240105,11:10:13,0.85,500,320900
20240105,11:10:14,0.85,2050,320900
20240105,11:10:15,0.85,500,320900
20240105,11:10:17,0.85,19200,320900
20240105,11:10:17,0.85,1500,320900
20240105,11:10:18,0.85,3500,320900
20240105,11:10:19,0.85,3500,320900
20240105,11:10:20,0.85,2000,320900
20240105,11:10:21,0.85,1900,320900
20240105,11:10:22,0.85,1100,320900
20240105,11:10:23,0.85,650,320900
20240105,11:10:24,0.85,100,320900
20240105,11:10:25,0.85,100,320900
20240105,11:10:26,0.85,100,320900
20240105,11:10:27,0.85,100,320900
20240105,11:10:28,0.85,100,320900
20240105,11:10:29,0.85,100,320900
20240105,11:10:30,0.85,100,320900
20240105,11:10:31,0.85,100,320900
20240105,11:10:32,0.85,100,320900
20240105,11:10:33,0.85,150,320900
20240105,11:10:34,0.85,300,320900
20240105,11:10:35,0.85,50,320900
20240105,11:10:36,0.85,200,320900
20240105,11:10:37,0.85,400,320900
20240105,11:10:38,0.85,700,320900
20240105,11:10:39,0.85,2300,320900
20240105,11:10:40,0.85,550,320900
20240105,11:10:41,0.9,9950,320900
20240105,11:10:42,0.85,3250,320900
20240105,11:10:43,0.85,3000,320900
20240105,11:10:44,0.85,2800,320900
20240105,11:10:45,0.8,1200,320900
20240105,11:10:47,0.85,2100,320900
20240105,11:10:47,0.85,50,320900
20240105,11:10:48,0.85,100,320900
20240105,11:10:49,0.85,400,320900
20240105,11:10:51,0.85,2050,320900
20240105,11:10:51,0.85,50,320900
20240105,11:10:53,0.85,250,320900
20240105,11:10:53,0.85,1850,320900
20240105,11:10:54,0.85,200,320900
20240105,11:10:55,0.85,100,320900
20240105,11:10:56,0.85,200,320900
20240105,11:10:57,0.85,950,320900
20240105,11:10:59,0.85,650,320900
20240105,11:11:00,0.85,550,320900
20240105,11:11:00,0.85,250,320900
20240105,11:11:01,0.85,500,320900
20240105,11:11:03,0.85,15950,320900
20240105,11:11:03,0.85,3000,320900
20240105,11:11:05,0.85,3000,320900
20240105,11:11:05,0.85,1000,320900
20240105,11:11:06,0.85,3500,320900
20240105,11:11:07,0.85,3000,320900
20240105,11:11:08,0.85,12000,320900
20240105,11:11:10,0.85,4300,320900
20240105,11:11:11,0.85,1050,320900
20240105,11:11:12,0.85,500,320900
20240105,11:11:14,0.85,100,320900
20240105,11:11:15,0.85,200,320900
20240105,11:11:17,0.85,100,320900
20240105,11:11:18,0.85,100,320900
20240105,11:11:19,0.85,100,320900
20240105,11:11:19,0.85,50,320900
20240105,11:11:20,0.85,100,320900
20240105,11:11:21,0.85,100,320900
20240105,11:11:22,0.85,850,320900
20240105,11:11:24,0.85,650,320900
20240105,11:11:25,0.85,600,320900
20240105,11:11:25,0.85,300,320900
20240105,11:11:27,0.85,600,320900
20240105,11:11:27,0.85,100,320900
20240105,11:11:28,0.85,100,320900
20240105,11:11:39,0.85,750,377650
20240105,11:11:41,0.85,500,377650
20240105,11:11:42,0.85,250,377650
20240105,11:11:45,0.85,50,377650
20240105,11:11:48,0.85,250,377650
20240105,11:11:55,0.85,300,377650
20240105,11:12:05,0.85,250,377650
20240105,11:12:11,0.85,1900,377650
20240105,11:12:12,0.85,100,377650
20240105,11:12:12,0.85,50,377650
20240105,11:12:13,0.85,100,377650
20240105,11:12:14,0.85,100,377650
20240105,11:12:16,0.85,100,377650
20240105,11:12:17,0.85,1950,377650
20240105,11:12:17,0.85,50,377650
20240105,11:12:18,0.85,100,377650
20240105,11:12:19,0.85,100,377650
20240105,11:12:21,0.85,100,377650
20240105,11:12:22,0.85,1950,377650
20240105,11:12:23,0.85,50,377650
20240105,11:12:23,0.85,100,377650
20240105,11:12:24,0.85,100,377650
20240105,11:12:25,0.85,50,377650
20240105,11:12:26,0.85,100,377650
20240105,11:12:27,0.85,100,377650
20240105,11:12:28,0.85,100,377650
20240105,11:12:29,0.85,100,377650
20240105,11:12:30,0.85,100,377650
20240105,11:12:31,0.85,100,377650
20240105,11:12:32,0.85,100,377650
20240105,11:12:33,0.85,100,377650
20240105,11:12:34,0.85,100,377650
20240105,11:12:35,0.85,100,377650
20240105,11:12:36,0.85,100,377650
20240105,11:12:37,0.85,1900,377650
20240105,11:12:38,0.85,100,377650
20240105,11:12:39,0.85,100,377650
20240105,11:12:40,0.85,100,377650
20240105,11:12:41,0.85,100,377650
20240105,11:12:42,0.85,100,377650
20240105,11:12:43,0.85,100,377650
20240105,11:12:44,0.85,100,377650
20240105,11:12:45,0.85,1900,377650
20240105,11:12:46,0.85,1900,377650
20240105,11:12:47,0.85,50,377650
20240105,11:12:48,0.85,100,377650
20240105,11:12:49,0.85,150,377650
20240105,11:12:50,0.85,100,377650
20240105,11:12:51,0.85,100,377650
20240105,11:12:52,0.85,100,377650
20240105,11:12:53,0.85,100,377650
20240105,11:12:54,0.85,100,377650
20240105,11:12:55,0.85,100,377650
20240105,11:12:56,0.85,100,377650
20240105,11:12:57,0.85,100,377650
20240105,11:12:58,0.85,100,377650
20240105,11:12:59,0.85,100,377650
20240105,11:13:00,0.85,100,377650
20240105,11:13:01,0.85,100,377650
20240105,11:13:02,0.85,100,377650
20240105,11:13:03,0.85,200,377650
20240105,11:13:04,0.85,200,377650
20240105,11:13:05,0.85,200,377650
20240105,11:13:06,0.85,200,377650
20240105,11:13:07,0.85,200,377650
20240105,11:13:08,0.85,200,377650
20240105,11:13:09,0.85,200,377650
20240105,11:13:10,0.85,200,377650
20240105,11:13:11,0.85,200,377650
20240105,11:13:12,0.85,200,377650
20240105,11:13:13,0.85,150,377650
20240105,11:13:14,0.85,200,377650
20240105,11:13:15,0.85,3800,377650
20240105,11:13:16,0.85,200,377650
20240105,11:13:17,0.85,200,377650
20240105,11:13:18,0.85,450,377650
20240105,11:13:19,0.85,150,377650
20240105,11:13:20,0.85,200,377650
20240105,11:13:21,0.85,100,377650
20240105,11:13:22,0.85,26950,377650
20240105,11:13:23,0.85,2500,377650
20240105,11:13:24,0.85,3000,377650
20240105,11:13:26,0.85,3000,377650
20240105,11:13:28,0.85,12900,377650
20240105,11:13:29,0.85,150,377650
20240105,11:13:30,0.85,200,377650
20240105,11:13:31,0.85,150,377650
20240105,11:13:32,0.85,1950,377650
20240105,11:13:33,0.85,450,377650
20240105,11:13:33,0.85,100,377650
20240105,11:13:34,0.85,1900,377650
20240105,11:13:35,0.85,5000,377650
20240105,11:13:36,0.85,1550,377650
20240105,11:13:38,0.9,2750,377650
20240105,11:13:39,0.85,3500,377650
20240105,11:13:40,0.85,4000,377650
20240105,11:13:40,0.85,1500,377650
20240105,11:13:41,0.85,2500,377650
20240105,11:13:43,0.85,4500,377650
20240105,11:13:44,0.85,12550,377650
20240105,11:13:45,0.85,750,377650
20240105,11:13:46,0.85,100,377650
20240105,11:13:47,0.85,200,377650
20240105,11:13:48,0.85,100,377650
20240105,11:13:50,0.85,200,377650
20240105,11:13:51,0.85,1100,377650
20240105,11:13:52,0.85,100,377650
20240105,11:13:53,0.85,200,377650
20240105,11:13:53,0.85,300,377650
20240105,11:13:54,0.85,700,377650
20240105,11:13:56,0.85,850,377650
20240105,11:13:57,0.85,700,377650
20240105,11:13:58,0.85,600,377650
20240105,11:13:59,0.85,750,377650
20240105,11:13:59,0.85,300,377650
20240105,11:14:01,0.85,700,377650
20240105,11:14:02,0.85,950,377650
20240105,11:14:03,0.85,600,377650
20240105,11:14:04,0.85,700,377650
20240105,11:14:05,0.85,650,377650
20240105,11:14:05,0.85,50,377650
20240105,11:14:06,0.85,600,377650
20240105,11:14:08,0.85,700,377650
20240105,11:14:09,0.85,650,377650
20240105,11:14:09,0.85,400,377650
20240105,11:14:11,0.85,850,377650
20240105,11:14:12,0.85,750,377650
20240105,11:14:13,0.9,18350,377650
20240105,11:14:14,0.85,3000,377650
20240105,11:14:15,0.85,5300,377650
20240105,11:14:16,0.85,2000,377650
20240105,11:14:17,0.85,3000,377650
20240105,11:14:18,0.85,3500,377650
20240105,11:14:19,0.85,500,377650
20240105,11:14:26,0.9,50,377650
20240105,11:14:27,0.9,50,377650
20240105,11:14:29,0.9,50,377650
20240105,11:14:30,0.9,50,377650
20240105,11:14:40,0.85,4050,427300
20240105,11:14:41,0.85,600,427300
20240105,11:14:42,0.85,600,427300
20240105,11:14:43,0.85,600,427300
20240105,11:14:45,0.85,650,427300
20240105,11:14:46,0.85,600,427300
20240105,11:14:47,0.85,600,427300
20240105,11:14:48,0.85,2100,427300
20240105,11:14:48,0.85,350,427300
20240105,11:14:50,0.85,2550,427300
20240105,11:14:51,0.85,2450,427300
20240105,11:14:52,0.85,950,427300
20240105,11:14:53,0.85,1000,427300
20240105,11:14:54,0.85,700,427300
20240105,11:14:55,0.85,700,427300
20240105,11:14:56,0.85,700,427300
20240105,11:14:57,0.85,450,427300
20240105,11:14:58,0.85,200,427300
20240105,11:14:58,0.85,100,427300
20240105,11:15:00,0.85,700,427300
20240105,11:15:01,0.85,3800,427300
20240105,11:15:02,0.85,10350,427300
20240105,11:15:03,0.85,250,427300
20240105,11:15:04,0.85,150,427300
20240105,11:15:05,0.85,3600,427300
20240105,11:15:06,0.85,200,427300
20240105,11:15:06,0.85,100,427300
20240105,11:15:08,0.85,2250,427300
20240105,11:15:09,0.85,4500,427300
20240105,11:15:10,0.9,16200,427300
20240105,11:15:11,0.9,2300,427300
20240105,11:15:11,0.9,250,427300
20240105,11:15:13,0.9,1050,427300
20240105,11:15:14,0.9,700,427300
20240105,11:15:15,0.9,200,427300
20240105,11:15:16,0.9,950,427300
20240105,11:15:17,0.9,100,427300
20240105,11:15:18,0.9,1000,427300
20240105,11:15:19,0.9,700,427300
20240105,11:15:20,0.9,50,427300
20240105,11:15:21,0.9,700,427300
20240105,11:15:22,0.9,700,427300
20240105,11:15:23,0.9,1050,427300
20240105,11:15:24,0.9,700,427300
20240105,11:15:25,0.9,350,427300
20240105,11:15:26,0.9,700,427300
20240105,11:15:27,0.9,3800,427300
20240105,11:15:31,0.85,400,427300
20240105,11:15:37,0.85,2550,427300
20240105,11:15:50,0.9,50,427300
20240105,11:16:14,0.9,250,427300
20240105,11:16:15,0.9,300,427300
20240105,11:16:16,0.9,500,427300
20240105,11:16:17,0.9,250,427300
20240105,11:16:18,0.9,750,427300
20240105,11:16:19,0.9,500,427300
20240105,11:16:20,0.9,250,427300
20240105,11:16:21,0.9,750,427300
20240105,11:16:22,0.9,250,427300
20240105,11:16:23,0.9,500,427300
20240105,11:16:24,0.9,750,427300
20240105,11:16:25,0.9,500,427300
20240105,11:16:26,0.9,250,427300
20240105,11:16:27,0.9,500,427300
20240105,11:16:55,0.85,50,427300
20240105,11:16:57,0.85,100,427300
20240105,11:16:58,0.85,50,427300
20240105,11:16:59,0.85,50,427300
20240105,11:17:00,0.85,50,427300
20240105,11:17:01,0.85,50,427300
20240105,11:17:02,0.85,50,427300
20240105,11:17:03,0.85,50,427300
20240105,11:17:04,0.85,50,427300
20240105,11:17:05,0.85,6050,427300
20240105,11:17:06,0.85,50,427300
20240105,11:17:07,0.85,50,427300
20240105,11:17:08,0.85,50,427300
20240105,11:17:09,0.85,50,427300
20240105,11:17:10,0.85,50,427300
20240105,11:17:11,0.85,50,427300
20240105,11:17:12,0.85,850,427300
20240105,11:17:13,0.8,9600,427300
20240105,11:17:14,0.85,800,427300
20240105,11:17:15,0.85,650,427300
20240105,11:17:16,0.85,650,427300
20240105,11:17:17,0.85,700,427300
20240105,11:17:18,0.85,650,427300
20240105,11:17:19,0.85,650,427300
20240105,11:17:20,0.85,850,427300
20240105,11:17:21,0.85,650,427300
20240105,11:17:22,0.85,150,427300
20240105,11:17:23,0.85,150,427300
20240105,11:17:24,0.85,150,427300
20240105,11:17:25,0.85,200,427300
20240105,11:17:26,0.85,100,427300
20240105,11:17:27,0.85,200,427300
20240105,11:17:28,0.85,150,427300
20240105,11:17:29,0.85,200,427300
20240105,11:17:30,0.85,200,427300
20240105,11:17:31,0.85,150,427300
20240105,11:17:32,0.85,150,427300
20240105,11:17:33,0.85,200,427900
20240105,11:17:34,0.85,600,427900
20240105,11:17:35,0.85,250,427900
20240105,11:17:36,0.85,650,427900
20240105,11:17:37,0.85,750,427900
20240105,11:17:38,0.85,300,427900
20240105,11:17:39,0.85,1050,427900
20240105,11:17:40,0.85,4300,427900
20240105,11:17:41,0.85,3000,427900
20240105,11:17:42,0.85,3000,427900
20240105,11:17:43,0.85,5000,427900
20240105,11:17:44,0.85,2500,427900
20240105,11:17:45,0.85,2000,427900
20240105,11:17:46,0.85,3000,427900
20240105,11:17:47,0.85,100,427900
20240105,11:17:48,0.85,400,427900
20240105,11:17:49,0.85,100,427900
20240105,11:17:50,0.85,50,427900
20240105,11:17:51,0.85,100,427900
20240105,11:17:52,0.85,100,427900
20240105,11:17:53,0.85,150,427900
20240105,11:17:54,0.85,50,427900
20240105,11:17:55,0.85,100,427900
20240105,11:17:56,0.85,100,427900
20240105,11:17:57,0.85,100,427900
20240105,11:17:59,0.85,200,427900
20240105,11:17:59,0.85,50,427900
20240105,11:18:00,0.85,100,427900
20240105,11:18:01,0.85,100,427900
20240105,11:18:02,0.85,100,427900
20240105,11:18:03,0.85,150,427900
20240105,11:18:04,0.85,100,427900
20240105,11:18:05,0.85,50,427900
20240105,11:18:06,0.85,100,427900
20240105,11:18:07,0.85,50,427900
20240105,11:18:08,0.85,250,427900
20240105,11:18:09,0.85,200,427900
20240105,11:18:10,0.85,50,427900
20240105,11:18:11,0.85,650,427900
20240105,11:18:12,0.8,3050,427900
20240105,11:18:13,0.8,3100,427900
20240105,11:18:14,0.8,4650,427900
20240105,11:18:15,0.8,3100,427900
20240105,11:18:17,0.85,1100,427900
20240105,11:18:17,0.85,50,427900
20240105,11:18:18,0.85,150,427900
20240105,11:18:19,0.85,100,427900
20240105,11:18:20,0.85,100,427900
20240105,11:18:21,0.85,200,427900
20240105,11:18:22,0.85,50,427900
20240105,11:18:23,0.85,100,427900
20240105,11:18:24,0.85,100,427900
20240105,11:18:25,0.85,100,427900
20240105,11:18:26,0.85,50,427900
20240105,11:18:27,0.85,100,427900
20240105,11:18:28,0.85,100,427900
20240105,11:18:29,0.85,100,427900
20240105,11:18:30,0.85,100,427900
20240105,11:18:31,0.85,100,427900
20240105,11:18:32,0.85,100,427900
20240105,11:18:33,0.85,100,427900
20240105,11:18:34,0.85,100,427900
20240105,11:18:35,0.85,100,427900
20240105,11:18:36,0.85,100,427900
20240105,11:18:37,0.85,100,427900
20240105,11:18:38,0.85,100,427900
20240105,11:18:39,0.85,350,427900
20240105,11:18:40,0.85,100,427900
20240105,11:18:41,0.85,100,427900
20240105,11:18:42,0.85,100,427900
20240105,11:18:43,0.85,150,427900
20240105,11:18:44,0.85,100,427900
20240105,11:18:45,0.85,100,427900
20240105,11:18:46,0.85,100,427900
20240105,11:18:47,0.85,150,427900
20240105,11:18:48,0.85,100,427900
20240105,11:18:49,0.85,100,427900
20240105,11:18:50,0.85,100,427900
20240105,11:18:51,0.85,100,427900
20240105,11:18:52,0.85,100,427900
20240105,11:18:53,0.85,100,427900
20240105,11:18:54,0.85,50,427900
20240105,11:18:55,0.85,100,427900
20240105,11:18:56,0.85,100,427900
20240105,11:18:57,0.85,100,427900
20240105,11:18:58,0.85,150,427900
20240105,11:18:59,0.85,100,427900
20240105,11:19:00,0.85,600,427900
20240105,11:19:01,0.85,1100,427900
20240105,11:19:02,0.85,600,427900
20240105,11:19:03,0.8,650,427900
20240105,11:19:04,0.85,2850,427900
20240105,11:19:05,0.85,4250,427900
20240105,11:19:06,0.8,1650,427900
20240105,11:19:07,0.8,3000,427900
20240105,11:19:08,0.8,3500,427900
20240105,11:19:09,0.85,500,427900
20240105,11:19:10,0.85,500,427900
20240105,11:19:11,0.85,500,427900
20240105,11:19:12,0.85,500,427900
20240105,11:19:13,0.85,500,427900
20240105,11:19:14,0.85,500,427900
20240105,11:19:15,0.85,2500,427900
20240105,11:19:16,0.85,2500,427900
20240105,11:19:17,0.85,500,427900
20240105,11:19:18,0.85,500,427900
20240105,11:19:19,0.85,500,427900
20240105,11:19:20,0.85,500,427900
20240105,11:19:21,0.85,500,427900
20240105,11:19:22,0.85,450,427900
20240105,11:19:23,0.85,500,427900
20240105,11:19:24,0.85,450,427900
20240105,11:19:25,0.85,450,427900
20240105,11:19:26,0.85,1000,427900
20240105,11:19:27,0.85,500,427900
20240105,11:19:28,0.85,150,427900
20240105,11:19:29,0.85,500,427900
20240105,11:19:30,0.85,500,427900
20240105,11:19:31,0.85,500,427900
20240105,11:19:32,0.85,350,427900
20240105,11:19:33,0.85,550,427900
20240105,11:19:34,0.85,600,427900
20240105,11:19:35,0.85,500,427900
20240105,11:19:36,0.85,350,427900
20240105,11:19:37,0.85,550,427900
20240105,11:19:38,0.85,500,427900
20240105,11:19:39,0.85,500,427900
20240105,11:19:40,0.85,650,427900
20240105,11:19:42,0.85,500,427900
20240105,11:19:42,0.85,350,427900
20240105,11:19:43,0.85,500,427900
20240105,11:19:44,0.85,400,427900
20240105,11:19:45,0.85,400,427900
20240105,11:19:47,0.85,550,427900
20240105,11:19:48,0.85,400,427900
20240105,11:19:48,0.85,300,427900
20240105,11:19:49,0.85,400,427900
20240105,11:19:50,0.85,400,427900
20240105,11:19:51,0.85,400,427900
20240105,11:19:52,0.85,400,427900
20240105,11:19:54,0.85,500,427900
20240105,11:19:55,0.85,350,427900
20240105,11:19:55,0.85,50,427900
20240105,11:19:56,0.85,700,427900
20240105,11:19:57,0.85,400,427900
20240105,11:19:58,0.85,400,427900
20240105,11:20:00,0.85,400,427900
20240105,11:20:00,0.85,100,427900
20240105,11:20:01,0.85,400,427900
20240105,11:20:02,0.85,700,427900
20240105,11:20:03,0.85,400,427900
20240105,11:20:05,0.85,400,427900
20240105,11:20:05,0.85,100,427900
20240105,11:20:06,0.85,700,427900
20240105,11:20:08,0.85,400,427900
20240105,11:20:08,0.85,100,427900
20240105,11:20:09,0.85,400,427900
20240105,11:20:10,0.85,450,427900
20240105,11:20:11,0.85,200,427900
20240105,11:20:13,0.85,250,427900
20240105,11:20:13,0.85,100,427900
20240105,11:20:14,0.85,200,427900
20240105,11:20:15,0.85,200,427900
20240105,11:20:17,0.85,300,427900
20240105,11:20:17,0.85,50,427900
20240105,11:20:18,0.85,250,427900
20240105,11:20:19,0.85,200,427900
20240105,11:20:21,0.85,200,427900
20240105,11:20:21,0.85,50,427900
20240105,11:20:22,0.85,300,427900
20240105,11:20:23,0.85,100,427900
20240105,11:20:24,0.85,450,427900
20240105,11:20:25,0.85,400,427900
20240105,11:20:26,0.85,350,427900
20240105,11:20:27,0.85,650,427900
20240105,11:20:28,0.85,450,427900
20240105,11:20:29,0.85,400,427900
20240105,11:20:30,0.85,400,427900
20240105,11:20:31,0.85,450,427900
20240105,11:20:32,0.85,400,427900
20240105,11:20:33,0.85,400,478050
20240105,11:20:34,0.85,400,478050
20240105,11:20:35,0.85,500,478050
20240105,11:20:36,0.85,500,478050
20240105,11:20:37,0.85,500,478050
20240105,11:20:38,0.85,500,478050
20240105,11:20:39,0.85,450,478050
20240105,11:20:40,0.85,500,478050
20240105,11:20:41,0.85,500,478050
20240105,11:20:42,0.85,500,478050
20240105,11:20:43,0.85,500,478050
20240105,11:20:44,0.85,500,478050
20240105,11:20:45,0.85,500,478050
20240105,11:20:46,0.85,500,478050
20240105,11:20:47,0.85,500,478050
20240105,11:20:48,0.85,600,478050
20240105,11:20:49,0.85,400,478050
20240105,11:20:50,0.85,250,478050
20240105,11:20:51,0.85,400,478050
