date,time,tick_price,volume,open_interest
20231215,09:40:31,40.1,50,5750
20231215,09:41:05,26.05,1250,5750
20231215,09:41:14,26.05,4550,5750
20231215,09:41:30,29.1,50,5750
20231215,09:41:56,29.8,100,5750
20231215,09:42:05,29.8,150,5750
20231215,09:42:14,29.15,900,5750
20231215,09:42:22,29.0,150,5750
20231215,09:42:31,29.35,100,5750
20231215,09:42:58,29.0,500,5750
20231215,09:48:40,30.4,50,7050
20231215,09:50:26,30.05,50,7050
20231215,09:50:43,30.05,50,7050
20231215,09:52:53,30.0,100,7050
20231215,09:53:02,29.85,200,7050
20231215,09:53:10,29.7,100,7050
20231215,09:53:18,29.8,50,7050
20231215,09:53:59,30.3,200,7050
20231215,09:54:35,29.9,50,7050
20231215,09:55:12,30.05,100,7050
20231215,09:55:30,30.3,250,7050
20231215,09:56:58,30.2,300,6850
20231215,09:57:06,30.2,200,6850
20231215,10:00:13,31.0,100,6850
20231215,10:00:22,31.25,100,6850
20231215,10:00:57,32.0,150,6850
20231215,10:01:06,31.2,150,6850
20231215,10:01:33,31.35,50,6850
20231215,10:02:06,31.7,50,6850
20231215,10:02:15,31.55,200,6850
20231215,10:02:33,31.7,100,6850
20231215,10:02:41,31.7,300,6750
20231215,10:02:50,31.75,100,6750
20231215,10:03:25,32.2,250,6750
20231215,10:03:34,32.25,500,6750
20231215,10:06:30,32.8,50,5950
20231215,10:06:56,33.1,200,5950
20231215,10:07:14,33.05,1550,5950
20231215,10:07:32,33.2,200,5950
20231215,10:07:49,33.3,350,5950
20231215,10:08:40,33.4,50,6000
20231215,10:08:48,33.6,50,6000
20231215,10:09:22,33.5,50,6000
20231215,10:09:30,33.6,600,6000
20231215,10:10:12,34.05,150,6000
20231215,10:10:29,34.05,100,6000
20231215,10:10:55,34.05,50,6000
20231215,10:11:03,34.05,50,6000
20231215,10:11:20,34.0,50,6000
20231215,10:12:12,33.65,200,6750
20231215,10:13:04,33.9,100,6750
20231215,10:13:21,33.8,50,6750
20231215,10:13:49,33.95,1450,6750
20231215,10:14:08,33.85,50,6750
20231215,10:14:17,34.05,50,6750
20231215,10:14:34,34.4,100,6700
20231215,10:14:43,34.55,100,6700
20231215,10:15:00,34.65,150,6700
20231215,10:15:17,34.35,700,6700
20231215,10:16:09,34.5,50,6700
20231215,10:16:17,34.6,1650,6700
20231215,10:16:25,34.6,250,6700
20231215,10:16:51,34.5,50,6700
20231215,10:17:00,34.6,350,6700
20231215,10:17:09,34.6,150,6700
20231215,10:17:26,34.55,50,6700
20231215,10:17:35,34.7,250,8050
20231215,10:17:44,34.75,500,8050
20231215,10:18:28,34.9,350,8050
20231215,10:18:45,34.7,100,8050
20231215,10:19:12,34.7,50,8050
20231215,10:19:56,34.7,100,8050
20231215,10:20:38,34.7,150,8050
20231215,10:20:46,35.1,50,8050
20231215,10:22:25,35.15,50,8050
20231215,10:22:32,35.1,50,8050
20231215,10:24:01,35.1,50,8050
20231215,10:24:18,35.1,350,8050
20231215,10:24:42,35.1,200,8050
20231215,10:25:56,36.05,50,8050
20231215,10:26:05,36.05,50,8050
20231215,10:27:07,35.55,100,8650
20231215,10:28:25,35.45,150,8650
20231215,10:28:33,35.2,100,8650
20231215,10:29:15,35.2,50,8650
20231215,10:30:42,35.65,100,8800
20231215,10:30:50,35.85,100,8800
20231215,10:30:58,36.1,150,8800
20231215,10:31:07,36.05,350,8800
20231215,10:31:32,35.95,100,8800
20231215,10:31:49,36.0,50,8800
20231215,10:31:58,36.0,150,8800
20231215,10:32:23,35.8,200,8800
20231215,10:34:19,35.7,100,9050
20231215,10:34:29,35.95,100,9050
20231215,10:34:38,36.3,200,9050
20231215,10:34:46,36.5,200,9050
20231215,10:35:04,36.6,150,9050
20231215,10:35:12,37.3,700,9050
20231215,10:35:21,37.5,100,9050
20231215,10:35:57,37.95,50,9000
20231215,10:36:05,37.9,200,9000
20231215,10:36:23,38.2,100,9000
20231215,10:36:32,38.25,50,9000
20231215,10:36:49,38.35,100,9000
20231215,10:37:06,38.4,200,9000
20231215,10:37:47,37.95,300,9000
20231215,10:38:11,37.9,100,9000
20231215,10:39:01,37.4,250,9500
20231215,10:39:10,37.3,200,9500
20231215,10:39:19,36.8,250,9500
20231215,10:40:26,36.9,50,9500
20231215,10:40:35,37.05,550,9500
20231215,10:40:58,36.85,50,9500
20231215,10:41:23,36.7,100,9500
20231215,10:42:13,36.3,50,9800
20231215,10:42:30,36.3,50,9800
20231215,10:42:38,36.2,50,9800
20231215,10:43:05,35.9,100,9800
20231215,10:43:29,36.1,250,9800
20231215,10:43:38,35.95,300,9800
20231215,10:43:47,35.9,50,9800
20231215,10:44:04,35.45,50,9800
20231215,10:44:13,35.45,50,9800
20231215,10:45:02,35.4,300,9800
20231215,10:46:16,35.1,100,9800
20231215,10:46:25,35.1,150,9800
20231215,10:46:43,35.0,100,9800
20231215,10:47:01,34.55,200,9800
20231215,10:47:10,34.35,100,9800
20231215,10:47:19,34.3,100,9800
20231215,10:47:36,34.35,50,9800
20231215,10:48:03,34.0,50,10350
20231215,10:48:41,33.75,50,10350
20231215,10:51:44,34.1,50,10400
20231215,10:51:53,34.25,200,10400
20231215,10:52:10,34.25,50,10400
20231215,10:52:36,34.0,50,10400
20231215,10:53:24,33.5,50,10400
20231215,10:53:52,33.5,100,10250
20231215,10:55:04,33.35,250,10250
20231215,10:55:57,33.5,1350,10250
20231215,10:56:06,33.55,50,10250
20231215,10:56:58,33.55,100,11150
20231215,10:57:07,33.75,50,11150
20231215,10:58:46,34.45,50,11150
20231215,10:59:12,34.4,50,11150
20231215,10:59:21,34.7,50,11150
20231215,11:01:21,35.85,50,11150
20231215,11:01:38,35.65,300,11150
20231215,11:01:47,35.8,50,11150
20231215,11:02:04,35.45,200,11150
20231215,11:02:12,35.5,50,11150
20231215,11:02:44,35.75,50,11150
20231215,11:03:50,35.9,1800,11100
20231215,11:04:16,35.7,2050,11100
20231215,11:04:25,35.0,50,11100
20231215,11:04:35,35.3,150,11100
20231215,11:04:43,35.6,1800,11100
20231215,11:05:01,35.55,500,11100
20231215,11:05:28,35.5,200,11100
20231215,11:05:45,36.0,50,14700
20231215,11:07:01,36.15,200,14700
20231215,11:07:26,36.3,300,14700
20231215,11:08:01,36.05,100,14700
20231215,11:08:34,36.35,100,14700
20231215,11:08:59,36.15,50,14700
20231215,11:09:23,36.35,50,14950
20231215,11:10:20,36.35,50,14950
20231215,11:11:08,36.4,50,14950
20231215,11:12:03,36.65,50,15050
20231215,11:12:59,36.35,50,15050
20231215,11:13:07,36.15,150,15050
20231215,11:13:15,36.05,150,15050
20231215,11:13:23,36.45,50,15050
20231215,11:16:39,36.15,50,15050
20231215,11:17:49,36.2,50,15050
20231215,11:19:37,36.5,50,15050
20231215,11:20:24,36.6,50,15050
20231215,11:21:31,36.6,200,15100
20231215,11:23:55,36.6,50,15100
20231215,11:25:03,36.7,550,15100
20231215,11:25:18,36.8,250,15100
20231215,11:25:48,36.7,350,15100
20231215,11:26:03,37.15,100,15100
20231215,11:26:12,37.0,50,15100
20231215,11:28:35,37.4,100,15150
20231215,11:29:04,37.2,300,15150
20231215,11:29:11,37.0,100,15150
20231215,11:30:57,37.4,50,15050
20231215,11:33:41,36.95,50,15050
20231215,11:34:19,37.0,150,15050
20231215,11:35:34,37.0,450,15050
20231215,11:35:50,37.0,50,15600
20231215,11:36:04,37.0,300,15600
20231215,11:36:33,36.9,100,15600
20231215,11:37:33,36.85,100,15600
20231215,11:38:02,36.85,600,15600
20231215,11:38:23,36.9,50,15600
20231215,11:38:31,36.85,150,15600
20231215,11:38:55,37.0,50,15600
20231215,11:39:03,37.0,50,15600
20231215,11:39:29,37.0,100,15600
20231215,11:39:37,36.95,300,15600
20231215,11:39:45,36.95,500,15600
20231215,11:39:53,36.95,100,15600
20231215,11:40:40,36.95,150,15600
20231215,11:40:48,36.65,450,15600
20231215,11:42:51,36.7,50,15800
20231215,11:43:21,36.7,50,15800
20231215,11:44:44,36.65,50,15800
20231215,11:44:51,36.55,50,15850
20231215,11:45:21,36.65,50,15850
20231215,11:45:59,36.55,50,15850
20231215,11:46:28,36.25,50,15850
20231215,11:46:44,36.2,50,15850
20231215,11:50:42,36.0,50,15900
20231215,11:51:04,36.4,100,15900
20231215,11:51:56,36.35,100,15900
20231215,11:52:37,36.7,50,15900
20231215,11:53:13,36.6,50,15900
20231215,11:53:28,36.35,50,15900
20231215,11:53:35,36.25,50,15900
20231215,11:53:42,36.2,50,15900
20231215,11:54:04,36.15,250,16050
20231215,11:54:35,36.4,450,16050
20231215,11:54:56,36.75,50,16050
20231215,11:58:36,36.0,50,16400
20231215,12:01:12,36.0,50,16400
20231215,12:01:56,36.15,50,16400
20231215,12:02:44,36.2,200,16400
20231215,12:03:13,36.15,100,16200
20231215,12:03:20,36.1,50,16200
20231215,12:04:46,36.25,50,16200
20231215,12:05:00,36.4,50,16200
20231215,12:05:28,36.3,100,16200
20231215,12:05:49,36.5,250,16200
20231215,12:06:55,36.45,250,16300
20231215,12:08:30,36.25,150,16300
20231215,12:08:37,36.3,1000,16300
20231215,12:09:52,36.2,50,17050
20231215,12:10:17,36.15,50,17050
20231215,12:10:33,36.35,400,17050
20231215,12:10:41,36.35,100,17050
20231215,12:13:27,36.4,50,17300
20231215,12:13:47,36.45,50,17300
20231215,12:14:23,36.35,200,17300
20231215,12:14:50,36.0,50,17300
20231215,12:16:07,35.9,150,17400
20231215,12:16:39,35.6,100,17400
20231215,12:16:55,35.65,50,17400
20231215,12:18:16,35.35,200,17400
20231215,12:18:24,35.5,150,17450
20231215,12:19:25,36.05,50,17450
20231215,12:20:44,36.1,50,17450
20231215,12:21:38,36.05,50,17300
20231215,12:24:17,36.35,50,17300
20231215,12:24:38,36.25,100,17300
20231215,12:24:58,36.0,800,17300
20231215,12:25:12,36.05,150,17300
20231215,12:26:13,36.25,50,17300
20231215,12:29:28,36.25,100,17700
20231215,12:29:40,36.3,200,17700
20231215,12:30:24,36.45,50,17850
20231215,12:30:53,36.45,50,17850
20231215,12:31:31,36.85,250,17850
20231215,12:34:44,36.5,50,17650
20231215,12:35:48,36.6,50,17650
20231215,12:37:17,36.95,100,17700
20231215,12:38:14,36.6,250,17700
20231215,12:39:19,36.4,50,17850
20231215,12:44:10,36.8,50,17800
20231215,12:44:18,36.95,50,17800
20231215,12:44:35,36.85,50,17800
20231215,12:44:43,36.75,50,17800
20231215,12:45:23,36.85,50,17750
20231215,12:48:45,36.95,50,17750
20231215,12:49:12,37.1,50,17750
20231215,12:49:49,37.2,50,17750
20231215,12:49:56,37.65,1500,17750
20231215,12:51:00,37.15,150,19000
20231215,12:52:37,37.1,200,19000
20231215,12:52:51,36.9,50,19000
20231215,12:53:59,36.75,50,19300
20231215,12:54:47,36.6,100,19300
20231215,12:55:34,36.4,50,19300
20231215,12:56:51,36.25,50,19300
20231215,12:57:19,36.3,50,19400
20231215,13:01:40,36.65,100,19450
20231215,13:03:30,36.95,50,19500
20231215,13:05:28,37.0,50,19500
20231215,13:05:48,36.8,50,19500
20231215,13:05:56,36.95,50,19500
20231215,13:06:43,36.75,200,19550
20231215,13:07:17,36.7,50,19550
20231215,13:07:59,36.7,50,19550
20231215,13:11:08,36.55,50,19700
20231215,13:13:53,36.7,50,19700
20231215,13:14:20,36.55,50,19700
20231215,13:15:04,36.6,50,19700
20231215,13:15:29,36.85,100,19700
20231215,13:15:56,36.85,50,19700
20231215,13:18:47,36.95,50,19750
20231215,13:19:16,37.0,50,19750
20231215,13:21:11,36.7,350,19750
20231215,13:23:03,37.05,50,19750
20231215,13:28:02,36.85,50,19800
20231215,13:29:17,37.0,50,19800
20231215,13:31:03,36.9,100,19850
20231215,13:31:09,36.9,100,19850
20231215,13:31:42,37.25,100,19850
20231215,13:34:26,37.6,550,20050
20231215,13:36:06,36.95,100,20450
20231215,13:39:20,37.35,250,20450
20231215,13:41:23,37.6,50,20450
20231215,13:41:36,37.35,50,20450
20231215,13:42:09,37.45,50,20450
20231215,13:42:50,37.7,50,20450
20231215,13:44:42,37.45,350,20450
20231215,13:44:50,37.35,700,20450
20231215,13:44:57,37.45,50,20450
20231215,13:45:54,37.65,100,21000
20231215,13:47:32,37.95,100,21000
20231215,13:48:25,37.85,100,20800
20231215,13:50:19,38.25,100,20800
20231215,13:50:40,38.25,150,20800
20231215,13:50:47,38.2,100,20800
20231215,13:51:00,38.25,100,20800
20231215,13:51:07,38.2,200,20350
20231215,13:51:28,38.2,900,20350
20231215,13:51:36,38.25,1750,20350
20231215,13:51:44,38.45,100,20350
20231215,13:54:00,38.65,50,20350
20231215,13:54:31,38.75,100,21600
20231215,13:56:29,38.95,50,21600
20231215,13:57:06,38.75,50,21600
20231215,13:58:27,38.65,50,21750
20231215,13:59:15,39.15,1000,21750
20231215,13:59:25,39.2,100,21750
20231215,13:59:35,39.3,100,21750
20231215,13:59:44,39.5,100,21750
20231215,14:00:06,39.85,50,21750
20231215,14:00:18,39.85,50,21950
20231215,14:00:29,39.15,300,21950
20231215,14:02:12,39.25,50,21950
20231215,14:02:28,39.3,50,21950
20231215,14:02:36,39.25,300,21950
20231215,14:02:52,39.3,50,21950
20231215,14:03:57,39.25,100,22400
20231215,14:04:49,39.25,100,22400
20231215,14:04:57,39.2,200,22400
20231215,14:05:31,39.1,100,22400
20231215,14:05:40,38.85,250,22400
20231215,14:05:49,39.05,300,22400
20231215,14:05:57,39.0,500,22400
20231215,14:06:06,38.65,1750,22400
20231215,14:06:23,38.75,150,22850
20231215,14:06:57,38.1,2000,22850
20231215,14:08:09,38.1,100,22850
20231215,14:08:25,38.1,200,22850
20231215,14:08:40,38.0,100,22850
20231215,14:09:20,38.15,50,24850
20231215,14:10:08,38.15,100,24850
20231215,14:10:47,37.95,500,24850
20231215,14:11:03,37.85,50,24850
20231215,14:11:11,38.0,150,24850
20231215,14:11:57,38.05,150,24850
20231215,14:12:20,38.25,200,24850
20231215,14:12:50,38.25,100,24850
20231215,14:13:05,38.05,50,24850
20231215,14:13:13,38.15,50,24850
20231215,14:13:21,38.2,100,24850
20231215,14:13:29,38.35,100,24850
20231215,14:13:43,38.4,550,24850
20231215,14:14:20,38.15,200,24850
20231215,14:14:42,38.25,50,24850
20231215,14:15:23,38.15,100,25700
20231215,14:15:40,38.2,50,25700
20231215,14:15:48,38.3,50,25700
20231215,14:15:57,38.45,100,25700
20231215,14:16:53,38.15,50,25700
20231215,14:17:09,38.4,100,25700
20231215,14:17:41,38.35,100,25700
20231215,14:18:43,38.45,200,26100
20231215,14:19:52,38.5,150,26100
20231215,14:20:00,38.5,100,26100
20231215,14:20:08,38.5,100,26100
20231215,14:20:46,39.2,500,26100
20231215,14:21:26,39.6,100,26950
20231215,14:21:43,39.6,250,26950
20231215,14:21:51,39.45,50,26950
20231215,14:22:08,39.55,50,26950
20231215,14:22:33,39.5,300,26950
20231215,14:22:59,39.55,50,26950
20231215,14:23:32,39.55,200,26950
20231215,14:23:40,39.45,250,26950
20231215,14:23:57,39.65,250,26950
20231215,14:24:19,39.7,100,28000
20231215,14:24:27,39.65,50,28000
20231215,14:25:11,39.75,100,28000
20231215,14:25:19,39.75,500,28000
20231215,14:26:18,40.0,150,28000
20231215,14:27:42,40.0,50,28000
20231215,14:27:50,40.0,50,28000
20231215,14:28:37,40.15,50,28000
20231215,14:29:29,40.15,50,28000
20231215,14:29:58,40.2,100,28000
20231215,14:30:28,40.45,50,28100
20231215,14:32:07,40.5,50,28100
20231215,14:32:23,40.5,200,28100
20231215,14:32:52,40.5,100,28100
20231215,14:33:31,40.6,250,28050
20231215,14:33:47,40.6,750,28050
20231215,14:34:26,40.6,200,28050
20231215,14:35:03,40.75,100,28050
20231215,14:35:11,40.95,200,28050
20231215,14:35:19,40.95,200,28050
20231215,14:35:27,40.95,100,28050
20231215,14:35:35,41.0,100,28050
20231215,14:35:43,41.1,100,28050
20231215,14:35:51,41.65,850,28050
20231215,14:35:59,41.65,50,28050
20231215,14:36:06,41.5,50,28050
20231215,14:36:15,41.2,150,30700
20231215,14:37:02,41.35,100,30700
20231215,14:37:24,41.45,200,30700
20231215,14:37:54,41.45,50,30700
20231215,14:38:09,41.4,50,30700
20231215,14:38:54,41.45,50,30700
20231215,14:39:02,41.45,100,30700
20231215,14:40:07,41.35,200,30900
20231215,14:40:37,41.2,300,30900
20231215,14:41:26,41.4,100,30900
20231215,14:41:35,41.5,550,30900
20231215,14:41:45,41.5,100,30900
20231215,14:41:54,41.5,50,30900
20231215,14:42:03,41.55,50,30900
20231215,14:42:29,41.5,100,30950
20231215,14:43:04,41.5,900,30950
20231215,14:43:21,41.25,150,30950
20231215,14:44:18,41.5,250,30950
20231215,14:44:34,41.75,150,30950
20231215,14:44:42,41.75,100,30950
20231215,14:45:30,41.85,400,31800
20231215,14:45:47,41.85,600,31800
20231215,14:46:03,41.8,500,31800
20231215,14:46:35,42.0,50,31800
20231215,14:46:59,42.0,150,31800
20231215,14:47:08,42.0,50,31800
20231215,14:47:31,41.8,50,31800
20231215,14:48:01,41.8,1450,31800
20231215,14:48:09,41.75,100,31800
20231215,14:48:25,41.8,700,34800
20231215,14:48:33,41.8,500,34800
20231215,14:48:49,41.65,250,34800
20231215,14:49:06,41.8,950,34800
20231215,14:49:14,41.95,100,34800
20231215,14:49:23,41.95,650,34800
20231215,14:49:31,41.95,150,34800
20231215,14:49:40,41.9,400,34800
20231215,14:49:48,41.95,500,34800
20231215,14:50:14,41.8,250,34800
20231215,14:50:32,42.35,200,34800
20231215,14:50:41,42.75,200,34800
20231215,14:50:51,42.9,300,34800
20231215,14:51:00,42.9,100,34800
20231215,14:51:10,42.95,100,34800
20231215,14:51:20,43.5,200,36250
20231215,14:51:40,43.5,250,36250
20231215,14:51:50,43.8,450,36250
20231215,14:51:59,44.4,100,36250
20231215,14:52:09,44.7,1000,36250
20231215,14:52:20,45.35,850,36250
20231215,14:52:30,46.15,300,36250
20231215,14:52:40,46.4,250,36250
20231215,14:52:50,46.4,100,36250
20231215,14:53:22,46.05,100,36250
20231215,14:54:39,47.05,250,37350
20231215,14:54:48,47.05,50,37350
20231215,14:54:57,46.95,100,37350
20231215,14:55:05,47.0,50,37350
20231215,14:55:32,47.65,750,37350
20231215,14:56:02,48.35,100,37350
20231215,14:56:22,48.95,250,37350
20231215,14:56:32,48.95,100,37350
20231215,14:56:41,48.9,100,37350
20231215,14:57:01,48.4,350,37350
20231215,14:57:11,48.5,1050,37350
20231215,14:57:31,48.8,50,38700
20231215,14:57:41,49.0,100,38700
20231215,14:57:50,49.0,3850,38700
20231215,14:58:00,48.6,50,38700
20231215,14:58:09,48.75,250,38700
20231215,14:58:18,48.95,250,38700
20231215,14:58:27,49.05,100,38700
20231215,14:58:46,49.05,650,38700
20231215,14:58:56,49.05,150,38700
20231215,14:59:06,49.1,150,38700
20231215,14:59:45,49.4,600,38700
20231215,15:00:05,49.95,650,38700
20231215,15:00:15,49.95,100,38700
20231215,15:00:25,50.35,100,42150
20231215,15:00:35,51.55,1000,42150
20231215,15:00:46,52.0,700,42150
20231215,15:00:57,52.05,100,42150
20231215,15:01:07,52.55,5750,42150
20231215,15:01:18,52.7,550,42150
20231215,15:01:28,52.8,200,42150
20231215,15:01:39,53.45,450,42150
20231215,15:01:51,53.75,450,42150
20231215,15:02:03,54.2,2950,42150
20231215,15:02:12,54.85,300,42150
20231215,15:02:21,55.1,250,42150
20231215,15:02:30,55.2,450,42150
20231215,15:02:41,55.0,250,42150
20231215,15:02:52,55.1,50,42150
20231215,15:03:02,55.4,950,42150
20231215,15:03:14,55.75,150,42150
20231215,15:03:25,56.0,450,48050
20231215,15:03:37,56.15,200,48050
20231215,15:04:00,55.5,550,48050
20231215,15:04:10,54.9,450,48050
20231215,15:04:32,54.0,200,48050
20231215,15:04:41,53.65,700,48050
20231215,15:04:51,53.15,100,48050
20231215,15:05:01,52.75,250,48050
20231215,15:05:10,53.05,250,48050
20231215,15:05:20,53.05,250,48050
20231215,15:05:29,52.9,550,48050
20231215,15:05:38,53.0,250,48050
20231215,15:05:47,52.45,1100,48050
20231215,15:05:56,52.3,300,48050
20231215,15:06:06,52.95,50,48050
20231215,15:06:24,53.25,1550,49450
20231215,15:06:33,52.95,250,49450
20231215,15:06:43,52.85,100,49450
20231215,15:07:00,52.8,150,49450
20231215,15:07:09,52.95,100,49450
20231215,15:07:19,52.45,350,49450
20231215,15:07:27,52.45,50,49450
20231215,15:07:36,52.45,100,49450
20231215,15:07:45,52.45,1250,49450
20231215,15:07:53,52.35,350,49450
20231215,15:08:03,52.0,50,49450
20231215,15:08:12,51.5,50,49450
20231215,15:08:21,51.6,450,49450
20231215,15:08:48,51.75,200,49450
20231215,15:08:57,51.8,700,49450
20231215,15:09:06,51.85,100,49450
20231215,15:09:16,51.9,450,49450
20231215,15:09:25,51.85,100,51800
20231215,15:09:43,51.9,500,51800
20231215,15:09:52,51.8,1350,51800
20231215,15:10:01,51.85,200,51800
20231215,15:10:19,51.65,150,51800
20231215,15:10:47,51.85,200,51800
20231215,15:10:56,51.6,150,51800
20231215,15:11:05,52.0,300,51800
20231215,15:11:15,52.45,900,51800
20231215,15:11:24,52.55,1050,51800
20231215,15:11:32,52.35,150,51800
20231215,15:11:50,52.65,50,51800
20231215,15:12:08,52.3,450,51800
20231215,15:12:17,52.3,200,51800
20231215,15:12:44,52.9,100,53250
20231215,15:12:53,53.55,250,53250
20231215,15:13:02,53.25,900,53250
20231215,15:13:11,53.4,250,53250
20231215,15:13:20,53.25,600,53250
20231215,15:13:28,53.1,1300,53250
20231215,15:13:37,53.35,350,53250
20231215,15:13:46,53.55,800,53250
20231215,15:13:56,54.2,350,53250
20231215,15:14:05,54.2,100,53250
20231215,15:14:15,54.25,50,53250
20231215,15:14:25,53.5,300,53250
20231215,15:14:35,53.45,350,53250
20231215,15:14:45,53.55,300,53250
20231215,15:15:04,53.55,200,53250
20231215,15:15:23,53.5,550,56850
20231215,15:15:34,53.75,50,56850
20231215,15:15:46,53.05,4750,56850
20231215,15:15:57,53.55,250,56850
20231215,15:16:07,53.75,1100,56850
20231215,15:16:19,53.75,800,56850
20231215,15:16:30,53.75,2500,56850
20231215,15:16:41,54.25,1200,56850
20231215,15:16:51,55.25,1000,56850
20231215,15:17:02,55.0,700,56850
20231215,15:17:13,55.25,350,56850
20231215,15:17:34,56.1,300,56850
20231215,15:17:44,56.7,900,56850
20231215,15:17:54,56.85,100,56850
20231215,15:18:05,57.1,50,56850
20231215,15:18:16,57.1,500,56850
20231215,15:18:26,56.5,50,64000
20231215,15:18:36,56.9,1000,64000
20231215,15:18:46,56.85,100,64000
20231215,15:18:56,56.6,250,64000
20231215,15:19:08,56.55,50,64000
20231215,15:19:26,56.15,400,64000
20231215,15:19:35,56.5,950,64000
20231215,15:19:45,56.95,1050,64000
20231215,15:19:56,57.0,300,64000
20231215,15:20:07,56.75,850,64000
20231215,15:20:19,57.4,2000,64000
20231215,15:20:29,57.15,2000,64000
20231215,15:20:39,57.45,1450,64000
20231215,15:20:49,57.5,350,64000
20231215,15:21:00,57.6,1100,64000
20231215,15:21:20,58.05,1600,64000
20231215,15:21:32,58.05,500,65800
20231215,15:21:44,57.05,1600,65800
20231215,15:21:55,56.8,700,65800
20231215,15:22:04,56.05,1300,65800
20231215,15:22:14,56.05,50,65800
20231215,15:22:24,56.3,100,65800
20231215,15:22:34,56.1,1700,65800
20231215,15:22:45,56.8,400,65800
20231215,15:22:54,56.55,250,65800
20231215,15:23:04,56.15,300,65800
20231215,15:23:13,55.95,950,65800
20231215,15:23:22,56.15,300,65800
20231215,15:23:31,56.4,200,65800
20231215,15:23:40,56.8,8250,65800
20231215,15:23:50,56.8,1800,65800
20231215,15:24:09,56.8,350,65800
20231215,15:24:28,57.2,100,69500
20231215,15:24:37,57.1,2200,69500
20231215,15:24:46,57.1,1000,69500
20231215,15:24:56,57.1,900,69500
20231215,15:25:25,57.1,250,69500
20231215,15:25:34,57.1,50,69500
20231215,15:25:46,57.25,250,69500
20231215,15:25:57,57.2,3400,69500
20231215,15:26:07,57.2,50,69500
20231215,15:26:17,57.3,150,69500
20231215,15:26:27,57.3,550,69500
20231215,15:26:36,57.4,900,69500
20231215,15:26:45,57.4,800,69500
20231215,15:26:55,57.4,550,69500
20231215,15:27:05,57.55,250,69500
20231215,15:27:14,57.6,2750,69500
20231215,15:27:24,57.6,2000,73500
20231215,15:27:33,57.6,350,73500
20231215,15:27:42,57.6,100,73500
20231215,15:27:53,57.6,200,73500
20231215,15:28:04,57.95,900,73500
20231215,15:28:23,58.0,1100,73500
20231215,15:28:43,57.95,1900,73500
20231215,15:29:20,58.05,1800,73500
20231215,15:29:30,58.5,100,73500
20231215,15:29:39,59.0,850,73500
20231215,15:29:49,58.6,450,73500
20231215,15:29:58,58.6,450,73500
20231218,09:15:11,56.65,1,75500
20231218,09:15:11,50.0,1,75500
20231218,09:15:11,58.6,650,75500
20231218,09:15:22,49.3,100,75500
20231218,09:15:48,49.3,300,75500
20231218,09:15:56,50.5,550,75500
20231218,09:16:14,49.05,350,75500
20231218,09:16:22,49.05,150,75500
20231218,09:16:31,48.6,200,75500
20231218,09:16:39,48.6,100,75500
20231218,09:17:05,50.95,1950,75500
20231218,09:17:14,50.95,1350,75500
20231218,09:17:25,50.95,950,75500
20231218,09:17:36,51.65,150,78600
20231218,09:17:47,52.3,100,78600
20231218,09:17:58,52.7,200,78600
20231218,09:18:10,52.95,400,78600
20231218,09:18:22,53.1,550,78600
20231218,09:18:32,53.55,50,78600
20231218,09:18:43,53.55,150,78600
20231218,09:18:54,53.8,50,78600
20231218,09:19:06,53.7,1250,78600
20231218,09:19:18,53.6,350,78600
20231218,09:19:30,53.8,50,78600
20231218,09:19:40,53.8,1350,78600
20231218,09:19:51,53.5,1550,78600
20231218,09:20:03,53.45,400,78600
20231218,09:20:15,53.25,1800,78600
20231218,09:20:25,53.35,400,78600
20231218,09:20:36,53.25,1550,78250
20231218,09:20:46,53.25,6050,78250
20231218,09:20:57,53.2,5500,78250
20231218,09:21:09,53.2,11800,78250
20231218,09:21:19,53.25,600,78250
20231218,09:21:29,53.2,10050,78250
20231218,09:21:40,53.2,1800,78250
20231218,09:21:50,52.25,150,78250
20231218,09:22:00,52.1,150,78250
20231218,09:22:12,52.5,800,78250
20231218,09:22:24,53.4,300,78250
20231218,09:22:44,53.8,100,78250
20231218,09:22:53,55.0,150,78250
20231218,09:23:03,55.7,1100,78250
20231218,09:23:13,55.8,450,78250
20231218,09:23:24,56.45,50,78250
20231218,09:23:34,57.15,300,78250
20231218,09:23:44,57.8,500,113200
20231218,09:23:55,58.0,300,113200
20231218,09:24:05,59.0,500,113200
20231218,09:24:16,59.35,300,113200
20231218,09:24:27,59.95,1050,113200
20231218,09:24:38,60.4,700,113200
20231218,09:24:49,60.55,200,113200
20231218,09:25:01,60.5,400,113200
20231218,09:25:11,60.2,50,113200
20231218,09:25:21,60.2,50,113200
20231218,09:25:32,60.55,250,113200
20231218,09:25:42,60.85,350,113200
20231218,09:25:52,61.5,250,113200
20231218,09:26:02,62.15,250,113200
20231218,09:26:12,62.25,2000,113200
20231218,09:26:22,61.65,250,113200
20231218,09:26:32,62.0,100,113450
20231218,09:26:42,61.8,350,113450
20231218,09:26:52,61.9,400,113450
20231218,09:27:02,62.95,750,113450
20231218,09:27:12,62.45,400,113450
20231218,09:27:22,61.7,50,113450
20231218,09:27:32,61.7,350,113450
20231218,09:27:41,61.75,2300,113450
20231218,09:27:51,61.7,6050,113450
20231218,09:28:01,61.75,2250,113450
20231218,09:28:10,61.75,1300,113450
20231218,09:28:20,61.75,8200,113450
20231218,09:28:29,61.75,150,113450
20231218,09:28:38,61.75,2600,113450
20231218,09:28:47,61.95,2600,113450
20231218,09:28:56,62.1,500,113450
20231218,09:29:05,61.75,200,113450
20231218,09:29:14,62.1,700,113450
20231218,09:29:23,62.0,50,113450
20231218,09:29:32,62.6,350,113450
20231218,09:29:41,63.0,550,133650
20231218,09:29:50,63.7,150,133650
20231218,09:29:59,64.0,800,133650
20231218,09:30:08,64.0,200,133650
20231218,09:30:26,64.6,50,133650
20231218,09:30:45,64.65,50,133650
20231218,09:30:56,64.65,200,133650
20231218,09:31:06,64.3,20100,133650
20231218,09:31:16,63.8,600,133650
20231218,09:31:26,63.3,650,133650
20231218,09:31:36,62.9,950,133650
20231218,09:31:45,62.55,800,133650
20231218,09:31:55,62.0,3600,133650
20231218,09:32:04,62.0,14550,133650
20231218,09:32:14,62.0,1450,133650
20231218,09:32:24,62.55,400,133650
20231218,09:32:42,62.5,1000,170050
20231218,09:32:51,62.5,50,170050
20231218,09:33:00,61.95,600,170050
20231218,09:33:09,61.9,350,170050
20231218,09:33:19,61.75,2600,170050
20231218,09:33:29,61.8,850,170050
20231218,09:33:48,61.8,100,170050
20231218,09:33:57,61.7,5750,170050
20231218,09:34:07,61.75,7900,170050
20231218,09:34:17,61.75,450,170050
20231218,09:34:36,60.45,2450,170050
20231218,09:34:46,60.25,100,170050
20231218,09:34:56,59.45,50,170050
20231218,09:35:15,59.25,150,170050
20231218,09:35:25,59.1,200,170050
20231218,09:35:35,58.85,200,185350
20231218,09:35:44,58.9,1200,185350
20231218,09:36:03,59.5,850,185350
20231218,09:36:13,59.7,500,185350
20231218,09:36:23,59.8,250,185350
20231218,09:36:33,60.4,1250,185350
20231218,09:36:45,60.6,1100,185350
20231218,09:36:57,60.2,1000,185350
20231218,09:37:07,60.05,800,185350
20231218,09:37:17,60.25,100,185350
20231218,09:37:26,60.5,250,185350
20231218,09:37:45,60.5,5700,185350
20231218,09:37:54,60.5,6300,185350
20231218,09:38:03,60.5,3700,185350
20231218,09:38:14,60.05,3750,185350
20231218,09:38:25,60.05,11350,185350
20231218,09:38:36,59.85,8600,219200
20231218,09:38:47,59.4,1100,219200
20231218,09:38:59,59.35,150,219200
20231218,09:39:11,59.5,100,219200
20231218,09:39:22,59.75,150,219200
20231218,09:39:31,59.6,1050,219200
20231218,09:39:40,59.6,500,219200
20231218,09:39:59,59.95,1000,219200
20231218,09:40:09,60.15,300,219200
20231218,09:40:18,60.2,1050,219200
20231218,09:40:38,59.55,550,219200
20231218,09:40:47,59.8,150,219200
20231218,09:40:56,60.0,500,219200
20231218,09:41:15,60.05,100,219200
20231218,09:41:45,60.8,2100,219550
20231218,09:41:56,60.4,2800,219550
20231218,09:42:05,60.25,900,219550
20231218,09:42:15,59.85,350,219550
20231218,09:42:24,59.95,250,219550
20231218,09:42:42,60.0,500,219550
20231218,09:42:51,59.9,500,219550
20231218,09:43:00,59.6,2500,219550
20231218,09:43:09,59.6,250,219550
20231218,09:43:19,60.1,100,219550
20231218,09:43:28,60.25,400,219550
20231218,09:43:37,60.1,350,219550
20231218,09:43:46,60.15,600,219550
20231218,09:43:56,60.45,300,219550
20231218,09:44:04,60.5,100,219550
20231218,09:44:13,60.45,250,219550
20231218,09:44:23,60.65,100,219550
20231218,09:44:42,61.15,350,219950
20231218,09:45:01,61.4,100,219950
20231218,09:45:11,61.3,2150,219950
20231218,09:45:20,61.7,750,219950
20231218,09:45:30,61.5,650,219950
20231218,09:45:39,61.7,500,219950
20231218,09:45:48,61.5,50,219950
20231218,09:45:57,61.6,100,219950
20231218,09:46:06,61.5,450,219950
20231218,09:46:16,61.25,50,219950
20231218,09:46:25,61.5,100,219950
20231218,09:46:35,61.9,100,219950
20231218,09:46:45,62.2,200,219950
20231218,09:47:39,61.3,100,219800
20231218,09:47:57,61.5,500,219800
20231218,09:48:15,61.8,300,219800
20231218,09:48:24,61.7,1200,219800
20231218,09:48:33,61.7,2500,219800
20231218,09:48:42,61.4,100,219800
20231218,09:48:51,61.45,150,219800
20231218,09:48:59,61.75,500,219800
20231218,09:49:09,61.7,150,219800
20231218,09:49:35,61.75,100,219800
20231218,09:49:52,61.75,350,219800
20231218,09:50:09,61.85,350,219800
20231218,09:50:18,62.0,100,219800
20231218,09:50:27,61.9,800,219800
20231218,09:50:36,61.95,150,219800
20231218,09:50:45,62.1,100,221450
20231218,09:50:54,62.3,150,221450
20231218,09:51:02,62.15,100,221450
20231218,09:51:11,62.25,200,221450
20231218,09:51:20,62.2,450,221450
20231218,09:51:29,62.35,350,221450
20231218,09:51:38,62.55,1800,221450
20231218,09:51:47,62.1,250,221450
20231218,09:52:06,62.5,200,221450
20231218,09:52:14,62.25,700,221450
20231218,09:52:32,62.3,400,221450
20231218,09:52:49,61.5,400,221450
20231218,09:53:25,61.4,1800,221450
20231218,09:53:33,60.8,1000,221450
20231218,09:53:51,60.95,1900,224700
20231218,09:55:39,61.05,100,224700
20231218,09:56:06,61.55,100,224700
20231218,09:56:33,61.95,1450,224700
20231218,09:56:42,61.9,700,224700
20231218,09:57:00,61.3,100,228000
20231218,09:57:09,61.4,150,228000
20231218,09:57:43,61.1,350,228000
20231218,09:57:52,61.15,100,228000
20231218,09:58:00,61.45,1800,228000
20231218,09:59:25,61.2,100,228000
20231218,09:59:45,61.7,300,228000
20231218,09:59:54,61.2,250,229700
20231218,10:00:23,61.6,50,229700
20231218,10:00:41,61.65,450,229700
20231218,10:00:50,61.9,100,229700
20231218,10:01:11,61.95,250,229700
20231218,10:01:21,62.0,400,229700
20231218,10:01:31,61.6,100,229700
20231218,10:01:50,61.9,100,229700
20231218,10:02:01,62.35,250,229700
20231218,10:02:33,64.0,450,229700
20231218,10:03:04,64.05,100,229250
20231218,10:03:33,64.35,1100,229250
20231218,10:03:43,64.35,150,229250
20231218,10:03:53,64.4,50,229250
20231218,10:04:13,63.75,300,229250
20231218,10:04:22,64.0,250,229250
20231218,10:04:32,64.05,100,229250
20231218,10:04:42,64.35,150,229250
20231218,10:04:51,64.3,1950,229250
20231218,10:05:01,64.35,1850,229250
20231218,10:05:11,64.35,3600,229250
20231218,10:05:22,64.4,400,229250
20231218,10:05:31,64.35,1100,229250
20231218,10:05:40,64.35,700,229250
20231218,10:05:50,63.6,9500,238150
20231218,10:06:00,63.9,300,238150
20231218,10:06:10,63.95,100,238150
20231218,10:06:30,63.75,550,238150
20231218,10:06:50,63.2,200,238150
20231218,10:07:09,63.4,50,238150
20231218,10:07:18,63.45,250,238150
20231218,10:07:28,63.75,350,238150
20231218,10:07:47,64.0,500,238150
20231218,10:07:56,64.0,50,238150
20231218,10:08:06,64.2,150,238150
20231218,10:08:24,64.0,50,238150
20231218,10:08:59,63.95,50,247550
20231218,10:09:35,63.7,250,247550
20231218,10:09:44,64.0,750,247550
20231218,10:09:54,63.7,50,247550
20231218,10:10:03,63.55,300,247550
20231218,10:10:12,63.4,1200,247550
20231218,10:10:41,63.85,50,247550
20231218,10:10:50,63.9,50,247550
20231218,10:11:18,63.9,50,247550
20231218,10:11:37,64.1,700,247550
20231218,10:12:16,64.0,100,247600
20231218,10:12:27,63.95,100,247600
20231218,10:13:13,63.6,100,247600
20231218,10:13:22,63.95,50,247600
20231218,10:13:32,64.0,250,247600
20231218,10:13:41,63.9,50,247600
20231218,10:13:50,64.0,450,247600
20231218,10:14:08,63.95,150,247600
20231218,10:14:51,64.0,100,247800
20231218,10:15:00,64.0,400,247800
20231218,10:15:09,64.05,50,247800
20231218,10:15:27,64.5,350,247800
20231218,10:15:46,64.5,300,247800
20231218,10:15:56,64.55,50,247800
20231218,10:16:06,64.85,100,247800
20231218,10:16:16,64.85,350,247800
20231218,10:16:35,64.7,300,247800
20231218,10:16:44,64.9,50,247800
20231218,10:16:54,64.9,50,247800
20231218,10:17:14,65.0,300,247800
20231218,10:18:11,65.0,150,248000
20231218,10:18:20,63.7,50,248000
20231218,10:18:38,64.25,200,248000
20231218,10:18:57,63.95,50,248000
20231218,10:19:23,63.7,300,248000
20231218,10:19:41,63.6,250,248000
20231218,10:19:50,63.25,100,248000
20231218,10:20:35,63.4,50,248000
20231218,10:20:44,63.5,350,248600
20231218,10:20:52,63.9,100,248600
20231218,10:21:47,63.1,50,248600
20231218,10:21:56,63.7,50,248600
20231218,10:22:05,64.05,100,248600
20231218,10:22:41,63.95,100,248600
20231218,10:22:51,63.5,250,248600
20231218,10:23:08,63.0,1000,248600
20231218,10:23:26,63.0,50,248600
20231218,10:23:35,63.7,50,248600
20231218,10:23:45,64.05,750,249050
20231218,10:24:04,63.95,150,249050
20231218,10:24:13,64.1,50,249050
20231218,10:24:23,63.75,100,249050
20231218,10:24:42,64.35,50,249050
20231218,10:24:51,64.35,100,249050
20231218,10:25:00,64.75,350,249050
20231218,10:25:30,64.75,50,249050
20231218,10:25:50,64.6,200,249050
20231218,10:26:00,64.65,50,249050
20231218,10:27:33,65.25,450,249350
20231218,10:27:52,65.15,50,249350
20231218,10:28:10,65.7,50,249350
20231218,10:28:28,65.7,200,249350
20231218,10:28:47,65.9,200,249350
20231218,10:28:57,66.8,250,249350
20231218,10:29:08,66.8,150,249350
20231218,10:29:18,67.0,300,249350
20231218,10:29:29,67.35,400,249350
20231218,10:29:39,67.35,250,249350
20231218,10:29:59,67.35,150,249350
20231218,10:30:19,67.2,100,249100
20231218,10:30:28,67.2,250,249100
20231218,10:30:38,67.2,100,249100
20231218,10:30:48,67.4,100,249100
20231218,10:31:07,67.75,200,249100
20231218,10:31:27,68.1,150,249100
20231218,10:31:37,68.1,700,249100
20231218,10:31:47,68.35,1150,249100
20231218,10:32:07,67.8,100,249100
20231218,10:32:16,67.8,100,249100
20231218,10:32:25,68.1,100,249100
20231218,10:32:42,68.1,200,249100
20231218,10:32:51,68.35,50,249650
20231218,10:33:18,68.05,100,249650
20231218,10:33:27,68.25,700,249650
20231218,10:33:45,68.05,50,249650
20231218,10:34:03,68.05,50,249650
20231218,10:34:37,68.4,100,249650
20231218,10:34:55,68.55,100,249650
20231218,10:35:03,68.55,50,249650
20231218,10:35:22,67.6,150,249650
20231218,10:35:31,67.5,50,249650
20231218,10:35:40,67.75,100,249650
20231218,10:36:08,67.2,100,249550
20231218,10:36:20,67.25,200,249550
20231218,10:36:41,66.75,750,249550
20231218,10:36:50,66.95,550,249550
20231218,10:36:59,67.1,150,249550
20231218,10:37:09,67.05,100,249550
20231218,10:37:18,67.2,350,249550
20231218,10:37:27,67.25,550,249550
20231218,10:37:56,66.3,200,249550
20231218,10:38:07,65.75,1650,249550
20231218,10:38:18,65.0,550,249550
20231218,10:38:27,64.8,750,249550
20231218,10:38:46,64.85,50,249600
20231218,10:39:12,64.65,2350,249600
20231218,10:39:21,65.05,250,249600
20231218,10:39:50,64.75,100,249600
20231218,10:39:59,64.5,50,249600
20231218,10:40:37,64.0,200,249600
20231218,10:40:47,64.2,250,249600
20231218,10:41:05,64.5,100,249600
20231218,10:43:10,64.45,50,249800
20231218,10:44:26,64.5,50,249800
20231218,10:45:11,64.6,100,249850
20231218,10:45:29,64.75,100,249850
20231218,10:45:37,64.5,400,249850
20231218,10:45:46,64.5,100,249850
20231218,10:46:13,64.0,50,249850
20231218,10:46:38,64.0,100,249850
20231218,10:46:46,64.15,100,249850
20231218,10:47:10,63.95,100,249850
20231218,10:47:18,64.0,250,249850
20231218,10:47:50,63.95,100,250600
20231218,10:48:07,63.9,150,250600
20231218,10:48:15,63.85,100,250600
20231218,10:48:23,63.85,250,250600
20231218,10:48:49,64.35,400,250600
20231218,10:49:15,64.1,100,250600
20231218,10:49:32,64.1,100,250600
20231218,10:49:49,63.95,1050,250600
20231218,10:49:58,64.3,50,250600
20231218,10:50:15,64.35,100,250600
20231218,10:50:23,64.65,850,250600
20231218,10:50:32,64.4,100,250600
20231218,10:50:59,64.3,1450,251250
20231218,10:53:04,64.7,350,251250
20231218,10:53:13,64.6,50,251250
20231218,10:53:22,64.65,100,251250
20231218,10:53:31,65.0,1050,251250
20231218,10:53:40,64.7,1150,251250
20231218,10:53:49,64.8,300,251350
20231218,10:53:58,64.85,450,251350
20231218,10:54:15,64.75,50,251350
20231218,10:54:42,64.85,250,251350
20231218,10:55:00,65.05,300,251350
20231218,10:55:09,65.1,150,251350
20231218,10:55:44,65.3,100,251350
20231218,10:56:09,65.25,50,251350
20231218,10:56:26,65.2,50,251350
20231218,10:56:35,64.95,400,251350
20231218,10:56:44,64.8,50,251350
20231218,10:56:52,65.0,350,251150
20231218,10:57:01,64.8,50,251150
20231218,10:57:10,65.15,50,251150
20231218,10:57:19,65.0,200,251150
20231218,10:57:28,65.1,800,251150
20231218,10:57:36,65.0,1350,251150
20231218,10:57:53,65.3,200,251150
20231218,10:58:02,65.0,2900,251150
20231218,10:58:11,65.3,500,251150
20231218,10:58:20,64.95,1050,251150
20231218,10:58:36,64.85,50,251150
20231218,10:58:45,65.2,50,251150
20231218,10:58:53,64.85,50,251150
20231218,10:59:27,64.9,150,251150
20231218,10:59:35,65.1,800,251150
20231218,10:59:45,65.1,150,251150
20231218,10:59:53,64.9,200,251500
20231218,11:00:28,64.5,150,251500
20231218,11:00:36,64.5,50,251500
20231218,11:02:25,65.15,1700,251500
20231218,11:02:33,65.2,650,251500
20231218,11:02:42,65.0,1250,251500
20231218,11:02:50,65.0,1150,251000
20231218,11:02:58,65.1,800,251000
20231218,11:03:06,64.8,700,251000
20231218,11:03:15,65.1,700,251000
20231218,11:03:24,65.1,150,251000
20231218,11:04:05,65.0,50,251000
20231218,11:04:13,65.0,50,251000
20231218,11:04:30,64.75,150,251000
20231218,11:04:38,65.05,50,251000
20231218,11:04:46,65.05,50,251000
20231218,11:04:54,65.15,50,251000
20231218,11:05:11,65.2,50,251000
20231218,11:05:19,65.3,50,251000
20231218,11:05:36,65.25,50,251000
20231218,11:05:44,65.35,50,251000
20231218,11:05:52,65.35,100,250800
20231218,11:06:15,65.4,50,250800
20231218,11:06:55,65.45,50,250800
20231218,11:07:03,65.5,450,250800
20231218,11:07:12,65.5,100,250800
20231218,11:07:20,65.35,50,250800
20231218,11:07:36,65.45,250,250800
20231218,11:07:44,65.25,300,250800
20231218,11:07:52,65.45,400,250800
20231218,11:08:00,65.5,100,250800
20231218,11:08:15,65.5,1050,250800
20231218,11:08:40,65.25,150,250800
20231218,11:08:48,65.5,200,249600
20231218,11:09:07,66.2,800,249600
20231218,11:09:26,65.9,3900,249600
20231218,11:09:35,65.6,700,249600
20231218,11:09:55,65.4,100,249600
20231218,11:10:05,64.65,400,249600
20231218,11:10:41,64.65,3600,249600
20231218,11:10:59,65.7,300,249600
20231218,11:12:11,66.1,50,246450
20231218,11:12:47,65.75,400,246450
20231218,11:13:22,66.0,50,246450
20231218,11:13:30,66.2,250,246450
20231218,11:13:47,66.05,50,246450
20231218,11:14:03,66.1,50,246450
20231218,11:14:12,66.05,150,246450
20231218,11:14:29,65.95,50,246450
20231218,11:14:37,66.1,100,246450
20231218,11:14:45,66.05,200,246450
20231218,11:14:53,66.05,50,246450
20231218,11:15:02,66.05,50,246200
20231218,11:15:19,66.2,800,246200
20231218,11:15:29,66.6,900,246200
20231218,11:15:37,66.8,50,246200
20231218,11:15:46,66.55,650,246200
20231218,11:15:54,66.5,150,246200
20231218,11:16:03,66.35,1850,246200
20231218,11:16:12,66.5,50,246200
20231218,11:16:29,66.5,650,246200
20231218,11:16:45,66.4,50,246200
20231218,11:16:53,66.25,50,246200
20231218,11:17:02,66.3,950,246200
20231218,11:17:11,66.2,1350,246200
20231218,11:17:20,66.15,1100,246200
20231218,11:18:02,66.3,400,246850
20231218,11:18:19,66.15,900,246850
20231218,11:18:28,66.3,250,246850
20231218,11:18:36,66.35,1000,246850
20231218,11:18:45,66.25,700,246850
20231218,11:18:53,66.35,50,246850
20231218,11:19:18,66.5,50,246850
20231218,11:19:27,66.3,200,246850
20231218,11:19:35,66.3,50,246850
20231218,11:20:00,66.65,450,246850
20231218,11:20:08,66.7,100,246850
20231218,11:20:16,66.7,550,246850
20231218,11:20:24,66.65,600,246850
20231218,11:20:41,66.35,100,246850
20231218,11:20:49,66.3,1350,247600
20231218,11:20:58,66.3,50,247600
20231218,11:21:06,66.2,350,247600
20231218,11:21:14,66.05,400,247600
20231218,11:21:23,66.2,50,247600
20231218,11:21:39,66.25,700,247600
20231218,11:21:47,66.15,400,247600
20231218,11:21:55,66.05,300,247600
20231218,11:22:03,66.1,50,247600
20231218,11:22:11,65.85,400,247600
20231218,11:22:28,66.0,50,247600
20231218,11:22:37,66.15,50,247600
20231218,11:22:46,66.25,50,247600
20231218,11:22:55,66.15,350,247600
20231218,11:23:03,66.0,400,247600
20231218,11:23:29,66.05,200,247600
20231218,11:23:37,65.95,300,247600
20231218,11:23:46,66.15,50,247600
20231218,11:24:12,65.95,1750,248350
20231218,11:24:21,66.2,1000,248350
20231218,11:24:30,66.2,600,248350
20231218,11:24:47,66.05,950,248350
20231218,11:24:55,65.85,1150,248350
20231218,11:25:04,65.95,300,248350
20231218,11:25:12,66.25,450,248350
20231218,11:25:21,66.2,100,248350
20231218,11:25:29,66.15,900,248350
20231218,11:25:38,66.2,500,248350
20231218,11:25:46,66.0,50,248350
20231218,11:25:55,66.0,350,248350
20231218,11:26:11,65.95,400,248350
20231218,11:26:19,65.6,250,248350
20231218,11:26:51,66.3,250,248450
20231218,11:26:59,66.3,200,248450
20231218,11:27:08,66.1,350,248450
20231218,11:27:17,66.1,350,248450
20231218,11:27:25,66.15,100,248450
20231218,11:27:50,66.05,50,248450
20231218,11:27:59,66.1,50,248450
20231218,11:28:06,66.1,100,248450
20231218,11:28:24,66.2,100,248450
20231218,11:28:32,66.3,50,248450
20231218,11:28:40,66.3,50,248450
20231218,11:28:47,66.25,650,248450
20231218,11:29:03,66.3,50,248450
20231218,11:29:11,66.25,300,248450
20231218,11:29:20,66.2,200,248450
20231218,11:29:37,66.6,550,248450
20231218,11:29:45,66.5,300,248450
20231218,11:30:02,66.45,50,247950
20231218,11:30:10,66.3,50,247950
20231218,11:30:27,66.25,450,247950
20231218,11:30:44,66.6,500,247950
20231218,11:30:53,66.75,50,247950
20231218,11:31:01,66.6,100,247950
20231218,11:31:10,66.35,450,247950
20231218,11:31:19,66.3,450,247950
20231218,11:31:51,66.7,100,247950
20231218,11:32:08,66.55,50,247950
20231218,11:32:25,66.4,50,247950
20231218,11:32:33,66.6,50,247950
20231218,11:32:41,66.45,50,247950
20231218,11:32:57,66.4,500,247700
20231218,11:33:13,66.6,450,247700
20231218,11:33:29,66.6,250,247700
20231218,11:34:39,66.75,250,247700
20231218,11:35:19,66.65,50,247700
20231218,11:35:43,66.7,150,247700
20231218,11:36:08,66.8,250,247500
20231218,11:36:16,67.15,250,247500
20231218,11:36:34,67.0,50,247500
20231218,11:36:50,66.85,50,247500
20231218,11:37:24,67.0,50,247500
20231218,11:38:49,66.85,250,247500
20231218,11:38:58,66.85,550,247200
20231218,11:39:07,67.3,100,247200
20231218,11:39:17,67.3,400,247200
20231218,11:40:13,67.15,300,247200
20231218,11:40:30,67.0,50,247200
20231218,11:40:39,66.6,50,247200
20231218,11:40:47,66.8,50,247200
20231218,11:40:55,66.55,100,247200
20231218,11:41:03,66.8,100,247200
20231218,11:41:12,66.85,150,247200
20231218,11:41:20,66.8,400,247200
20231218,11:41:36,66.8,400,247200
20231218,11:41:43,66.8,50,247200
20231218,11:41:51,66.8,50,247200
20231218,11:41:59,66.7,100,247100
20231218,11:42:07,66.7,300,247100
20231218,11:42:22,66.65,50,247100
20231218,11:42:30,66.75,250,247100
20231218,11:42:58,66.7,100,247100
20231218,11:43:41,66.9,50,247100
20231218,11:43:55,66.75,50,247100
20231218,11:44:04,66.55,450,247100
20231218,11:44:20,66.5,50,247100
20231218,11:44:27,66.4,50,247100
20231218,11:44:35,66.4,50,247100
20231218,11:44:49,66.35,50,247100
20231218,11:44:58,66.65,50,247150
20231218,11:45:15,66.6,100,247150
20231218,11:45:24,66.25,100,247150
20231218,11:45:48,66.45,50,247150
20231218,11:46:04,66.3,400,247150
20231218,11:46:28,66.4,400,247150
20231218,11:46:36,66.15,350,247150
20231218,11:46:44,66.05,50,247150
20231218,11:47:00,66.45,200,247150
20231218,11:47:08,66.15,400,247150
20231218,11:47:16,66.2,250,247150
20231218,11:47:24,66.0,50,247150
20231218,11:47:40,66.15,50,247150
20231218,11:47:48,66.3,50,247150
20231218,11:47:55,66.05,450,247300
20231218,11:48:03,66.05,50,247300
20231218,11:48:19,66.0,50,247300
20231218,11:48:35,65.9,150,247300
20231218,11:48:43,65.9,100,247300
20231218,11:48:53,65.8,50,247300
20231218,11:49:04,66.0,250,247300
20231218,11:49:13,66.0,150,247300
20231218,11:49:21,66.2,150,247300
20231218,11:50:10,66.4,450,247300
20231218,11:50:19,66.35,1250,247300
20231218,11:50:36,65.9,50,247300
20231218,11:50:53,65.75,100,247300
20231218,11:51:10,65.9,50,247400
20231218,11:51:19,66.0,50,247400
20231218,11:51:51,66.05,50,247400
20231218,11:53:03,66.2,50,247400
20231218,11:53:19,66.3,550,247400
20231218,11:53:35,66.3,100,247400
20231218,11:53:43,66.3,50,247400
20231218,11:53:51,66.4,450,247400
20231218,11:53:59,66.4,450,247350
20231218,11:54:07,66.3,100,247350
20231218,11:54:38,66.55,50,247350
20231218,11:54:46,66.4,50,247350
20231218,11:54:54,66.4,150,247350
20231218,11:55:03,66.25,50,247350
20231218,11:55:36,66.15,50,247350
20231218,11:56:01,66.05,50,247350
20231218,11:56:26,66.0,50,247350
20231218,11:56:35,66.05,50,247350
20231218,11:56:43,65.95,50,247350
20231218,11:56:52,65.8,50,247350
20231218,11:57:01,65.75,150,247350
20231218,11:57:36,66.3,400,247350
20231218,11:57:44,66.15,250,247350
20231218,11:58:00,66.0,50,247350
20231218,11:58:16,66.05,100,247350
20231218,11:58:25,65.7,50,247350
20231218,11:58:34,65.7,100,247350
20231218,11:58:51,65.6,200,247350
20231218,11:59:34,65.45,50,247350
20231218,11:59:44,64.7,750,247350
20231218,11:59:54,64.95,450,247300
20231218,12:00:03,65.25,450,247300
20231218,12:00:13,65.15,100,247300
20231218,12:00:22,65.1,100,247300
20231218,12:00:32,65.2,250,247300
20231218,12:00:41,65.2,150,247300
20231218,12:01:51,65.2,250,247300
20231218,12:02:07,65.5,250,247300
20231218,12:03:08,65.45,300,247200
20231218,12:03:23,65.4,400,247200
20231218,12:03:31,65.45,400,247200
20231218,12:03:39,65.5,100,247200
20231218,12:04:03,65.45,100,247200
20231218,12:04:33,65.55,100,247200
20231218,12:04:42,65.7,350,247200
20231218,12:04:58,65.7,50,247200
20231218,12:05:23,65.95,250,247200
20231218,12:05:57,66.15,650,247600
20231218,12:06:14,66.1,50,247600
20231218,12:06:31,66.1,50,247600
20231218,12:06:56,66.1,400,247600
20231218,12:07:04,66.05,100,247600
20231218,12:07:13,66.05,50,247600
20231218,12:07:29,65.9,100,247600
20231218,12:07:37,65.7,100,247600
20231218,12:07:45,65.75,200,247600
20231218,12:08:00,65.7,200,247600
20231218,12:08:09,65.6,150,247600
20231218,12:08:43,65.75,50,247600
20231218,12:08:50,65.7,50,247600
20231218,12:09:06,65.7,50,246850
20231218,12:09:15,65.25,400,246850
20231218,12:09:33,65.3,50,246850
20231218,12:09:41,65.15,100,246850
20231218,12:10:08,65.0,50,246850
20231218,12:10:26,65.0,50,246850
20231218,12:10:43,65.2,4050,246850
20231218,12:10:51,65.35,100,246850
20231218,12:10:59,65.2,50,246850
20231218,12:11:07,65.3,50,246850
20231218,12:11:15,65.25,50,246850
20231218,12:11:23,65.1,50,246850
20231218,12:11:39,65.2,250,246850
20231218,12:12:49,65.25,150,243150
20231218,12:13:05,65.4,350,243150
20231218,12:13:12,65.35,50,243150
20231218,12:13:19,65.25,50,243150
20231218,12:13:35,65.4,50,243150
20231218,12:14:16,65.7,50,243150
20231218,12:15:05,65.6,50,243150
20231218,12:15:22,65.6,50,243150
20231218,12:15:30,65.8,50,243150
20231218,12:17:57,65.75,150,243150
20231218,12:19:59,65.4,250,243250
20231218,12:20:08,65.0,550,243250
20231218,12:20:41,65.4,150,243250
20231218,12:21:01,65.4,100,243250
20231218,12:22:18,65.25,50,243250
20231218,12:22:27,65.45,50,243250
20231218,12:23:30,65.75,50,243250
20231218,12:26:04,65.2,50,243250
20231218,12:27:00,65.0,250,243250
20231218,12:29:34,65.0,1800,243250
20231218,12:29:44,63.95,100,243250
20231218,12:29:55,63.4,2100,243250
20231218,12:30:06,63.5,100,244850
20231218,12:31:40,64.3,50,244850
20231218,12:32:08,64.65,500,244850
20231218,12:32:35,64.2,50,244850
20231218,12:32:44,64.1,100,244850
20231218,12:32:53,63.9,200,244850
20231218,12:33:10,64.3,150,245150
20231218,12:33:54,64.1,100,245150
20231218,12:34:48,64.0,400,245150
20231218,12:36:28,64.65,150,245150
20231218,12:36:42,64.65,200,245150
20231218,12:37:52,64.85,250,245150
20231218,12:38:08,64.55,200,245150
20231218,12:38:54,64.5,100,245150
20231218,12:39:00,64.3,100,245750
20231218,12:39:23,64.25,100,245750
20231218,12:40:03,64.25,50,245750
20231218,12:40:42,64.0,100,245750
20231218,12:42:26,64.2,200,245900
20231218,12:43:27,63.75,100,245900
20231218,12:45:13,64.05,150,245800
20231218,12:48:13,63.75,150,245850
20231218,12:48:44,63.45,600,245850
20231218,12:48:59,63.1,250,245850
20231218,12:49:07,63.0,300,245850
20231218,12:50:53,62.9,300,245850
20231218,12:51:43,62.6,100,246250
20231218,12:53:38,63.0,250,246250
20231218,12:53:53,62.7,200,246250
20231218,12:57:38,62.0,100,246150
20231218,12:58:14,62.45,100,246150
20231218,12:59:41,62.0,100,246150
20231218,12:59:57,61.85,50,246150
20231218,13:00:19,62.1,50,246250
20231218,13:00:26,62.1,200,246250
20231218,13:00:55,62.35,100,246250
20231218,13:01:04,62.15,150,246250
20231218,13:01:12,62.0,50,246250
20231218,13:01:21,62.05,250,246250
20231218,13:01:29,61.8,50,246250
20231218,13:01:37,61.8,350,246250
20231218,13:01:53,61.8,50,246250
20231218,13:02:17,61.7,50,246250
20231218,13:02:41,61.5,100,246250
20231218,13:03:54,61.05,2400,246500
20231218,13:04:02,61.25,100,246500
20231218,13:04:26,61.35,100,246500
20231218,13:05:14,61.05,100,246500
20231218,13:05:22,61.0,350,246500
20231218,13:05:30,60.9,250,246500
20231218,13:05:38,60.9,250,246500
20231218,13:06:02,60.75,250,246500
20231218,13:06:10,60.45,250,246050
20231218,13:06:37,60.45,50,246050
20231218,13:07:07,60.45,150,246050
20231218,13:07:24,60.45,50,246050
20231218,13:07:40,60.75,200,246050
20231218,13:07:48,60.9,50,246050
20231218,13:08:47,60.5,50,246050
20231218,13:09:29,60.5,50,245900
20231218,13:09:46,60.4,350,245900
20231218,13:10:18,60.85,100,245900
20231218,13:10:52,60.6,50,245900
20231218,13:11:49,60.65,50,245900
20231218,13:12:27,60.6,150,245850
20231218,13:12:34,60.65,1800,245850
20231218,13:12:57,60.65,1800,245850
20231218,13:13:06,60.35,50,245850
20231218,13:13:33,60.0,200,245850
20231218,13:13:58,60.0,850,245850
20231218,13:15:03,60.3,50,245850
20231218,13:15:19,60.75,150,250350
20231218,13:16:15,60.8,100,250350
20231218,13:16:31,60.9,2700,250350
20231218,13:16:39,60.75,50,250350
20231218,13:16:47,61.0,1000,250350
20231218,13:18:21,61.15,50,246700
20231218,13:20:54,61.8,100,246700
20231218,13:21:10,61.9,50,246750
20231218,13:21:26,62.4,300,246750
20231218,13:21:34,62.25,100,246750
20231218,13:21:42,62.25,250,246750
20231218,13:22:21,62.2,50,246750
20231218,13:24:04,62.1,100,246750
20231218,13:24:20,62.0,450,246700
20231218,13:24:27,62.0,50,246700
20231218,13:24:42,62.0,50,246700
20231218,13:24:49,62.0,200,246700
20231218,13:25:54,62.75,50,246700
20231218,13:27:02,62.4,50,246700
20231218,13:27:32,62.5,450,247300
20231218,13:27:48,62.7,100,247300
20231218,13:27:56,62.75,100,247300
20231218,13:28:20,62.7,150,247300
20231218,13:28:42,62.4,200,247300
20231218,13:28:49,62.45,50,247300
20231218,13:28:57,62.55,50,247300
20231218,13:29:11,62.7,100,247300
20231218,13:29:33,63.0,150,247300
20231218,13:34:05,62.7,650,246900
20231218,13:34:27,62.7,50,246900
20231218,13:34:43,62.7,50,246900
20231218,13:35:54,62.25,50,246900
20231218,13:36:44,62.15,50,247000
20231218,13:41:45,63.45,200,246950
20231218,13:42:10,62.6,50,247000
20231218,13:42:18,62.55,50,247000
20231218,13:43:30,62.6,150,247000
20231218,13:44:18,62.6,50,247000
20231218,13:44:25,62.75,100,247000
20231218,13:44:49,62.75,250,247000
20231218,13:44:57,62.75,250,247000
20231218,13:46:29,63.2,150,247000
20231218,13:47:01,63.0,300,247000
20231218,13:47:24,63.0,50,247000
20231218,13:48:28,63.05,50,246800
20231218,13:48:44,62.9,50,246800
20231218,13:49:45,62.4,750,246800
20231218,13:50:24,62.45,50,246800
20231218,13:50:31,62.45,150,246800
20231218,13:50:46,62.5,50,246800
20231218,13:51:25,63.1,50,246950
20231218,13:51:33,62.8,50,246950
20231218,13:51:49,63.1,100,246950
20231218,13:52:21,62.35,50,246950
20231218,13:52:30,62.3,250,246950
20231218,13:52:56,62.25,100,246950
20231218,13:55:13,62.75,50,246850
20231218,13:55:59,62.95,250,246850
20231218,13:56:22,62.8,300,246850
20231218,13:57:28,63.2,50,246750
20231218,13:58:04,63.15,300,246750
20231218,13:58:11,63.2,350,246750
20231218,13:58:26,62.75,200,246750
20231218,13:59:25,62.35,100,246750
20231218,13:59:47,62.65,100,246750
20231218,14:00:01,62.7,250,246750
20231218,14:00:31,62.55,150,246750
20231218,14:00:39,62.5,300,246800
20231218,14:02:25,63.5,300,246800
20231218,14:03:07,63.9,600,246800
20231218,14:03:33,63.9,50,246750
20231218,14:03:58,63.9,500,246750
20231218,14:04:07,63.75,100,246750
20231218,14:05:52,64.0,800,246750
20231218,14:06:00,64.0,500,246750
20231218,14:06:41,63.35,300,246700
20231218,14:09:21,62.85,250,246700
20231218,14:09:51,62.25,450,246700
20231218,14:09:59,62.5,300,246700
20231218,14:10:22,62.55,500,246700
20231218,14:10:30,62.5,1050,246700
20231218,14:10:47,62.8,500,246700
20231218,14:11:24,62.8,50,246700
20231218,14:13:34,63.0,50,246900
20231218,14:13:58,63.6,50,246900
20231218,14:14:17,64.5,150,246900
20231218,14:14:35,64.25,100,246900
20231218,14:15:25,63.95,50,246900
20231218,14:16:41,63.8,500,246900
20231218,14:17:45,63.15,100,246900
20231218,14:19:17,63.0,1100,246950
20231218,14:19:25,63.15,150,246950
20231218,14:19:55,63.15,50,246950
20231218,14:22:21,63.15,150,247000
20231218,14:23:23,63.4,100,247000
20231218,14:23:31,63.5,100,247000
20231218,14:24:57,63.15,50,247000
20231218,14:27:40,64.3,100,247000
20231218,14:28:19,64.3,100,247000
20231218,14:30:49,64.9,100,246900
20231218,14:31:28,64.75,150,246900
20231218,14:31:36,64.75,100,246900
20231218,14:32:34,65.8,3600,246900
20231218,14:32:52,66.5,50,246900
20231218,14:33:02,65.75,100,246900
20231218,14:33:29,65.75,50,243400
20231218,14:33:54,65.4,100,243400
20231218,14:34:02,65.5,450,243400
20231218,14:34:10,65.8,150,243400
20231218,14:35:15,66.45,100,243400
20231218,14:35:32,66.1,50,243400
20231218,14:35:41,66.0,450,243400
20231218,14:36:32,66.0,350,243450
20231218,14:37:44,66.0,50,243450
20231218,14:38:15,65.75,50,243450
20231218,14:38:23,65.7,50,243450
20231218,14:39:36,65.7,100,243400
20231218,14:39:44,66.0,200,243400
20231218,14:43:06,64.25,200,243400
20231218,14:43:44,63.3,50,243400
20231218,14:44:03,63.8,100,243400
20231218,14:44:12,63.7,100,243400
20231218,14:45:10,63.3,200,243400
20231218,14:46:07,63.55,50,243250
20231218,14:46:25,63.95,50,243250
20231218,14:47:00,63.8,300,243250
20231218,14:47:28,63.2,50,243250
20231218,14:47:37,63.0,200,243250
20231218,14:47:49,63.05,100,243250
20231218,14:47:58,63.15,50,243250
20231218,14:48:16,63.05,100,243250
20231218,14:48:53,63.25,100,243800
20231218,14:49:20,62.9,50,243800
20231218,14:49:28,62.95,150,243800
20231218,14:50:20,63.25,700,243800
20231218,14:51:27,63.25,50,243100
20231218,14:51:44,63.2,100,243100
20231218,14:53:47,63.3,50,243100
20231218,14:53:56,63.8,50,243100
20231218,14:54:30,63.85,1200,243150
20231218,14:54:56,62.2,250,243150
20231218,14:55:05,62.25,50,243150
20231218,14:55:14,62.5,100,243150
20231218,14:56:54,62.5,500,243150
20231218,14:57:43,62.8,100,243650
20231218,14:58:27,62.95,200,243650
20231218,14:59:45,61.15,650,243650
20231218,14:59:53,61.6,200,243650
20231218,15:00:02,61.15,100,243650
20231218,15:00:20,61.7,350,243650
20231218,15:00:29,61.45,100,244100
20231218,15:01:04,61.8,100,244100
20231218,15:01:13,61.5,100,244100
20231218,15:01:42,61.1,1050,244100
20231218,15:02:01,61.25,600,244100
20231218,15:03:37,60.9,200,243950
20231218,15:03:46,60.8,100,243950
20231218,15:04:04,60.75,100,243950
20231218,15:05:05,60.75,600,243950
20231218,15:05:24,61.0,250,243950
20231218,15:06:25,61.05,50,243950
20231218,15:07:08,61.55,100,243400
20231218,15:07:17,61.8,100,243400
20231218,15:08:16,61.95,1550,243400
20231218,15:08:24,62.4,200,243400
20231218,15:08:33,61.3,500,243400
20231218,15:08:42,60.95,150,243400
20231218,15:08:50,60.75,650,243400
20231218,15:09:00,61.0,200,243400
20231218,15:09:09,60.9,250,243400
20231218,15:09:27,60.9,200,244600
20231218,15:09:35,60.85,300,244600
20231218,15:09:52,60.5,200,244600
20231218,15:10:01,61.05,100,244600
20231218,15:11:02,61.9,50,244600
20231218,15:11:11,61.85,150,244600
20231218,15:11:29,61.5,200,244600
20231218,15:11:38,61.65,100,244600
20231218,15:11:55,61.25,50,244600
20231218,15:12:04,61.1,150,244600
20231218,15:12:13,60.85,100,244600
20231218,15:12:31,61.0,1000,244900
20231218,15:15:25,60.6,750,244900
20231218,15:16:01,60.45,150,244900
20231218,15:16:11,60.3,50,244900
20231218,15:16:30,60.2,50,244900
20231218,15:16:40,60.25,50,244900
20231218,15:16:50,60.0,250,244900
20231218,15:17:10,59.55,100,244900
20231218,15:17:19,59.6,50,244900
20231218,15:17:29,59.6,100,244900
20231218,15:17:39,59.75,1550,244900
20231218,15:17:48,59.9,100,244900
20231218,15:18:15,60.0,200,244900
20231218,15:18:25,60.0,150,244900
20231218,15:18:43,60.0,50,245250
20231218,15:19:00,60.0,100,245250
20231218,15:19:51,60.0,50,245250
20231218,15:20:00,60.0,200,245250
20231218,15:20:13,60.2,100,245250
20231218,15:20:42,60.35,50,245250
20231218,15:20:50,60.3,50,245250
20231218,15:21:17,60.3,300,245250
20231218,15:21:45,60.3,350,245150
20231218,15:22:11,60.25,100,245150
20231218,15:22:29,60.0,550,245150
20231218,15:22:38,59.7,50,245150
20231218,15:23:18,59.45,50,245150
20231218,15:23:36,59.1,200,245150
20231218,15:23:46,59.1,300,245150
20231218,15:24:23,59.4,700,245150
20231218,15:24:32,59.4,100,245100
20231218,15:25:10,59.15,550,245100
20231218,15:25:19,59.2,100,245100
20231218,15:25:28,59.2,100,245100
20231218,15:25:37,59.25,850,245100
20231218,15:25:57,59.0,750,245100
20231218,15:26:07,58.7,350,245100
20231218,15:26:16,58.95,50,245100
20231218,15:26:45,58.9,500,245100
20231218,15:26:55,58.9,50,245100
20231218,15:27:13,59.15,250,245100
20231218,15:27:23,59.2,250,245100
20231218,15:27:33,59.3,900,244350
20231218,15:28:10,59.05,200,244350
20231218,15:28:19,59.3,150,244350
20231218,15:28:28,59.35,50,244350
20231218,15:29:16,58.95,100,244350
20231218,15:29:38,59.35,200,244350
20231218,15:29:51,58.8,50,244350
20231218,15:30:01,59.35,100,244350
20231219,09:15:13,58.25,1,244650
20231219,09:15:13,56.75,1,244650
20231219,09:15:13,57.25,1250,244650
20231219,09:15:36,60.4,350,244650
20231219,09:15:45,60.0,700,244650
20231219,09:16:03,61.25,1050,244650
20231219,09:16:13,61.6,500,244650
20231219,09:16:22,61.6,400,244650
20231219,09:16:31,61.6,50,244650
20231219,09:16:39,61.2,250,244650
20231219,09:16:57,60.7,50,244650
20231219,09:17:25,59.95,50,244650
20231219,09:17:33,60.0,2400,244650
20231219,09:17:52,59.5,1800,245400
20231219,09:18:02,59.8,350,245400
20231219,09:18:19,60.2,50,245400
20231219,09:19:39,60.35,50,245400
20231219,09:19:57,60.15,100,245400
20231219,09:20:16,60.0,50,245400
20231219,09:20:25,60.0,50,245400
20231219,09:21:39,60.0,50,245600
20231219,09:21:49,60.3,150,245600
20231219,09:22:30,60.3,200,245600
20231219,09:24:16,60.25,50,245500
20231219,09:24:25,60.7,150,245500
20231219,09:24:44,60.25,550,245500
20231219,09:27:32,60.0,200,245150
20231219,09:27:42,60.45,50,245150
20231219,09:28:01,60.4,50,245150
20231219,09:28:11,60.3,100,245150
20231219,09:28:31,60.6,100,245150
20231219,09:29:00,60.8,100,245150
20231219,09:30:06,61.1,200,245050
20231219,09:30:26,61.0,150,245050
20231219,09:30:45,61.0,50,245050
20231219,09:31:04,60.7,50,245050
20231219,09:31:23,60.6,100,245050
20231219,09:31:33,61.05,50,245050
20231219,09:32:25,60.95,150,245050
20231219,09:32:42,60.9,50,245050
20231219,09:33:07,60.7,100,244900
20231219,09:33:16,60.55,200,244900
20231219,09:33:34,61.2,100,244900
20231219,09:33:43,61.15,50,244900
20231219,09:34:44,61.0,100,244900
20231219,09:34:53,60.8,100,244900
20231219,09:35:02,60.8,400,244900
20231219,09:35:12,60.8,400,244900
20231219,09:35:21,60.45,950,244900
20231219,09:35:31,60.6,450,244900
20231219,09:35:41,60.45,550,244900
20231219,09:35:50,60.45,200,245200
20231219,09:36:00,60.35,100,245200
20231219,09:36:11,60.0,300,245200
20231219,09:36:22,60.0,400,245200
20231219,09:36:32,59.5,700,245200
20231219,09:36:41,59.95,150,245200
20231219,09:36:50,59.95,50,245200
20231219,09:37:08,59.95,100,245200
20231219,09:37:17,60.05,50,245200
20231219,09:37:26,59.8,100,245200
20231219,09:37:36,59.75,1150,245200
20231219,09:37:46,59.8,500,245200
20231219,09:37:56,59.7,600,245200
20231219,09:38:06,60.0,450,245200
20231219,09:38:25,59.15,400,245200
20231219,09:38:26,59.25,50,245200
20231219,09:38:28,59.6,150,245200
20231219,09:38:29,59.6,50,245200
20231219,09:38:34,58.85,900,245200
20231219,09:38:36,59.45,50,245200
20231219,09:38:43,59.5,50,245200
20231219,09:38:51,59.0,50,245700
20231219,09:38:52,59.0,50,245700
20231219,09:38:53,59.05,50,245700
20231219,09:38:54,58.7,50,245700
20231219,09:38:55,58.8,350,245700
20231219,09:39:04,58.25,350,245700
20231219,09:39:05,58.25,1000,245700
20231219,09:39:07,58.25,200,245700
20231219,09:39:09,58.35,50,245700
20231219,09:39:12,58.3,100,245700
20231219,09:39:20,58.25,450,245700
20231219,09:39:38,57.75,1100,245700
20231219,09:39:59,57.85,2450,245700
20231219,09:40:10,57.5,1700,245700
20231219,09:40:20,57.45,1100,245700
20231219,09:40:30,57.25,1350,245700
20231219,09:40:40,56.85,750,245700
20231219,09:40:51,56.45,2350,245700
20231219,09:41:02,55.75,3900,245700
20231219,09:41:13,55.65,350,245700
20231219,09:41:33,55.6,300,245700
20231219,09:41:52,55.6,550,243900
20231219,09:42:11,55.6,50,243900
20231219,09:42:21,55.6,50,243900
20231219,09:42:27,55.65,100,243900
20231219,09:42:42,55.65,350,243900
20231219,09:43:02,55.2,50,243900
20231219,09:43:05,55.2,100,243900
20231219,09:43:45,54.75,500,243900
20231219,09:43:56,54.75,450,243900
20231219,09:44:17,54.6,200,243900
20231219,09:44:37,54.6,250,243900
20231219,09:46:00,54.2,50,244050
20231219,09:46:20,53.95,200,244050
20231219,09:46:30,53.95,50,244050
20231219,09:46:50,53.75,400,244050
20231219,09:46:59,53.6,200,244050
20231219,09:47:08,53.4,150,244050
20231219,09:47:37,53.25,1050,244050
20231219,09:47:46,53.25,900,244050
20231219,09:47:54,53.25,50,244150
20231219,09:48:04,53.4,200,244150
20231219,09:48:13,53.4,50,244150
20231219,09:49:16,53.45,1100,244150
20231219,09:49:25,53.85,50,244150
20231219,09:49:33,53.9,150,244150
20231219,09:50:10,53.75,1100,244150
20231219,09:50:29,53.9,200,244150
20231219,09:50:38,54.2,1500,244150
20231219,09:51:06,53.6,1000,243900
20231219,09:51:16,54.0,1200,243900
20231219,09:51:35,54.1,100,243900
20231219,09:51:44,54.15,100,243900
20231219,09:52:31,54.2,250,243900
20231219,09:52:40,54.2,100,243900
20231219,09:52:48,54.2,1100,243900
20231219,09:52:57,53.45,950,243900
20231219,09:53:07,53.8,950,243900
20231219,09:53:26,53.6,100,243900
20231219,09:53:33,53.45,700,243900
20231219,09:53:36,53.25,450,243900
20231219,09:53:39,53.25,250,243900
20231219,09:53:44,53.25,100,243900
20231219,09:53:47,53.25,100,244100
20231219,09:53:56,53.1,150,244100
20231219,09:53:57,53.1,150,244100
20231219,09:54:00,53.35,450,244100
20231219,09:54:20,53.1,100,244100
20231219,09:54:29,53.2,100,244100
20231219,09:55:01,53.1,100,244100
20231219,09:55:03,53.0,50,244100
20231219,09:55:15,53.0,50,244100
20231219,09:55:19,52.95,350,244100
20231219,09:55:31,52.95,400,244100
20231219,09:55:41,52.95,100,244100
20231219,09:55:59,53.0,100,244100
20231219,09:56:09,53.05,100,244100
20231219,09:56:28,53.0,400,244100
20231219,09:56:36,53.05,100,244100
20231219,09:57:17,53.2,100,244550
20231219,09:57:25,53.2,50,244550
20231219,09:57:33,53.3,150,244550
20231219,09:57:42,53.7,150,244550
20231219,09:58:06,53.85,100,244550
20231219,09:58:15,54.15,250,244550
20231219,09:58:32,54.1,250,244550
20231219,09:58:40,53.7,300,244550
20231219,09:58:58,53.7,100,244550
20231219,09:59:15,54.2,200,244550
20231219,09:59:24,54.15,100,244550
20231219,09:59:32,54.1,50,244550
20231219,09:59:41,54.1,50,244550
20231219,10:00:24,54.05,100,244650
20231219,10:01:15,53.75,100,244650
20231219,10:01:32,54.0,750,244650
20231219,10:02:22,53.7,50,244650
20231219,10:02:47,53.7,200,244650
20231219,10:03:19,53.65,100,244850
20231219,10:03:27,53.8,50,244850
20231219,10:03:36,53.8,50,244850
20231219,10:03:52,54.0,700,244850
20231219,10:04:00,53.95,100,244850
20231219,10:04:09,53.9,350,244850
20231219,10:04:17,54.0,650,244850
20231219,10:04:26,54.1,150,244850
20231219,10:04:34,53.8,300,244850
20231219,10:04:44,54.0,1000,244850
20231219,10:04:54,53.45,1500,244850
20231219,10:05:05,54.1,1650,244850
20231219,10:05:15,53.7,600,244850
20231219,10:05:25,54.1,850,244850
20231219,10:05:34,54.15,200,244850
20231219,10:05:43,54.2,650,244850
20231219,10:05:52,54.35,100,244650
20231219,10:06:01,54.3,50,244650
20231219,10:06:10,54.3,100,244650
20231219,10:06:19,54.4,850,244650
20231219,10:06:28,54.25,700,244650
20231219,10:06:37,54.15,650,244650
20231219,10:06:47,54.15,850,244650
20231219,10:06:56,53.6,150,244650
20231219,10:07:06,53.8,300,244650
20231219,10:07:15,53.7,100,244650
20231219,10:07:24,53.7,100,244650
20231219,10:07:33,53.7,100,244650
20231219,10:07:42,53.45,50,244650
20231219,10:07:51,53.65,500,244650
20231219,10:08:00,53.75,100,244650
20231219,10:08:11,53.4,900,244650
20231219,10:08:21,53.25,1000,244650
20231219,10:08:30,53.25,1250,244650
20231219,10:08:40,53.0,50,244650
20231219,10:08:59,52.7,100,245600
20231219,10:09:19,52.7,250,245600
20231219,10:09:28,52.8,500,245600
20231219,10:09:47,52.9,50,245600
20231219,10:10:07,52.3,500,245600
20231219,10:10:16,52.6,150,245600
20231219,10:10:25,52.6,150,245600
20231219,10:10:33,52.6,150,245600
20231219,10:10:42,51.85,200,245600
20231219,10:12:38,51.85,50,246200
20231219,10:13:03,52.7,3600,246200
20231219,10:13:17,52.35,100,246200
20231219,10:13:18,52.35,50,246200
20231219,10:13:19,52.35,100,246200
20231219,10:13:20,52.5,100,246200
20231219,10:13:48,52.9,1500,246200
20231219,10:13:49,52.9,300,246200
20231219,10:13:50,52.95,50,246200
20231219,10:14:01,52.9,1100,246200
20231219,10:14:04,52.95,200,246200
20231219,10:14:16,52.95,100,246200
20231219,10:14:19,52.9,100,246200
20231219,10:14:21,52.9,50,246200
20231219,10:14:24,53.2,2350,246200
20231219,10:14:25,53.2,700,246200
20231219,10:14:27,53.2,550,246200
20231219,10:14:35,53.0,150,246200
20231219,10:14:52,53.1,700,255750
20231219,10:15:00,53.2,350,255750
20231219,10:15:09,53.3,150,255750
20231219,10:15:17,52.95,550,255750
20231219,10:15:25,53.2,350,255750
20231219,10:15:34,53.4,500,255750
20231219,10:16:09,53.55,50,255750
20231219,10:16:18,53.9,450,255750
20231219,10:16:53,54.0,100,255750
20231219,10:17:18,54.05,300,255750
20231219,10:17:27,54.0,400,255750
20231219,10:17:36,54.2,100,255750
20231219,10:17:44,54.25,100,255750
20231219,10:17:53,54.35,200,256000
20231219,10:18:11,54.55,100,256000
20231219,10:18:20,54.6,250,256000
20231219,10:18:38,54.3,50,256000
20231219,10:18:55,54.75,100,256000
20231219,10:19:05,55.0,1000,256000
20231219,10:19:42,55.15,100,256000
20231219,10:19:51,55.15,100,256000
20231219,10:20:10,55.3,400,256000
20231219,10:20:28,55.25,100,256000
20231219,10:20:37,55.1,100,256000
20231219,10:20:45,55.2,100,256000
20231219,10:20:52,55.3,100,255900
20231219,10:21:11,56.0,450,255900
20231219,10:21:29,56.0,600,255900
20231219,10:21:46,55.9,200,255900
20231219,10:22:03,55.8,100,255900
20231219,10:22:20,55.8,100,255900
20231219,10:22:37,55.7,100,255900
20231219,10:23:01,55.6,100,255900
20231219,10:23:09,55.6,200,255900
20231219,10:23:52,54.5,450,255900
20231219,10:24:00,54.9,50,255750
20231219,10:24:09,54.8,50,255750
20231219,10:25:24,54.3,50,255750
20231219,10:27:21,54.35,350,255800
20231219,10:27:28,54.05,100,255800
20231219,10:27:53,54.2,600,255800
20231219,10:28:01,54.2,50,255800
20231219,10:28:10,54.25,250,255800
20231219,10:28:18,54.0,50,255800
20231219,10:28:27,54.05,100,255800
20231219,10:28:36,53.85,200,255800
20231219,10:28:44,53.85,100,255800
20231219,10:28:53,53.9,100,255800
20231219,10:29:01,53.85,150,255800
20231219,10:29:09,53.65,300,255800
20231219,10:29:27,53.7,100,255800
20231219,10:29:44,53.6,100,255800
20231219,10:30:42,53.2,4300,256100
20231219,10:30:51,53.3,350,256100
20231219,10:30:59,53.75,450,256100
20231219,10:31:07,53.7,200,256100
20231219,10:31:15,53.85,250,256100
20231219,10:31:23,53.85,200,256100
20231219,10:31:32,53.85,150,256100
20231219,10:31:40,53.7,250,256100
20231219,10:31:49,53.7,550,256100
20231219,10:31:57,53.55,250,256100
20231219,10:32:06,53.5,350,256100
20231219,10:32:14,53.35,350,256100
20231219,10:32:23,53.4,250,256100
20231219,10:32:32,53.25,150,256100
20231219,10:32:40,53.3,150,256100
20231219,10:33:36,53.65,200,256100
20231219,10:33:44,53.7,300,256100
20231219,10:33:53,53.9,800,256100
20231219,10:34:02,53.9,200,256100
20231219,10:34:19,54.35,50,256100
20231219,10:34:28,54.1,850,256100
20231219,10:34:36,54.55,100,256100
20231219,10:34:46,54.85,100,256100
20231219,10:34:56,54.75,200,256100
20231219,10:35:05,54.65,450,256100
20231219,10:35:25,54.95,50,256100
20231219,10:35:35,54.9,100,256100
20231219,10:35:45,54.95,100,256100
20231219,10:39:32,54.35,50,257250
20231219,10:39:50,54.75,50,257250
20231219,10:40:07,55.0,200,257250
20231219,10:40:16,55.2,200,257250
20231219,10:40:34,54.75,200,257250
20231219,10:41:26,54.95,100,257250
20231219,10:42:28,55.35,50,256950
20231219,10:43:05,55.8,800,256950
20231219,10:43:25,56.0,50,256950
20231219,10:43:45,56.45,50,256950
20231219,10:45:48,55.6,200,257500
20231219,10:46:15,55.8,50,257500
20231219,10:47:09,56.25,2200,257500
20231219,10:47:27,56.45,100,257500
20231219,10:47:36,56.6,50,257500
20231219,10:47:53,56.65,50,257500
20231219,10:48:45,56.25,150,256750
20231219,10:48:54,56.45,300,256750
20231219,10:49:03,56.45,100,256750
20231219,10:49:12,56.3,50,256750
20231219,10:49:47,56.0,50,256750
20231219,10:49:55,56.2,300,256750
20231219,10:50:13,56.1,100,256750
20231219,10:50:21,56.15,100,256750
20231219,10:50:39,56.3,300,256750
20231219,10:50:48,56.45,100,256750
20231219,10:50:57,56.55,100,256750
20231219,10:51:32,56.15,100,257000
20231219,10:51:58,55.75,250,257000
20231219,10:52:23,55.95,50,257000
20231219,10:52:32,56.35,100,257000
20231219,10:53:25,56.7,850,257000
20231219,10:53:33,56.25,2000,257000
20231219,10:53:42,56.65,250,257000
20231219,10:53:59,56.85,400,257850
20231219,10:54:08,57.2,900,257850
20231219,10:54:17,57.05,150,257850
20231219,10:54:26,56.8,300,257850
20231219,10:54:34,56.75,200,257850
20231219,10:54:42,56.9,250,257850
20231219,10:54:50,56.9,100,257850
20231219,10:54:58,57.0,100,257850
20231219,10:55:06,56.95,1250,257850
20231219,10:55:15,56.85,300,257850
20231219,10:55:23,57.0,350,257850
20231219,10:55:32,56.85,600,257850
20231219,10:55:41,57.1,550,257850
20231219,10:55:49,57.1,800,257850
20231219,10:55:57,57.25,1350,257850
20231219,10:56:06,57.0,1200,257850
20231219,10:56:30,57.35,100,257850
20231219,10:56:38,57.4,850,257850
20231219,10:56:46,57.4,700,257850
20231219,10:56:55,57.25,700,257850
20231219,10:57:04,57.55,250,257050
20231219,10:57:12,57.75,1050,257050
20231219,10:57:21,57.75,900,257050
20231219,10:57:37,57.5,600,257050
20231219,10:57:45,57.8,950,257050
20231219,10:57:54,57.85,450,257050
20231219,10:58:10,57.9,500,257050
20231219,10:58:18,57.8,200,257050
20231219,10:58:26,57.85,50,257050
20231219,10:58:33,57.75,600,257050
20231219,10:58:40,57.75,300,257050
20231219,10:58:49,57.8,250,257050
20231219,10:58:57,57.8,150,257050
20231219,10:59:05,57.9,50,257050
20231219,10:59:13,57.75,450,257050
20231219,10:59:22,57.8,100,257050
20231219,10:59:31,57.65,50,257050
20231219,10:59:40,57.85,100,257050
20231219,10:59:58,58.0,200,257050
20231219,11:00:07,58.05,650,257950
20231219,11:00:16,58.25,100,257950
20231219,11:00:34,58.2,50,257950
20231219,11:00:51,58.2,800,257950
20231219,11:01:00,58.3,900,257950
20231219,11:01:09,58.35,550,257950
20231219,11:01:27,58.35,100,257950
20231219,11:01:35,58.4,150,257950
20231219,11:01:44,58.4,50,257950
20231219,11:01:53,58.6,250,257950
20231219,11:02:11,58.75,100,257950
20231219,11:02:20,58.65,150,257950
20231219,11:02:29,58.5,500,257950
20231219,11:02:38,58.2,2700,257950
20231219,11:02:47,58.45,500,257950
20231219,11:02:55,58.4,150,257950
20231219,11:03:12,58.4,350,259450
20231219,11:03:20,58.45,300,259450
20231219,11:03:29,58.15,1300,259450
20231219,11:03:37,58.35,750,259450
20231219,11:03:46,58.1,1000,259450
20231219,11:03:55,58.35,650,259450
20231219,11:04:04,58.35,450,259450
20231219,11:04:22,58.15,150,259450
20231219,11:04:27,58.25,150,259450
20231219,11:04:32,57.95,100,259450
20231219,11:04:33,57.9,700,259450
20231219,11:04:35,57.9,50,259450
20231219,11:04:36,58.0,200,259450
20231219,11:04:38,57.95,50,259450
20231219,11:04:39,58.25,500,259450
20231219,11:04:41,58.4,150,259450
20231219,11:04:46,58.35,50,259450
20231219,11:04:47,58.35,100,259450
20231219,11:04:48,58.4,50,259450
20231219,11:04:51,58.3,50,259450
20231219,11:04:58,57.8,100,259450
20231219,11:05:02,57.9,550,259450
20231219,11:05:04,58.05,350,259450
20231219,11:05:07,58.0,100,259450
20231219,11:05:10,57.7,100,259450
20231219,11:06:04,58.15,50,259650
20231219,11:06:23,58.5,200,259650
20231219,11:06:48,58.45,550,259650
20231219,11:06:57,58.5,200,259650
20231219,11:07:06,58.7,2100,259650
20231219,11:07:15,58.65,200,259650
20231219,11:07:23,58.65,150,259650
20231219,11:07:31,58.65,350,259650
20231219,11:07:41,58.45,150,259650
20231219,11:07:59,58.6,100,259650
20231219,11:08:08,58.5,50,259650
20231219,11:08:34,58.9,400,259650
20231219,11:08:44,58.9,250,259650
20231219,11:08:53,58.85,50,259650
20231219,11:09:02,59.0,300,260000
20231219,11:09:29,59.1,100,260000
20231219,11:09:38,59.05,100,260000
20231219,11:09:48,59.05,400,260000
20231219,11:09:57,59.3,550,260000
20231219,11:10:08,59.45,250,260000
20231219,11:10:18,59.5,950,260000
20231219,11:10:28,59.65,100,260000
20231219,11:10:38,59.75,100,260000
20231219,11:10:48,59.6,100,260000
20231219,11:10:58,59.35,100,260000
20231219,11:11:08,59.25,450,260000
20231219,11:11:17,59.25,200,260000
20231219,11:11:27,59.35,100,260000
20231219,11:11:36,59.25,50,260000
20231219,11:11:45,59.25,100,260000
20231219,11:11:54,59.4,100,260000
20231219,11:12:03,59.3,750,261150
20231219,11:12:13,59.45,150,261150
20231219,11:12:22,59.5,800,261150
20231219,11:12:40,59.75,1400,261150
20231219,11:12:59,60.0,600,261150
20231219,11:13:08,60.0,300,261150
20231219,11:13:17,59.9,250,261150
20231219,11:13:26,60.2,150,261150
20231219,11:13:35,60.3,200,261150
20231219,11:13:45,60.3,200,261150
20231219,11:13:54,60.25,300,261150
20231219,11:14:03,60.4,150,261150
20231219,11:14:32,59.8,200,261150
20231219,11:14:41,59.75,50,261150
20231219,11:14:50,59.75,750,261150
20231219,11:15:35,59.8,100,261800
20231219,11:16:01,59.95,100,261800
20231219,11:16:48,59.55,50,261800
20231219,11:16:57,59.35,400,261800
20231219,11:17:15,59.15,300,261800
20231219,11:17:35,59.05,100,261800
20231219,11:17:44,59.2,50,261800
20231219,11:17:54,59.2,100,261800
20231219,11:18:03,59.3,200,262050
20231219,11:18:22,59.15,50,262050
20231219,11:18:57,58.95,250,262050
20231219,11:19:15,58.6,150,262050
20231219,11:19:25,58.3,750,262050
20231219,11:19:34,58.6,300,262050
20231219,11:19:44,57.95,300,262050
20231219,11:19:53,58.1,200,262050
20231219,11:20:03,58.0,200,262050
20231219,11:20:23,58.1,350,262050
20231219,11:20:33,58.35,150,262050
20231219,11:20:42,58.2,350,262050
20231219,11:20:52,58.5,50,262050
20231219,11:21:09,58.6,100,262000
20231219,11:21:18,58.5,50,262000
20231219,11:21:36,58.1,100,262000
20231219,11:21:54,58.0,100,262000
20231219,11:23:48,58.3,150,262000
20231219,11:24:47,57.95,50,261750
20231219,11:27:33,58.65,100,261750
20231219,11:27:59,58.65,100,261750
20231219,11:28:32,58.8,100,261750
20231219,11:30:29,59.2,850,261850
20231219,11:31:02,59.25,100,261850
20231219,11:31:11,59.4,100,261850
20231219,11:32:10,59.6,100,261850
20231219,11:32:59,59.4,100,261850
20231219,11:33:07,59.4,50,261800
20231219,11:33:15,59.3,50,261800
20231219,11:33:22,59.2,50,261800
20231219,11:33:29,59.25,350,261800
20231219,11:36:11,58.7,50,261850
20231219,11:37:46,59.6,3100,261850
20231219,11:37:57,59.6,750,261850
20231219,11:38:27,59.9,3600,261850
20231219,11:38:37,59.75,100,261850
20231219,11:38:47,59.95,300,261850
20231219,11:39:06,60.1,100,267000
20231219,11:39:16,60.5,1000,267000
20231219,11:39:26,60.5,2700,267000
20231219,11:40:38,60.6,100,267000
20231219,11:40:48,60.5,100,267000
20231219,11:41:35,60.5,200,267000
20231219,11:41:54,60.7,100,267000
20231219,11:42:15,61.15,100,270000
20231219,11:42:26,62.0,500,270000
20231219,11:42:37,62.25,900,270000
20231219,11:42:49,62.45,450,270000
20231219,11:43:34,62.8,500,270000
20231219,11:43:45,62.55,200,270000
20231219,11:45:03,62.5,50,270000
20231219,11:46:16,63.25,1800,272150
20231219,11:46:37,63.05,100,272150
20231219,11:47:07,63.55,100,272150
20231219,11:47:16,63.7,100,272150
20231219,11:47:27,63.8,100,272150
20231219,11:47:37,63.95,200,272150
20231219,11:47:47,64.0,700,272150
20231219,11:47:57,64.15,300,272150
20231219,11:48:27,64.25,600,270550
20231219,11:49:19,64.55,250,270550
20231219,11:49:29,64.55,450,270550
20231219,11:49:49,64.5,1800,270550
20231219,11:50:00,65.25,450,270550
20231219,11:50:11,65.65,100,270550
20231219,11:50:22,65.9,100,270550
20231219,11:50:57,66.8,100,270550
20231219,11:51:07,67.1,100,270550
20231219,11:51:18,67.1,700,271100
20231219,11:51:40,67.35,200,271100
20231219,11:51:50,67.5,1800,271100
20231219,11:52:01,67.5,3600,271100
20231219,11:52:53,67.5,950,271100
20231219,11:53:03,65.85,150,271100
20231219,11:53:14,65.45,300,271100
20231219,11:53:24,65.15,200,271100
20231219,11:54:21,65.4,250,268550
20231219,11:54:31,65.35,300,268550
20231219,11:54:50,65.95,3600,268550
20231219,11:55:08,66.1,100,268550
20231219,11:55:56,66.6,100,268550
20231219,11:56:35,66.35,4450,268550
20231219,11:56:54,66.0,50,268550
20231219,11:57:13,66.05,50,274050
20231219,11:57:41,66.0,100,274050
20231219,11:58:57,66.0,50,274050
20231219,11:59:33,65.5,50,274050
20231219,12:01:38,65.15,100,274100
20231219,12:01:47,65.05,350,274100
20231219,12:02:07,64.4,350,274100
20231219,12:02:26,64.25,200,274100
20231219,12:02:35,64.1,450,274100
20231219,12:02:44,64.35,300,274100
20231219,12:02:53,64.1,100,274100
20231219,12:03:21,63.5,350,273350
20231219,12:03:31,63.55,100,273350
20231219,12:03:50,63.4,100,273350
20231219,12:04:18,63.75,150,273350
20231219,12:04:27,63.8,100,273350
20231219,12:05:30,64.4,400,273350
20231219,12:05:40,64.35,100,273350
20231219,12:07:01,64.25,300,273550
20231219,12:07:11,63.9,550,273550
20231219,12:07:20,63.85,100,273550
20231219,12:07:39,63.75,350,273550
20231219,12:07:48,63.65,100,273550
20231219,12:08:06,63.65,100,273550
20231219,12:08:25,63.6,200,273550
20231219,12:08:34,63.5,150,273550
20231219,12:08:44,63.45,300,273550
20231219,12:09:12,63.75,100,272500
20231219,12:09:29,63.65,100,272500
20231219,12:09:38,63.75,1550,272500
20231219,12:09:47,63.8,50,272500
20231219,12:10:15,64.05,50,272500
20231219,12:11:37,64.4,100,272500
20231219,12:11:55,64.6,100,272500
20231219,12:13:44,63.9,100,271850
20231219,12:14:02,63.7,100,271850
20231219,12:14:19,63.8,100,271850
20231219,12:14:27,63.9,50,271850
20231219,12:15:29,64.0,50,271800
20231219,12:15:37,64.0,850,271800
20231219,12:15:46,63.9,100,271800
20231219,12:16:04,63.9,50,271800
20231219,12:16:13,63.9,50,271800
20231219,12:16:22,63.95,1100,271800
20231219,12:16:48,64.0,550,271800
20231219,12:16:56,64.0,1250,271800
20231219,12:18:20,65.5,650,268250
20231219,12:18:39,65.0,150,268250
20231219,12:18:48,64.8,300,268250
20231219,12:18:57,64.75,1150,268250
20231219,12:19:07,64.65,100,268250
20231219,12:19:16,64.55,100,268250
20231219,12:19:26,64.45,50,268250
20231219,12:19:53,64.35,100,268250
20231219,12:20:27,64.8,100,268250
20231219,12:20:43,64.6,50,268250
20231219,12:22:07,64.5,50,269000
20231219,12:22:15,64.55,100,269000
20231219,12:22:32,64.85,250,269000
20231219,12:22:41,64.95,300,269000
20231219,12:22:50,65.0,100,269000
20231219,12:24:10,65.8,50,269000
20231219,12:24:36,65.9,50,268750
20231219,12:24:53,66.05,50,268750
20231219,12:25:02,66.2,50,268750
20231219,12:25:59,66.5,1000,268750
20231219,12:26:09,66.45,250,268750
20231219,12:26:56,65.7,200,268750
20231219,12:27:22,65.95,250,268150
20231219,12:27:48,66.0,450,268150
20231219,12:27:57,66.0,1350,268150
20231219,12:28:06,66.0,1850,268150
20231219,12:28:23,66.2,250,268150
20231219,12:28:32,65.9,300,268150
20231219,12:28:41,65.8,50,268150
20231219,12:28:50,66.1,50,268150
20231219,12:29:07,65.65,250,268150
20231219,12:29:40,65.65,50,268150
20231219,12:29:49,65.5,50,268150
20231219,12:30:15,65.5,450,265600
20231219,12:30:52,65.6,5450,265600
20231219,12:31:01,65.75,3900,265600
20231219,12:31:54,66.25,100,265600
20231219,12:32:11,66.25,100,265600
20231219,12:33:00,66.15,50,265600
20231219,12:33:09,66.0,300,265600
20231219,12:33:50,66.6,50,259600
20231219,12:34:36,67.0,50,259600
20231219,12:35:04,67.05,50,259600
20231219,12:35:24,67.25,100,259600
20231219,12:35:43,67.25,500,259600
20231219,12:36:04,67.0,650,259600
20231219,12:36:13,66.8,150,260500
20231219,12:36:22,66.8,500,260500
20231219,12:37:13,66.75,300,260500
20231219,12:37:39,66.75,150,260500
20231219,12:37:47,66.9,150,260500
20231219,12:38:13,67.0,550,260500
20231219,12:38:22,67.0,1950,260500
20231219,12:38:31,67.0,8850,260500
20231219,12:38:41,67.2,1850,260500
20231219,12:39:00,67.4,100,260500
20231219,12:39:19,67.5,100,247700
20231219,12:39:48,67.65,50,247700
20231219,12:39:58,67.65,300,247700
20231219,12:40:17,67.65,500,247700
20231219,12:40:37,67.75,350,247700
20231219,12:40:48,67.75,400,247700
20231219,12:40:58,67.75,1200,247700
20231219,12:41:08,67.45,400,247700
20231219,12:41:18,67.15,350,247700
20231219,12:41:28,67.2,550,247700
20231219,12:41:37,67.0,450,247700
20231219,12:41:54,67.0,50,247700
20231219,12:42:03,67.35,300,247700
20231219,12:42:29,67.1,350,248150
20231219,12:42:37,67.15,100,248150
20231219,12:42:47,67.55,100,248150
20231219,12:43:05,67.15,400,248150
20231219,12:43:33,67.45,50,248150
20231219,12:45:00,67.4,50,248150
20231219,12:45:09,67.4,50,248150
20231219,12:45:27,67.45,100,248150
20231219,12:45:53,67.25,800,248150
20231219,12:46:44,66.95,100,248150
20231219,12:46:53,66.95,350,248150
20231219,12:47:01,67.05,100,248150
20231219,12:47:09,66.9,200,248150
20231219,12:47:18,66.75,650,248150
20231219,12:47:27,66.85,550,248150
20231219,12:47:36,66.75,100,248150
20231219,12:47:45,66.6,850,248150
20231219,12:47:54,66.6,350,248150
20231219,12:48:03,66.55,600,248150
20231219,12:48:12,66.45,400,248150
20231219,12:48:21,66.65,500,249450
20231219,12:48:29,66.75,650,249450
20231219,12:48:38,66.75,350,249450
20231219,12:48:46,66.75,250,249450
20231219,12:49:21,66.75,300,249450
20231219,12:49:29,66.6,600,249450
20231219,12:50:11,66.75,250,249450
20231219,12:50:27,66.75,50,249450
20231219,12:50:35,66.7,400,249450
20231219,12:51:17,67.0,950,249250
20231219,12:51:27,67.1,350,249250
20231219,12:51:53,67.25,50,249250
20231219,12:52:28,67.45,1150,249250
20231219,12:52:55,67.35,200,249250
20231219,12:53:13,67.2,300,249250
20231219,12:53:22,67.25,50,249250
20231219,12:54:19,67.25,350,247450
20231219,12:54:27,67.1,50,247450
20231219,12:54:36,66.9,200,247450
20231219,12:54:46,66.7,100,247450
20231219,12:54:55,66.8,150,247450
20231219,12:55:04,66.6,200,247450
20231219,12:55:13,66.65,50,247450
20231219,12:55:39,67.15,200,247450
20231219,12:55:48,66.75,100,247450
20231219,12:56:06,66.95,50,247450
20231219,12:56:42,67.45,1250,247450
20231219,12:56:51,67.6,3550,247450
20231219,12:57:27,67.6,3650,243950
20231219,12:58:04,67.6,3200,243950
20231219,12:58:13,67.75,200,243950
20231219,12:58:22,68.0,100,243950
20231219,12:58:40,68.25,300,243950
20231219,12:59:00,68.25,50,243950
20231219,12:59:38,68.5,100,243950
20231219,12:59:48,68.5,450,243950
20231219,13:00:08,68.5,800,243950
20231219,13:00:27,67.55,50,240600
20231219,13:00:53,67.95,50,240600
20231219,13:01:02,67.6,150,240600
20231219,13:01:20,67.35,750,240600
20231219,13:01:38,67.6,200,240600
20231219,13:01:55,67.65,450,240600
20231219,13:02:04,67.6,350,240600
20231219,13:02:21,67.6,900,240600
20231219,13:02:39,67.5,100,240600
20231219,13:02:57,67.35,400,240600
20231219,13:03:06,67.6,50,240600
20231219,13:03:15,67.4,550,241200
20231219,13:03:24,67.3,150,241200
20231219,13:03:33,67.25,950,241200
20231219,13:03:50,67.35,600,241200
20231219,13:03:59,67.3,50,241200
20231219,13:04:08,67.25,150,241200
20231219,13:04:16,67.4,100,241200
20231219,13:04:42,67.45,150,241200
20231219,13:04:59,67.0,150,241200
20231219,13:05:08,66.9,150,241200
20231219,13:05:17,66.95,50,241200
20231219,13:05:26,66.6,200,241200
20231219,13:05:36,66.5,50,241200
20231219,13:05:46,65.95,950,241200
20231219,13:05:55,66.15,700,241200
20231219,13:06:05,66.0,100,241200
20231219,13:06:32,66.55,9500,240400
20231219,13:06:41,66.55,100,240400
20231219,13:06:58,66.7,250,240400
20231219,13:07:06,66.7,50,240400
20231219,13:07:15,66.65,100,240400
20231219,13:07:40,66.5,200,240400
20231219,13:07:49,66.4,300,240400
20231219,13:08:04,66.4,250,240400
20231219,13:08:38,66.5,900,240400
20231219,13:08:57,66.35,100,240400
20231219,13:10:09,66.9,400,234750
20231219,13:10:17,66.9,150,234750
20231219,13:10:26,66.9,100,234750
20231219,13:10:35,66.9,8350,234750
20231219,13:10:44,67.25,50,234750
20231219,13:12:08,67.25,50,234750
20231219,13:12:16,67.45,200,234750
20231219,13:12:50,67.55,50,226900
20231219,13:13:15,67.5,50,226900
20231219,13:13:31,67.25,50,226900
20231219,13:13:39,67.25,50,226900
20231219,13:13:48,66.95,50,226900
20231219,13:13:56,66.8,200,226900
20231219,13:14:06,66.8,5750,226900
20231219,13:14:15,66.75,50,226900
20231219,13:14:31,66.8,1800,226900
20231219,13:14:39,66.75,400,226900
20231219,13:15:12,66.8,1400,226900
20231219,13:15:20,66.9,350,219050
20231219,13:16:34,67.25,50,219050
20231219,13:17:05,67.25,50,219050
20231219,13:17:13,67.15,50,219050
20231219,13:17:30,67.05,50,219050
20231219,13:18:50,67.05,700,217250
20231219,13:19:14,67.05,1100,217250
20231219,13:20:21,66.75,50,217250
20231219,13:21:13,66.8,250,217250
20231219,13:22:29,66.8,200,217300
20231219,13:22:46,66.45,100,217300
20231219,13:22:56,66.05,850,217300
20231219,13:23:06,66.15,100,217300
20231219,13:23:15,66.35,150,217300
20231219,13:23:24,66.1,50,217300
20231219,13:23:34,66.35,200,217300
20231219,13:23:51,66.35,50,217300
20231219,13:24:07,66.3,50,217300
20231219,13:24:16,66.1,50,217300
20231219,13:24:25,66.4,100,217600
20231219,13:24:33,66.25,50,217600
20231219,13:25:27,65.7,250,217600
20231219,13:25:36,65.4,200,217600
20231219,13:25:45,65.5,150,217600
20231219,13:25:54,65.55,50,217600
20231219,13:26:03,65.6,200,217600
20231219,13:26:11,65.75,350,217600
20231219,13:26:35,65.8,800,217600
20231219,13:26:44,65.75,200,217600
20231219,13:26:53,65.8,1000,217600
20231219,13:27:18,65.95,50,217600
20231219,13:27:52,66.6,200,214750
20231219,13:28:17,66.55,50,214750
20231219,13:29:06,66.4,100,214750
20231219,13:30:43,66.75,50,214450
20231219,13:30:51,66.75,50,214450
20231219,13:31:07,66.65,100,214450
20231219,13:31:15,66.5,300,214450
20231219,13:31:31,66.55,50,214450
20231219,13:31:46,66.45,50,214450
20231219,13:32:09,66.55,50,214450
20231219,13:32:48,66.4,50,214450
20231219,13:32:56,66.4,50,214450
20231219,13:35:48,66.45,150,214250
20231219,13:36:34,66.95,50,214100
20231219,13:36:50,67.05,50,214100
20231219,13:37:15,67.2,50,214100
20231219,13:37:23,67.1,50,214100
20231219,13:37:31,67.05,100,214100
20231219,13:37:39,67.0,200,214100
20231219,13:37:47,67.0,600,214100
20231219,13:38:43,67.05,50,214100
20231219,13:42:38,68.0,200,214200
20231219,13:43:48,68.55,50,214200
20231219,13:44:07,68.6,1800,214200
20231219,13:44:16,68.6,50,214200
20231219,13:44:25,68.6,900,214200
20231219,13:46:28,68.0,1800,214200
20231219,13:46:37,68.0,100,214200
20231219,13:46:55,67.75,500,214200
20231219,13:47:38,67.95,50,214200
20231219,13:48:04,67.95,200,214200
20231219,13:48:12,68.0,2050,214200
20231219,13:48:21,68.0,50,214200
20231219,13:49:09,68.0,450,212200
20231219,13:49:25,67.5,200,212200
20231219,13:49:50,67.5,950,212200
20231219,13:50:55,68.0,2300,212200
20231219,13:51:03,68.0,3050,212200
20231219,13:51:12,68.0,100,212200
20231219,13:51:23,68.6,200,208800
20231219,13:51:42,68.5,450,208800
20231219,13:51:52,68.5,1900,208800
20231219,13:52:12,68.4,100,208800
20231219,13:52:41,68.0,100,208800
20231219,13:55:43,68.5,450,207100
20231219,13:56:22,68.6,50,207100
20231219,13:56:31,68.6,900,207100
20231219,13:56:40,68.6,3550,207100
20231219,13:56:49,68.6,1000,207100
20231219,13:56:58,68.5,900,207100
20231219,13:57:08,68.6,1750,207100
20231219,13:57:27,69.0,450,199250
20231219,13:57:38,69.0,1750,199250
20231219,13:57:47,69.0,100,199250
20231219,13:57:57,69.0,1450,199250
20231219,13:58:06,69.25,6500,199250
20231219,13:58:25,69.5,450,199250
20231219,13:58:35,69.5,450,199250
20231219,13:58:53,69.5,950,199250
20231219,13:59:02,69.25,100,199250
20231219,13:59:46,69.0,50,199250
20231219,14:00:19,69.0,50,199250
20231219,14:00:27,69.0,200,194650
20231219,14:00:36,69.35,200,194650
20231219,14:00:52,69.3,100,194650
20231219,14:01:00,69.3,400,194650
20231219,14:02:06,69.5,1300,194650
20231219,14:02:22,69.5,500,194650
20231219,14:02:30,69.65,50,194650
20231219,14:02:38,69.65,300,194650
20231219,14:02:47,69.75,450,194650
20231219,14:02:55,70.15,450,194650
20231219,14:03:21,70.3,350,194650
20231219,14:03:48,70.9,50,197100
20231219,14:04:21,70.9,250,197100
20231219,14:04:29,70.8,850,197100
20231219,14:04:46,70.35,100,197100
20231219,14:05:04,70.05,200,197100
20231219,14:05:13,70.4,300,197100
20231219,14:06:08,70.5,200,197100
20231219,14:06:20,70.65,50,197100
20231219,14:07:17,71.0,100,197950
20231219,14:07:26,71.2,350,197950
20231219,14:07:35,71.2,200,197950
20231219,14:07:44,71.4,200,197950
20231219,14:07:53,71.4,200,197950
20231219,14:10:06,72.05,500,197850
20231219,14:10:24,72.05,100,197850
20231219,14:10:34,72.0,50,197850
20231219,14:11:03,72.0,100,197850
20231219,14:13:31,73.0,650,197850
20231219,14:13:59,73.0,100,197850
20231219,14:14:35,72.2,100,197850
20231219,14:15:02,72.45,250,197850
20231219,14:15:10,72.3,250,197850
20231219,14:15:36,72.55,50,197850
20231219,14:16:01,72.3,1400,197850
20231219,14:16:21,71.35,550,197850
20231219,14:16:30,70.95,150,197850
20231219,14:16:40,71.45,150,197850
20231219,14:16:49,71.0,100,197850
20231219,14:17:07,71.25,650,197850
20231219,14:17:17,71.1,100,197850
20231219,14:18:03,71.9,200,197850
20231219,14:18:50,72.3,50,197350
20231219,14:19:08,72.0,600,197350
20231219,14:19:17,72.3,100,197350
20231219,14:21:02,72.8,400,197350
20231219,14:22:29,72.2,450,197850
20231219,14:22:36,72.2,50,197850
20231219,14:22:52,72.2,550,197850
20231219,14:23:17,72.4,150,197850
20231219,14:24:15,72.0,50,197850
20231219,14:24:22,71.75,100,197850
20231219,14:25:04,72.35,50,197600
20231219,14:26:05,72.2,600,197600
20231219,14:27:06,72.45,250,197600
20231219,14:27:31,73.0,550,197050
20231219,14:27:58,73.0,100,197050
20231219,14:28:16,73.05,250,197050
20231219,14:28:25,72.75,50,197050
20231219,14:28:27,72.55,100,197050
20231219,14:28:56,72.6,50,197050
20231219,14:29:44,72.85,50,197050
20231219,14:29:53,72.4,50,197050
20231219,14:30:28,73.0,600,197750
20231219,14:30:54,73.3,200,197750
20231219,14:31:44,73.3,100,197750
20231219,14:31:54,74.0,550,197750
20231219,14:32:51,74.0,250,197750
20231219,14:33:01,73.7,200,197750
20231219,14:33:10,73.6,750,197750
20231219,14:33:28,73.6,50,197750
20231219,14:33:47,73.95,50,198350
20231219,14:34:06,74.0,50,198350
20231219,14:35:04,75.3,450,198350
20231219,14:35:34,75.3,150,198350
20231219,14:36:02,75.25,500,198350
20231219,14:37:21,75.5,200,198450
20231219,14:38:25,75.55,100,198450
20231219,14:39:56,75.55,250,198550
20231219,14:40:13,74.85,850,198550
20231219,14:40:22,74.8,600,198550
20231219,14:41:31,74.2,1000,198550
20231219,14:42:04,74.75,100,198550
20231219,14:42:13,74.5,400,198550
20231219,14:42:22,74.6,100,198550
20231219,14:42:42,74.3,50,199150
20231219,14:43:29,73.75,250,199150
20231219,14:43:46,73.6,50,199150
20231219,14:44:04,73.3,150,199150
20231219,14:44:13,73.75,400,199150
20231219,14:44:36,73.3,250,199150
20231219,14:44:45,73.45,100,199150
20231219,14:44:46,73.5,750,199150
20231219,14:46:18,73.0,200,198550
20231219,14:46:38,73.0,400,198550
20231219,14:47:44,73.05,400,198550
20231219,14:48:12,72.3,50,198550
20231219,14:48:31,72.0,100,199000
20231219,14:48:40,72.0,50,199000
20231219,14:49:16,71.95,50,199000
20231219,14:49:56,70.25,1150,199000
20231219,14:50:06,70.45,550,199000
20231219,14:50:43,70.5,550,199000
20231219,14:51:02,70.5,50,199000
20231219,14:51:56,70.65,50,198400
20231219,14:53:28,70.0,50,198400
20231219,14:54:25,69.25,200,198400
20231219,14:54:45,69.0,1650,198600
20231219,14:55:04,69.0,7700,198600
20231219,14:55:13,69.0,7200,198600
20231219,14:55:33,69.25,3450,198600
20231219,14:56:40,68.55,200,198600
20231219,14:56:49,68.0,15350,198600
20231219,14:56:59,68.0,550,198600
20231219,14:57:09,68.3,350,198600
20231219,14:57:18,68.4,2550,198600
20231219,14:57:27,68.3,50,198600
20231219,14:57:47,67.5,400,173300
20231219,14:58:22,66.75,50,173300
20231219,14:58:43,65.8,500,173300
20231219,14:58:54,65.6,3850,173300
20231219,14:59:36,65.1,250,173300
20231219,14:59:46,64.65,200,173300
20231219,14:59:58,64.7,250,173300
20231219,15:00:09,64.55,250,173300
20231219,15:00:20,64.55,150,173300
20231219,15:00:31,64.0,200,171750
20231219,15:00:43,63.55,150,171750
20231219,15:00:54,64.0,150,171750
20231219,15:01:04,63.3,100,171750
20231219,15:01:14,63.3,150,171750
20231219,15:01:55,64.6,100,171750
20231219,15:02:05,64.25,100,171750
20231219,15:02:15,65.5,250,171750
20231219,15:02:36,65.6,1250,171750
20231219,15:02:57,66.05,4200,171750
20231219,15:03:07,65.7,150,171750
20231219,15:03:17,65.6,100,171750
20231219,15:03:47,65.45,200,168200
20231219,15:03:57,65.25,350,168200
20231219,15:04:46,65.0,300,168200
20231219,15:04:56,64.4,650,168200
20231219,15:05:16,64.5,300,168200
20231219,15:05:26,64.25,700,168200
20231219,15:05:36,64.95,200,168200
20231219,15:05:46,65.0,1800,168200
20231219,15:05:56,65.0,450,168200
20231219,15:06:06,65.0,3150,168200
20231219,15:06:16,65.0,3700,168200
20231219,15:06:26,65.0,5750,168200
20231219,15:06:36,64.95,400,162300
20231219,15:06:46,65.0,3650,162300
20231219,15:06:55,64.95,50,162300
20231219,15:07:05,64.75,450,162300
20231219,15:07:15,65.0,1750,162300
20231219,15:07:24,64.9,3750,162300
20231219,15:07:34,65.0,350,162300
20231219,15:07:43,65.0,1500,162300
20231219,15:08:03,65.25,3600,162300
20231219,15:08:14,66.25,100,162300
20231219,15:08:24,66.25,2250,162300
20231219,15:08:34,66.0,4050,162300
20231219,15:08:54,66.25,450,162300
20231219,15:09:23,66.5,200,162300
20231219,15:09:42,66.45,800,153350
20231219,15:10:19,66.5,5100,153350
20231219,15:10:29,66.5,1350,153350
20231219,15:10:38,66.35,200,153350
20231219,15:10:48,66.25,250,153350
20231219,15:11:07,66.05,7450,153350
20231219,15:11:17,66.1,50,153350
20231219,15:11:36,66.1,5400,153350
20231219,15:11:45,66.5,400,153350
20231219,15:12:03,66.5,450,153350
20231219,15:12:50,66.35,50,147850
20231219,15:13:54,65.65,400,147850
20231219,15:14:05,65.75,150,147850
20231219,15:14:24,65.7,50,147850
20231219,15:14:33,65.4,100,147850
20231219,15:14:43,65.35,100,147850
20231219,15:15:01,65.3,100,147850
20231219,15:15:20,65.05,250,147850
20231219,15:15:29,65.3,1400,147850
20231219,15:15:56,65.5,450,147950
20231219,15:16:14,65.5,500,147950
20231219,15:16:23,65.5,300,147950
20231219,15:16:49,65.5,50,147950
20231219,15:16:58,65.25,50,147950
20231219,15:17:43,65.0,800,147950
20231219,15:17:53,65.0,900,147950
20231219,15:18:12,64.35,150,147950
20231219,15:18:31,64.3,100,147950
20231219,15:18:50,64.25,300,147900
20231219,15:19:00,64.35,400,147900
20231219,15:20:25,64.0,300,147900
20231219,15:20:45,63.5,350,147900
20231219,15:20:55,63.3,400,147900
20231219,15:21:04,63.5,450,147900
20231219,15:21:13,63.4,100,147900
20231219,15:21:23,63.35,100,147900
20231219,15:21:50,63.25,1100,148200
20231219,15:22:08,63.25,300,148200
20231219,15:22:44,63.05,200,148200
20231219,15:22:53,63.25,450,148200
20231219,15:23:11,63.3,50,148200
20231219,15:23:49,63.25,100,148200
20231219,15:24:27,62.8,250,148200
20231219,15:24:37,63.0,200,148200
20231219,15:24:47,63.0,250,148050
20231219,15:25:06,62.9,250,148050
20231219,15:25:24,62.9,50,148050
20231219,15:25:34,62.85,150,148050
20231219,15:25:43,62.85,550,148050
20231219,15:26:01,62.95,1100,148050
20231219,15:26:19,63.2,300,148050
20231219,15:26:28,63.2,50,148050
20231219,15:26:37,63.15,1200,148050
20231219,15:26:46,63.2,1550,148050
