date,time,tick_price,volume,open_interest
20231228,10:50:50,8.8,300,2400
20231228,10:50:59,9.55,2400,2400
20231228,10:51:26,9.45,500,2400
20231228,10:52:55,9.25,400,2400
20231228,10:53:14,9.15,1000,2400
20231228,10:55:01,9.05,250,4300
20231228,10:55:19,9.0,350,4300
20231228,10:56:41,9.05,100,4300
20231228,10:58:01,9.0,250,4900
20231228,10:58:11,8.95,250,4900
20231228,10:58:20,8.95,500,4900
20231228,11:00:32,8.75,3100,5900
20231228,11:00:42,8.85,100,5900
20231228,11:02:13,8.95,500,5900
20231228,11:04:40,9.0,450,9600
20231228,11:04:58,9.05,50,9600
20231228,11:05:52,9.1,1050,9600
20231228,11:11:21,10.05,100,10200
20231228,11:12:07,10.05,300,10200
20231228,11:24:13,9.4,50,10500
20231228,11:24:22,9.4,800,10500
20231228,11:26:11,10.15,50,10500
20231228,11:29:06,10.15,50,9700
20231228,11:31:45,9.9,500,9750
20231228,11:32:55,10.2,50,9750
20231228,11:33:23,10.2,50,10200
20231228,11:33:41,10.2,50,10200
20231228,11:36:39,10.15,100,10300
20231228,11:39:44,10.15,50,10300
20231228,11:41:29,9.45,100,10400
20231228,11:41:38,9.5,100,10400
20231228,11:45:12,10.5,50,10300
20231228,11:47:36,10.5,50,10300
20231228,11:48:42,9.95,150,10300
20231228,11:49:07,8.95,50,10300
20231228,11:49:15,9.15,100,10300
20231228,11:52:00,9.1,50,10300
20231228,11:54:30,9.5,50,10300
20231228,11:56:29,9.5,100,10300
20231228,11:58:33,10.0,150,10350
20231228,12:01:01,9.2,150,10500
20231228,12:01:18,9.3,100,10500
20231228,12:03:07,9.35,150,10500
20231228,12:10:16,9.3,100,10150
20231228,12:14:35,10.25,50,10150
20231228,12:22:08,10.35,100,10150
20231228,12:22:27,9.5,200,10150
20231228,12:23:10,10.25,200,10150
20231228,12:23:18,9.55,400,10150
20231228,12:23:26,12.4,2000,10150
20231228,12:23:35,10.0,200,10150
20231228,12:23:44,9.65,200,10150
20231228,12:24:02,9.75,600,10150
20231228,12:24:32,10.0,350,10750
20231228,12:25:09,10.1,50,10750
20231228,12:25:36,9.7,50,10750
20231228,12:25:45,10.2,50,10750
20231228,12:26:45,10.1,200,10750
20231228,12:27:02,10.1,50,10750
20231228,12:27:19,10.2,550,10750
20231228,12:27:45,10.05,300,10300
20231228,12:28:04,10.0,500,10300
20231228,12:29:22,10.4,50,10300
20231228,12:29:42,10.55,50,10300
20231228,12:29:51,10.6,50,10300
20231228,12:30:47,10.65,50,10150
20231228,12:35:30,10.2,100,10200
20231228,12:36:17,10.65,100,10200
20231228,12:40:06,10.65,50,10100
20231228,12:41:33,10.65,50,10100
20231228,12:41:42,10.65,50,10100
20231228,12:48:47,10.65,50,10100
20231228,12:49:05,10.65,50,10100
20231228,12:49:22,10.6,50,10100
20231228,12:51:02,10.0,800,10100
20231228,12:51:12,10.0,50,10100
20231228,12:57:28,11.05,1000,10200
20231228,13:01:59,10.65,50,11050
20231228,13:04:46,10.25,100,11050
20231228,13:04:55,9.3,50,11050
20231228,13:05:03,10.25,50,11050
20231228,13:06:18,11.2,50,11050
20231228,13:07:52,10.05,50,11150
20231228,13:08:50,10.7,50,11150
20231228,13:09:15,10.7,50,11150
20231228,13:09:33,10.7,100,11150
20231228,13:09:51,10.7,50,11200
20231228,13:10:16,10.7,50,11200
20231228,13:10:50,11.1,300,11200
20231228,13:15:19,11.05,50,11500
20231228,13:15:37,10.6,100,11550
20231228,13:16:11,10.6,100,11550
20231228,13:19:26,10.6,350,11650
20231228,13:20:17,10.5,200,11650
20231228,13:20:24,10.4,200,11650
20231228,13:21:59,10.55,150,11650
20231228,13:22:08,10.6,1400,11650
20231228,13:22:15,10.8,50,11650
20231228,13:22:38,10.75,500,11650
20231228,13:25:08,10.7,250,11700
20231228,13:25:41,10.7,250,11700
20231228,13:29:04,10.35,50,11850
20231228,13:29:48,10.35,100,11850
20231228,13:30:45,10.4,50,12000
20231228,13:33:56,10.35,200,12050
20231228,13:34:05,10.35,200,12050
20231228,13:35:46,10.25,150,12050
20231228,13:38:03,10.3,100,12100
20231228,13:38:28,10.3,50,12100
20231228,13:39:44,10.2,50,12250
20231228,13:40:16,10.45,200,12250
20231228,13:40:33,10.45,50,12250
20231228,13:41:54,10.2,600,12250
20231228,13:42:10,10.2,1050,12250
20231228,13:42:44,10.2,550,11250
20231228,13:42:53,9.9,1800,11250
20231228,13:43:10,10.15,250,11250
20231228,13:45:54,9.95,50,9600
20231228,13:52:40,10.2,50,9550
20231228,13:55:44,10.2,100,9550
20231228,13:56:09,10.2,250,9550
20231228,13:58:02,10.25,50,9500
20231228,14:00:15,10.25,50,9500
20231228,14:01:58,10.3,100,9500
20231228,14:10:50,10.55,150,9500
20231228,14:11:08,10.35,450,9500
20231228,14:12:07,10.3,200,9500
20231228,14:16:27,10.1,250,9550
20231228,14:18:34,10.05,50,9550
20231228,14:20:56,9.7,50,9650
20231228,14:21:38,9.7,50,9650
20231228,14:22:02,9.7,250,9750
20231228,14:22:27,9.7,300,9750
20231228,14:22:35,9.75,400,9750
20231228,14:23:09,9.8,50,9750
20231228,14:23:32,9.8,200,9750
20231228,14:28:31,10.0,250,10200
20231228,14:28:39,10.0,250,10200
20231228,14:32:44,9.8,400,10700
20231228,14:32:52,9.65,200,10700
20231228,14:33:00,9.65,200,10700
20231228,14:33:25,9.6,300,10700
20231228,14:33:50,9.6,100,11300
20231228,14:34:07,9.6,50,11300
20231228,14:34:16,9.6,100,11300
20231228,14:35:40,9.5,100,11300
20231228,14:36:13,9.65,50,11300
20231228,14:37:19,9.6,50,11300
20231228,14:37:52,9.6,200,11300
20231228,14:38:53,9.45,150,11300
20231228,14:39:09,9.45,600,11300
20231228,14:39:52,9.45,150,11350
20231228,14:44:31,9.4,250,11200
20231228,14:48:47,9.0,1050,12000
20231228,14:48:58,9.0,350,12000
20231228,14:49:20,8.8,600,12000
20231228,14:49:48,8.85,350,12000
20231228,14:49:58,8.8,550,12000
20231228,14:50:06,8.8,100,12000
20231228,14:50:59,8.65,600,12000
20231228,14:51:43,8.6,100,12000
20231228,14:52:40,8.35,300,12500
20231228,14:53:06,8.35,300,12500
20231228,14:53:14,8.35,100,12500
20231228,14:53:39,8.35,100,12500
20231228,14:53:48,8.35,50,12500
20231228,14:54:22,8.25,500,12500
20231228,14:54:56,8.2,800,13600
20231228,14:55:41,8.2,250,13600
20231228,14:56:06,8.2,300,13600
20231228,14:56:24,8.2,200,13600
20231228,14:57:36,8.2,50,13600
20231228,14:58:12,8.2,150,15000
20231228,14:58:40,8.3,1000,15000
20231228,14:59:15,8.25,450,15000
20231228,15:01:51,8.3,150,15400
20231228,15:02:38,8.4,900,15400
20231228,15:02:47,8.3,100,15400
20231228,15:03:22,8.15,250,15400
20231228,15:03:30,8.15,50,15400
20231228,15:03:39,8.15,250,15400
20231228,15:07:10,8.15,100,16550
20231228,15:08:42,8.3,150,16550
20231228,15:09:10,8.4,50,16550
20231228,15:09:39,8.3,500,16550
20231228,15:10:09,8.3,50,16250
20231228,15:11:13,8.15,400,16250
20231228,15:11:57,8.15,200,16250
20231228,15:12:15,8.1,250,16250
20231228,15:12:24,8.1,100,16250
20231228,15:13:17,7.95,100,16050
20231228,15:13:26,7.9,100,16050
20231228,15:13:36,7.9,50,16050
20231228,15:13:53,7.9,250,16050
20231228,15:14:01,7.6,500,16050
20231228,15:14:11,7.6,100,16050
20231228,15:14:32,7.55,650,16050
20231228,15:14:51,7.55,50,16050
20231228,15:15:09,7.8,300,16050
20231228,15:15:18,7.75,50,16050
20231228,15:17:04,7.8,150,15800
20231228,15:18:38,8.3,450,15800
20231228,15:19:07,7.6,100,15800
20231228,15:19:18,7.8,750,15800
20231228,15:21:22,7.55,2250,15800
20231228,15:21:34,7.4,400,15800
20231228,15:21:53,7.7,150,14550
20231228,15:22:36,7.7,500,14550
20231228,15:22:58,7.7,250,14550
20231228,15:24:07,8.15,50,14550
20231228,15:24:17,7.7,350,14550
20231228,15:24:29,8.65,1600,14550
20231228,15:25:44,8.4,50,15250
20231228,15:28:10,7.85,50,15250
20231228,15:28:59,7.9,50,15250
20231228,15:29:09,8.0,450,15250
20231228,15:29:19,7.8,250,15250
20231228,15:29:29,8.65,100,15250
20231229,09:15:08,8.85,1,15200
20231229,09:15:08,8.65,200,15200
20231229,09:15:12,7.9,200,15200
20231229,09:15:17,7.9,100,15200
20231229,09:15:24,8.7,50,15200
20231229,09:15:39,7.85,100,15200
20231229,09:15:47,7.85,50,15200
20231229,09:15:54,7.85,250,15200
20231229,09:16:05,7.9,150,15200
20231229,09:16:28,7.85,50,15200
20231229,09:16:47,7.85,100,15200
20231229,09:17:12,7.6,150,16150
20231229,09:17:48,7.35,100,16150
20231229,09:17:59,7.35,200,16150
20231229,09:18:07,7.35,150,16150
20231229,09:19:30,7.2,600,16150
20231229,09:20:07,7.2,100,16150
20231229,09:20:13,7.15,100,15950
20231229,09:20:26,7.15,250,15950
20231229,09:21:23,7.25,50,15950
20231229,09:21:41,7.25,600,15950
20231229,09:21:47,7.25,600,15950
20231229,09:22:14,7.15,350,15950
20231229,09:22:50,7.0,500,15950
20231229,09:23:57,7.05,250,17300
20231229,09:24:43,7.05,100,17300
20231229,09:24:50,7.05,200,17300
20231229,09:25:35,7.15,400,17300
20231229,09:25:42,7.2,900,17300
20231229,09:26:20,7.2,1000,18900
20231229,09:26:51,7.2,200,18900
20231229,09:27:05,7.2,450,18900
20231229,09:27:56,7.3,150,18900
20231229,09:28:02,7.3,200,18900
20231229,09:28:15,7.3,350,18900
20231229,09:28:22,7.25,550,18900
20231229,09:28:29,7.25,50,18900
20231229,09:28:35,7.25,50,18900
20231229,09:28:41,7.2,300,18900
20231229,09:28:47,7.3,300,18900
20231229,09:29:00,7.3,50,18900
20231229,09:29:13,7.25,50,21750
20231229,09:29:58,7.3,150,21750
20231229,09:30:04,7.3,50,21750
20231229,09:30:11,7.3,100,21750
20231229,09:31:24,7.35,50,21750
20231229,09:32:50,7.15,250,22100
20231229,09:32:57,7.1,150,22100
20231229,09:33:10,7.1,150,22100
20231229,09:33:17,7.15,250,22100
20231229,09:35:17,7.1,200,22100
20231229,09:37:44,7.3,1100,22100
20231229,09:39:18,7.0,550,23050
20231229,09:40:26,7.0,350,23050
20231229,09:40:54,6.95,200,23050
20231229,09:42:04,6.85,50,23450
20231229,09:42:12,6.85,150,23450
20231229,09:42:19,6.75,50,23450
20231229,09:42:25,6.75,50,23450
20231229,09:42:32,6.95,50,23450
20231229,09:43:05,6.85,350,23450
20231229,09:43:18,6.95,150,23450
20231229,09:43:43,6.9,250,23450
20231229,09:45:18,6.85,100,23700
20231229,09:46:08,6.65,1600,23700
20231229,09:47:50,6.65,150,22100
20231229,09:48:26,6.8,100,22100
20231229,09:48:38,6.8,450,22100
20231229,09:50:24,6.85,100,22000
20231229,09:51:32,6.9,750,22000
20231229,09:51:45,7.05,50,22000
20231229,09:53:17,7.0,200,22100
20231229,09:53:36,7.1,50,22100
20231229,09:55:12,7.1,700,22100
20231229,09:55:40,7.1,250,22100
20231229,09:56:00,7.1,300,22100
20231229,09:59:52,6.85,200,23050
20231229,10:00:06,6.85,200,23050
20231229,10:01:23,6.95,200,23050
20231229,10:02:09,7.0,100,23050
20231229,10:04:42,7.0,200,22900
20231229,10:04:48,6.9,800,22900
20231229,10:04:59,6.75,800,22900
20231229,10:05:05,6.75,400,22900
20231229,10:05:35,6.65,400,23450
20231229,10:06:26,6.55,400,23450
20231229,10:06:38,6.55,800,23450
20231229,10:07:55,6.55,100,23450
20231229,10:08:02,6.55,200,23450
20231229,10:09:35,6.4,200,24900
20231229,10:09:41,6.45,100,24900
20231229,10:09:47,6.45,150,24900
20231229,10:10:11,6.45,250,24900
20231229,10:10:25,6.45,450,24900
20231229,10:10:31,6.4,2000,24900
20231229,10:10:38,6.5,250,24900
20231229,10:11:09,6.4,100,24900
20231229,10:11:17,6.3,100,25850
20231229,10:11:23,6.3,1200,25850
20231229,10:11:41,6.3,50,25850
20231229,10:12:12,6.3,700,25850
20231229,10:12:18,6.3,600,25850
20231229,10:12:24,6.3,50,25850
20231229,10:12:31,6.3,850,25850
20231229,10:12:37,6.35,500,25850
20231229,10:13:15,6.3,400,25850
20231229,10:13:22,6.3,500,25850
20231229,10:13:41,6.3,50,25850
20231229,10:13:48,6.3,550,25850
20231229,10:13:54,6.3,150,25850
20231229,10:14:06,6.3,100,25850
20231229,10:14:13,6.35,300,25850
20231229,10:14:20,6.3,250,23850
20231229,10:14:34,6.25,100,23850
20231229,10:14:40,6.25,600,23850
20231229,10:15:08,6.25,50,23850
20231229,10:16:15,6.25,100,23850
20231229,10:16:48,6.25,1050,23850
20231229,10:17:01,6.25,50,23850
20231229,10:18:06,6.15,600,24000
20231229,10:19:03,6.1,350,24000
20231229,10:19:10,6.1,50,24000
20231229,10:19:34,6.1,600,24000
20231229,10:19:49,6.0,3100,24000
20231229,10:19:54,6.0,200,24000
20231229,10:20:24,6.05,250,23300
20231229,10:20:29,6.05,650,23300
20231229,10:21:05,6.05,500,23300
20231229,10:21:24,6.1,100,23300
20231229,10:21:44,6.1,50,23300
20231229,10:21:54,6.05,50,23300
20231229,10:22:08,6.1,200,23300
20231229,10:26:43,6.15,600,22150
20231229,10:29:30,6.0,250,22750
20231229,10:30:25,6.05,250,22750
20231229,10:30:44,6.0,750,22750
20231229,10:30:50,6.05,100,22750
20231229,10:38:58,6.0,200,22700
20231229,10:39:39,6.0,150,22700
20231229,10:39:58,6.0,100,22700
20231229,10:40:55,5.95,1100,22700
20231229,10:41:14,5.95,1000,22700
20231229,10:41:49,6.05,50,23550
20231229,10:49:01,6.15,50,23600
20231229,10:50:39,6.15,50,23600
20231229,10:56:04,6.35,50,23600
20231229,10:56:18,6.35,50,23600
20231229,10:57:10,6.2,250,23600
20231229,10:58:42,6.1,400,23600
20231229,11:00:18,6.0,100,23650
20231229,11:00:23,6.0,50,23650
20231229,11:02:23,5.9,450,23650
20231229,11:03:04,5.9,150,24100
20231229,11:03:12,5.9,800,24100
20231229,11:03:25,5.85,550,24100
20231229,11:03:30,5.85,50,24100
20231229,11:06:45,5.9,1500,24450
20231229,11:07:43,5.85,300,24450
20231229,11:19:19,5.9,400,24450
20231229,11:19:33,5.95,1600,24450
20231229,11:28:39,5.9,250,23550
20231229,11:34:17,6.05,150,23550
20231229,11:35:02,6.25,100,23550
20231229,11:35:30,6.3,100,23700
20231229,11:38:00,6.3,50,23700
20231229,11:38:57,6.25,150,23850
20231229,11:43:21,6.3,350,23850
20231229,11:44:17,6.3,300,23850
20231229,11:55:25,6.15,300,23200
20231229,11:55:31,6.15,200,23200
20231229,11:55:49,6.15,300,23200
20231229,12:02:00,6.0,100,23100
20231229,12:02:17,5.95,50,23100
20231229,12:03:44,5.9,200,23250
20231229,12:05:20,5.95,50,23250
20231229,12:13:46,6.0,50,23300
20231229,12:15:34,6.1,50,23350
20231229,12:17:54,5.85,1500,23400
20231229,12:18:16,5.8,900,23400
20231229,12:18:18,5.8,450,23400
20231229,12:18:46,5.8,50,23400
20231229,12:19:02,5.8,450,23400
20231229,12:19:04,5.8,700,23400
20231229,12:19:28,5.8,100,23400
20231229,12:19:43,5.75,150,23400
20231229,12:20:55,5.75,350,25300
20231229,12:21:04,5.75,100,25300
20231229,12:23:31,5.65,550,25300
20231229,12:23:36,5.6,1100,24850
20231229,12:23:39,5.6,200,24850
20231229,12:23:42,5.6,200,24850
20231229,12:23:45,5.6,200,24850
20231229,12:26:15,5.55,100,24850
20231229,12:26:28,5.5,100,24850
20231229,12:26:39,5.5,50,23550
20231229,12:28:12,5.6,750,23550
20231229,12:30:40,5.55,50,23050
20231229,12:31:34,5.45,50,23050
20231229,12:31:47,5.45,150,23050
20231229,12:33:57,5.45,50,23150
20231229,12:34:29,5.4,1050,23150
20231229,12:35:02,5.4,50,23150
20231229,12:35:52,5.35,50,22800
20231229,12:36:35,5.3,50,22800
20231229,12:37:23,5.2,200,22800
20231229,12:39:07,5.2,100,22900
20231229,12:39:28,5.2,250,22900
20231229,12:39:48,5.1,400,22900
20231229,12:40:11,5.1,100,22900
20231229,12:40:50,5.15,150,22900
20231229,12:46:38,4.9,300,23450
20231229,12:47:35,4.9,50,23450
20231229,12:47:43,4.95,50,23600
20231229,12:49:21,4.95,50,23600
20231229,12:55:05,4.95,50,23700
20231229,13:02:46,4.95,50,23750
20231229,13:05:37,4.95,200,23750
20231229,13:09:56,5.0,250,23800
20231229,13:10:00,5.0,100,23800
20231229,13:10:44,4.95,150,23800
20231229,13:10:59,4.95,250,23800
20231229,13:11:02,4.95,250,23800
20231229,13:17:26,5.0,300,23450
20231229,13:18:26,4.95,500,23450
20231229,13:18:54,4.9,350,23450
20231229,13:20:43,4.85,150,23750
20231229,13:22:57,4.85,800,23750
20231229,13:23:01,4.9,600,23750
20231229,13:23:13,4.95,600,23750
20231229,13:29:32,4.85,150,23400
20231229,13:40:33,5.0,50,23400
20231229,13:43:42,4.85,50,23450
20231229,13:45:25,4.85,700,23400
20231229,13:48:16,4.75,200,23400
20231229,13:48:57,4.7,350,23400
20231229,13:49:06,4.7,250,23400
20231229,13:49:29,4.7,500,23400
20231229,13:50:47,4.7,250,23950
20231229,13:57:47,4.85,50,24200
20231229,14:03:58,4.8,1950,24200
20231229,14:04:11,4.8,50,24250
20231229,14:04:29,4.75,150,24250
20231229,14:04:40,4.8,900,24250
20231229,14:05:28,4.8,100,24250
20231229,14:06:25,4.8,450,24100
20231229,14:07:16,4.75,900,24100
20231229,14:08:20,4.75,450,24100
20231229,14:09:27,4.7,100,23650
20231229,14:11:33,4.7,100,23650
20231229,14:11:58,4.75,100,23550
20231229,14:14:35,4.65,150,23550
20231229,14:15:41,4.55,100,23600
20231229,14:16:12,4.5,800,23600
20231229,14:16:31,4.5,600,23600
20231229,14:18:18,4.6,100,24400
20231229,14:18:22,4.6,100,24400
20231229,14:18:27,4.6,150,24400
20231229,14:26:05,4.65,250,24400
20231229,14:26:14,4.75,50,24400
20231229,14:27:08,4.8,250,24400
20231229,14:27:50,4.85,350,24150
20231229,14:28:43,4.7,500,24150
20231229,14:28:48,4.7,500,24150
20231229,14:29:29,4.75,700,24150
20231229,14:30:10,4.75,3150,23900
20231229,14:30:15,4.75,1050,23900
20231229,14:30:24,4.75,450,23900
20231229,14:30:29,4.7,50,23900
20231229,14:31:07,4.85,300,23900
20231229,14:33:13,4.85,150,19500
20231229,14:34:36,4.8,200,19500
20231229,14:36:04,4.85,50,19500
20231229,14:37:22,4.9,750,19700
20231229,14:37:27,4.9,250,19700
20231229,14:37:32,4.9,150,19700
20231229,14:37:41,4.9,50,19700
20231229,14:42:18,4.8,250,19950
20231229,14:51:50,4.9,50,19950
20231229,14:51:54,4.85,50,19950
20231229,14:54:03,5.05,5000,19850
20231229,14:54:14,5.05,550,19850
20231229,14:54:25,5.05,300,19850
20231229,14:55:11,5.1,50,19850
20231229,14:55:16,5.1,250,19850
20231229,14:55:51,5.15,250,19850
20231229,14:56:01,5.15,250,19850
20231229,14:57:23,5.35,200,24050
20231229,15:00:36,5.5,50,24250
20231229,15:00:57,5.55,50,24250
20231229,15:01:03,5.55,950,24250
20231229,15:01:17,5.55,200,24250
20231229,15:01:38,5.55,200,24250
20231229,15:02:14,5.5,1000,24250
20231229,15:07:33,5.45,50,24050
20231229,15:09:36,5.2,100,24100
20231229,15:09:42,5.2,2050,24100
20231229,15:09:53,5.2,100,24100
20231229,15:09:59,5.2,100,24100
20231229,15:10:29,5.2,250,24100
20231229,15:12:29,5.2,150,24100
20231229,15:13:18,5.1,50,24100
20231229,15:13:23,5.15,400,24100
20231229,15:14:26,5.1,50,24100
20231229,15:16:02,5.15,100,24000
20231229,15:16:26,5.2,50,24000
20231229,15:17:23,5.15,250,24000
20231229,15:17:28,5.2,50,24000
20231229,15:20:42,5.1,200,24100
20231229,15:21:22,5.05,150,24100
20231229,15:23:14,4.9,50,24100
20231229,15:23:19,4.95,50,24100
20231229,15:23:30,4.95,50,24100
20231229,15:25:13,5.0,50,24250
20231229,15:26:05,4.95,50,24250
20231229,15:26:15,4.9,50,24250
20231229,15:26:46,4.95,1100,24250
20231229,15:26:51,4.75,400,24250
20231229,15:27:02,4.7,400,24700
20231229,15:27:43,4.8,800,24700
20231229,15:27:48,4.85,100,24700
20231229,15:28:05,4.95,600,24700
20231229,15:29:05,5.0,250,24700
20231229,15:29:10,5.0,200,24700
20240101,09:15:25,5.3,1,24350
20240101,09:15:25,5.3,100,24350
20240101,09:16:03,5.15,100,24350
20240101,09:16:11,5.0,400,24350
20240101,09:17:10,4.0,2000,24350
20240101,09:17:17,4.0,200,25900
20240101,09:17:24,4.05,100,25900
20240101,09:17:34,4.05,250,25900
20240101,09:17:51,4.05,1000,25900
20240101,09:18:07,4.0,50,25900
20240101,09:18:21,4.05,50,25900
20240101,09:18:58,4.0,50,25900
20240101,09:19:18,4.05,250,25900
20240101,09:19:44,4.05,500,25900
20240101,09:19:52,4.0,300,25900
20240101,09:20:07,4.0,500,25900
20240101,09:20:23,4.0,150,28150
20240101,09:20:32,4.05,100,28150
20240101,09:21:24,4.05,450,28150
20240101,09:21:54,4.0,100,28150
20240101,09:22:02,4.0,650,28150
20240101,09:23:21,4.0,100,29300
20240101,09:23:53,4.05,150,29300
20240101,09:26:14,4.0,200,29300
20240101,09:26:28,4.0,500,29550
20240101,09:28:12,3.95,900,29550
20240101,09:28:26,3.95,100,29550
20240101,09:29:00,3.9,100,29550
20240101,09:29:15,3.85,250,29550
20240101,09:29:29,3.85,100,30600
20240101,09:30:16,3.75,150,30600
20240101,09:31:18,3.7,150,30600
20240101,09:31:52,3.7,100,30600
20240101,09:32:19,3.65,100,30600
20240101,09:32:26,3.65,50,30900
20240101,09:32:58,3.65,50,30900
20240101,09:33:04,3.75,50,30900
20240101,09:33:25,3.75,100,30900
20240101,09:35:17,3.75,50,30900
20240101,09:35:40,3.65,200,31150
20240101,09:36:02,3.7,50,31150
20240101,09:36:53,3.7,100,31150
20240101,09:37:43,3.65,100,31150
20240101,09:38:26,3.65,100,31400
20240101,09:39:20,3.7,100,31400
20240101,09:42:21,3.65,100,31550
20240101,09:54:37,3.7,100,31600
20240101,09:58:57,3.75,50,31600
20240101,10:00:10,3.75,100,31600
20240101,10:00:19,3.8,50,31600
20240101,10:01:02,3.75,100,31600
20240101,10:02:26,3.85,50,31400
20240101,10:02:34,3.8,200,31400
20240101,10:03:06,3.8,50,31400
20240101,10:04:40,3.85,100,31400
20240101,10:06:46,3.8,250,31350
20240101,10:09:08,3.7,350,31350
20240101,10:09:16,3.7,250,31350
20240101,10:09:45,3.7,250,31350
20240101,10:10:32,3.55,1800,31350
20240101,10:12:02,3.65,100,32800
20240101,10:12:09,3.6,100,32800
20240101,10:14:15,3.65,50,32800
20240101,10:19:38,3.7,50,32850
20240101,10:31:19,3.6,100,32900
20240101,10:45:07,3.8,200,32900
20240101,10:46:35,3.7,250,32900
20240101,10:46:42,3.7,250,32900
20240101,10:53:31,3.65,50,33000
20240101,10:53:44,3.65,50,33000
20240101,10:56:07,3.6,50,33000
20240101,10:56:55,3.6,50,33100
20240101,10:58:50,3.55,1000,33100
20240101,10:59:35,3.55,100,34150
20240101,11:00:19,3.55,250,34150
20240101,11:02:14,3.45,850,34150
20240101,11:02:29,3.55,500,34150
20240101,11:02:54,3.6,50,35000
20240101,11:04:02,3.5,600,35000
20240101,11:25:49,3.5,200,34650
20240101,11:31:18,3.6,100,34850
20240101,11:32:29,3.45,900,34850
20240101,11:34:32,3.35,150,35750
20240101,11:35:04,3.3,200,35750
20240101,11:36:05,3.3,50,35700
20240101,11:37:17,3.4,50,35700
20240101,11:37:59,3.35,100,35700
20240101,11:52:13,3.25,150,35650
20240101,11:53:58,3.1,1800,35800
20240101,11:54:14,3.1,1800,35800
20240101,11:54:31,3.15,200,35800
20240101,11:54:48,3.1,1800,35800
20240101,11:54:53,3.1,700,35800
20240101,11:54:57,3.15,400,35800
20240101,11:55:28,3.1,1850,35800
20240101,11:55:34,3.1,2300,35800
20240101,11:56:05,3.1,250,35800
20240101,11:56:10,3.1,200,35800
20240101,12:04:11,3.1,100,36700
20240101,12:05:48,3.1,100,36700
20240101,12:08:55,3.15,100,36700
20240101,12:10:43,3.05,250,36700
20240101,12:14:38,3.05,1000,36800
20240101,12:15:47,3.15,500,36300
20240101,12:19:18,3.05,250,35800
20240101,12:19:50,3.1,950,35800
20240101,12:21:06,3.1,900,36050
20240101,12:29:21,3.05,300,36050
20240101,12:33:13,3.05,250,35750
20240101,12:33:47,3.05,50,35750
20240101,12:36:53,3.0,100,35550
20240101,12:38:19,3.0,50,35550
20240101,12:40:27,3.0,50,35600
20240101,12:42:10,3.05,50,35650
20240101,12:44:36,3.0,300,35650
20240101,12:45:23,3.0,900,35700
20240101,12:52:22,3.05,100,35700
20240101,12:53:05,3.05,50,35700
20240101,13:05:13,2.95,3050,35850
20240101,13:05:34,2.95,100,35850
20240101,13:05:40,2.95,900,35850
20240101,13:06:08,2.9,1500,37600
20240101,13:06:58,2.9,100,37600
20240101,13:07:31,2.85,50,37600
20240101,13:07:35,2.85,250,37600
20240101,13:09:40,2.75,400,37950
20240101,13:10:01,2.7,900,37950
20240101,13:10:47,2.7,50,37950
20240101,13:12:48,2.75,1200,38600
20240101,13:22:17,2.8,250,38400
20240101,13:22:42,2.8,100,38400
20240101,13:25:49,2.8,50,38500
20240101,13:45:45,2.85,100,38550
20240101,13:49:22,2.85,550,38450
20240101,13:50:40,2.85,250,38450
20240101,13:57:04,2.85,250,37800
20240101,13:57:14,2.85,250,37800
20240101,13:57:25,2.85,250,37800
20240101,13:57:32,2.85,250,37800
20240101,13:57:59,2.85,1500,37800
20240101,13:58:06,2.85,300,37800
20240101,13:58:33,2.75,1050,37800
20240101,14:01:08,2.7,300,37350
20240101,14:01:13,2.7,150,37350
20240101,14:07:56,2.65,50,37500
20240101,14:08:20,2.65,100,37500
20240101,14:08:30,2.6,200,37500
20240101,14:11:05,2.6,100,37550
20240101,14:18:20,2.65,500,37450
20240101,14:19:00,2.6,1200,37450
20240101,14:19:11,2.6,450,37450
20240101,14:22:27,2.6,300,39300
20240101,14:23:17,2.6,150,39300
20240101,14:24:27,2.6,100,39250
20240101,14:26:16,2.55,50,39250
20240101,14:26:47,2.55,1000,39250
20240101,14:26:56,2.5,850,39250
20240101,14:27:46,2.5,1400,38650
20240101,14:29:10,2.55,300,38650
20240101,14:29:16,2.55,200,38650
20240101,14:35:54,2.6,50,38650
20240101,14:36:39,2.7,450,38600
20240101,14:36:49,2.6,200,38600
20240101,14:40:39,2.6,250,38400
20240101,14:41:58,2.6,250,38400
20240101,14:42:12,2.6,250,38400
20240101,14:44:55,2.6,1500,38400
20240101,14:46:30,2.6,100,36900
20240101,14:47:27,2.65,1350,36900
20240101,14:47:34,2.65,150,36900
20240101,14:48:43,2.65,300,36750
20240101,14:49:12,2.7,50,36750
20240101,14:49:30,2.75,850,36750
20240101,14:49:50,2.8,50,36750
20240101,14:52:24,2.8,100,36650
20240101,14:54:22,2.9,1750,36550
20240101,14:55:52,2.9,100,36550
20240101,14:59:55,3.0,2000,35850
20240101,15:01:20,2.85,50,37800
20240101,15:10:22,2.8,350,37850
20240101,15:10:31,2.75,600,37850
20240101,15:11:15,2.7,100,37850
20240101,15:16:44,2.7,2700,37850
20240101,15:18:37,2.75,250,35150
20240101,15:21:33,2.75,50,35150
20240101,15:23:45,2.7,200,35150
20240101,15:24:16,2.75,1050,35150
20240101,15:24:36,2.65,50,35000
20240101,15:25:36,2.8,200,35000
20240101,15:26:35,2.65,150,35000
20240101,15:26:47,2.75,400,35000
20240101,15:28:09,2.7,600,34900
20240101,15:28:21,2.7,500,34900
20240101,15:28:45,2.8,650,34900
20240101,15:28:56,2.7,300,34900
20240101,15:29:29,2.65,50,34900
20240101,15:29:52,2.7,50,34900
20240102,09:15:02,2.75,1,34900
20240102,09:15:02,2.75,50,34900
20240102,09:15:36,2.75,50,34900
20240102,09:17:50,2.8,300,34900
20240102,09:18:05,2.85,350,34900
20240102,09:18:20,2.85,50,34900
20240102,09:19:16,2.85,900,34900
20240102,09:19:25,2.75,200,34900
20240102,09:20:07,2.85,250,34900
20240102,09:20:15,2.9,5650,34900
20240102,09:20:23,2.9,450,34900
20240102,09:20:46,2.95,2950,35200
20240102,09:21:41,2.95,200,35200
20240102,09:22:04,2.85,150,35200
20240102,09:25:53,2.85,50,35450
20240102,09:26:40,2.75,50,35500
20240102,09:27:50,2.8,400,35500
20240102,09:28:01,2.8,200,35500
20240102,09:28:26,2.9,300,35500
20240102,09:28:38,3.8,2150,35500
20240102,09:28:50,3.8,850,35500
20240102,09:29:13,3.2,600,35500
20240102,09:29:24,3.2,400,35500
20240102,09:29:36,3.15,250,35650
20240102,09:29:48,3.1,50,35650
20240102,09:29:59,3.0,250,35650
20240102,09:30:11,2.95,200,35650
20240102,09:31:31,2.85,250,35650
20240102,09:32:03,2.8,250,35650
20240102,09:34:48,2.85,100,35450
20240102,09:36:01,2.95,500,35550
20240102,09:37:07,2.9,100,35550
20240102,09:39:02,2.9,300,36100
20240102,09:39:14,2.9,100,36100
20240102,09:40:35,2.85,650,36100
20240102,09:41:00,2.85,150,36100
20240102,09:41:12,2.85,400,36100
20240102,09:41:34,2.85,100,36100
20240102,09:42:06,2.85,350,36100
20240102,09:42:18,2.85,150,36100
20240102,09:43:01,2.85,400,36100
20240102,09:43:46,2.8,50,36100
20240102,09:44:08,2.8,50,36100
20240102,09:44:51,2.8,50,36200
20240102,09:45:02,2.8,50,36200
20240102,09:45:13,2.8,50,36200
20240102,09:45:23,2.8,50,36200
20240102,09:46:07,2.85,50,36200
20240102,09:47:43,2.8,50,36400
20240102,09:50:47,2.9,50,36400
20240102,09:51:20,2.9,50,36400
20240102,09:51:31,2.9,50,36400
20240102,09:52:33,2.95,500,36400
20240102,09:52:53,2.85,50,36400
20240102,09:53:14,2.9,300,36400
20240102,09:54:27,2.95,50,36700
20240102,09:54:37,2.95,50,36700
20240102,09:54:48,2.95,50,36700
20240102,09:55:00,2.95,250,36700
20240102,09:55:13,2.95,100,36700
20240102,09:56:14,3.0,50,36700
20240102,09:56:27,3.0,50,36700
20240102,09:57:33,3.0,250,36850
20240102,09:58:09,2.95,250,36850
20240102,09:58:44,2.95,150,36850
20240102,09:59:28,3.0,300,36850
20240102,09:59:50,3.0,250,36850
20240102,10:00:47,2.95,250,36850
20240102,10:01:43,2.9,300,36850
20240102,10:03:12,2.9,500,36850
20240102,10:03:24,2.9,500,36850
20240102,10:03:37,2.85,1050,36850
20240102,10:03:48,2.85,250,36850
20240102,10:03:59,2.9,50,36850
20240102,10:04:22,2.95,50,36850
20240102,10:05:29,3.0,50,36850
20240102,10:05:40,2.95,100,36850
20240102,10:05:50,2.85,350,36850
20240102,10:06:02,2.85,50,36850
20240102,10:06:13,2.9,150,36850
20240102,10:07:11,2.9,650,36850
20240102,10:07:23,2.9,50,36850
20240102,10:07:34,2.9,50,36850
20240102,10:08:19,2.85,300,36850
20240102,10:08:52,2.85,250,36800
20240102,10:09:15,2.9,50,36800
20240102,10:09:27,2.9,50,36800
20240102,10:10:12,2.95,50,36800
20240102,10:10:23,2.95,350,36800
20240102,10:12:56,3.0,50,36850
20240102,10:13:28,3.0,100,36850
20240102,10:15:03,3.0,250,36850
20240102,10:15:13,3.0,100,36850
20240102,10:15:33,3.0,50,36850
20240102,10:15:44,3.0,50,36850
20240102,10:15:54,3.05,500,36850
20240102,10:16:25,3.0,450,36850
20240102,10:17:07,3.0,200,36850
20240102,10:18:57,3.05,50,37250
20240102,10:23:35,3.05,50,37250
20240102,10:27:44,3.05,150,37200
20240102,10:27:54,3.05,50,37200
20240102,10:28:04,3.0,100,37200
20240102,10:29:09,3.05,50,37200
20240102,10:30:28,3.1,150,37200
20240102,10:30:38,3.1,50,37200
20240102,10:31:33,3.1,100,37200
20240102,10:32:04,3.1,150,37200
20240102,10:32:43,3.15,100,36850
20240102,10:34:27,3.2,100,36850
20240102,10:36:24,3.25,300,36850
20240102,10:36:36,3.25,500,36850
20240102,10:36:58,3.25,200,36850
20240102,10:37:32,3.3,100,36850
20240102,10:39:22,3.35,50,36650
20240102,10:40:04,3.3,250,36650
20240102,10:41:07,3.3,200,36650
20240102,10:41:17,3.4,100,36650
20240102,10:41:36,3.35,50,36650
20240102,10:41:47,3.4,1100,36200
20240102,10:42:47,3.25,150,36200
20240102,10:43:27,3.3,50,36200
20240102,10:43:47,3.3,100,36200
20240102,10:43:57,3.3,100,36200
20240102,10:44:06,3.25,50,36200
20240102,10:45:25,3.25,250,36050
20240102,10:46:23,3.3,50,36050
20240102,10:46:52,3.25,400,36050
20240102,10:47:03,3.3,250,36050
20240102,10:47:12,3.3,50,36050
20240102,10:47:22,3.3,50,36050
20240102,10:47:31,3.35,50,36050
20240102,10:48:18,3.3,250,35600
20240102,10:49:16,3.25,250,35600
20240102,10:49:26,3.3,50,35600
20240102,10:49:36,3.3,350,35600
20240102,10:50:43,3.3,150,35650
20240102,10:51:03,3.35,50,35650
20240102,10:51:24,3.3,50,35650
20240102,10:52:03,3.3,250,35650
20240102,10:52:12,3.3,100,35650
20240102,10:53:01,3.25,200,35650
20240102,10:53:56,3.25,100,35650
20240102,10:54:06,3.25,50,35650
20240102,10:54:53,3.25,150,35650
20240102,10:55:38,3.3,150,35650
20240102,10:55:47,3.3,50,35650
20240102,10:56:53,3.3,50,35650
20240102,10:57:54,3.3,50,35650
20240102,11:00:26,3.25,50,35650
20240102,11:03:00,3.3,50,35650
20240102,11:03:09,3.3,50,35650
20240102,11:06:26,3.3,50,35650
20240102,11:07:50,3.25,50,35650
20240102,11:08:00,3.3,300,35650
20240102,11:10:26,3.25,50,35850
20240102,11:10:35,3.25,100,35850
20240102,11:13:38,3.25,250,35850
20240102,11:16:32,3.25,100,35850
20240102,11:16:50,3.25,100,35850
20240102,11:17:09,3.25,50,35850
20240102,11:17:18,3.25,50,35850
20240102,11:18:13,3.2,50,35900
20240102,11:18:22,3.2,50,35900
20240102,11:20:19,3.25,150,35900
20240102,11:20:28,3.25,150,35900
20240102,11:21:20,3.2,50,35900
20240102,11:22:04,3.2,450,35900
20240102,11:22:48,3.2,50,35900
20240102,11:24:19,3.15,1950,36350
20240102,11:24:27,3.2,250,36350
20240102,11:25:24,3.2,250,36350
20240102,11:26:05,3.2,50,36350
20240102,11:26:37,3.2,200,36350
20240102,11:26:45,3.2,150,36400
20240102,11:26:54,3.2,50,36400
20240102,11:27:09,3.2,50,36400
20240102,11:27:17,3.2,50,36400
20240102,11:27:24,3.2,50,36400
20240102,11:27:32,3.15,50,36400
20240102,11:27:49,3.15,1500,36400
20240102,11:27:58,3.2,200,36400
20240102,11:29:37,3.15,50,36400
20240102,11:29:45,3.15,50,37250
20240102,11:31:39,3.15,300,37250
20240102,11:31:55,3.15,50,37250
20240102,11:32:02,3.15,50,37250
20240102,11:32:40,3.0,1800,37250
20240102,11:33:38,3.1,50,38700
20240102,11:33:45,3.1,50,38700
20240102,11:38:25,3.05,100,38600
20240102,11:39:04,3.0,100,38600
20240102,11:41:26,3.1,300,38600
20240102,11:42:39,3.1,50,38350
20240102,11:47:08,3.05,50,38400
20240102,11:49:49,3.0,50,38400
20240102,11:50:01,3.05,200,38400
20240102,11:55:20,3.05,50,38250
20240102,11:58:33,3.05,200,38200
20240102,12:01:08,3.0,100,38000
20240102,12:02:40,3.0,50,38000
20240102,12:02:45,3.0,300,38000
20240102,12:02:57,3.0,50,37650
20240102,12:03:04,3.0,50,37650
20240102,12:03:10,3.0,1350,37650
20240102,12:03:22,3.0,500,37650
20240102,12:04:48,3.05,50,37650
20240102,12:05:07,3.05,50,37650
20240102,12:05:13,3.05,50,37650
20240102,12:05:20,3.05,50,37650
20240102,12:09:25,3.1,950,37300
20240102,12:09:50,3.1,400,37300
20240102,12:10:05,3.1,50,37300
20240102,12:10:29,3.15,50,37300
20240102,12:10:37,3.1,50,37300
20240102,12:10:44,3.1,200,37300
20240102,12:11:34,3.1,100,37300
20240102,12:12:54,3.1,500,37350
20240102,12:14:22,3.15,100,37350
20240102,12:16:05,3.2,550,37250
20240102,12:16:12,3.2,350,37250
20240102,12:16:19,3.2,350,37250
20240102,12:16:47,3.15,100,37250
20240102,12:17:01,3.15,50,37250
20240102,12:17:52,3.15,750,37150
20240102,12:18:07,3.15,50,37150
20240102,12:18:37,3.15,50,37150
20240102,12:19:31,3.15,250,37150
20240102,12:20:30,3.15,50,37150
20240102,12:20:37,3.15,50,37150
20240102,12:21:03,3.2,50,36950
20240102,12:21:10,3.2,100,36950
20240102,12:21:24,3.2,100,36950
20240102,12:21:53,3.2,50,36950
20240102,12:22:00,3.2,50,36950
20240102,12:23:37,3.1,50,36950
20240102,12:24:56,3.15,300,36700
20240102,12:26:08,3.15,50,36700
20240102,12:30:44,3.05,50,36950
20240102,12:30:57,3.1,100,36950
20240102,12:31:03,3.1,50,36950
20240102,12:31:15,3.1,250,36950
20240102,12:36:07,3.15,100,36750
20240102,12:36:20,3.15,50,36750
20240102,12:36:32,3.15,300,36750
20240102,12:36:53,3.15,50,36750
20240102,12:36:59,3.15,50,36750
20240102,12:38:18,3.2,100,36750
20240102,12:38:41,3.2,50,36750
20240102,12:41:45,3.15,150,36700
20240102,12:42:19,3.15,300,36550
20240102,12:46:40,3.15,50,36250
20240102,12:46:50,3.15,50,36250
20240102,12:47:01,3.1,3200,36250
20240102,12:47:22,3.1,650,36250
20240102,12:48:01,3.05,700,36550
20240102,12:48:53,3.05,150,36550
20240102,12:50:23,3.0,1550,36550
20240102,12:52:39,3.0,250,37500
20240102,12:53:45,3.0,250,37500
20240102,12:57:14,3.0,250,37750
20240102,12:58:42,2.95,100,37750
20240102,12:59:32,2.95,200,37750
20240102,13:02:34,2.95,250,37700
20240102,13:03:04,2.95,50,37450
20240102,13:06:56,2.9,50,37400
20240102,13:07:07,2.95,350,37400
20240102,13:08:10,2.95,150,37400
20240102,13:08:28,2.95,50,37400
20240102,13:08:35,2.95,50,37400
20240102,13:08:42,2.95,50,37400
20240102,13:08:54,2.95,100,37400
20240102,13:09:00,2.95,200,37300
20240102,13:09:11,2.95,50,37300
20240102,13:09:22,2.95,50,37300
20240102,13:09:33,2.95,50,37300
20240102,13:09:48,2.95,50,37300
20240102,13:14:07,2.95,50,37200
20240102,13:14:23,2.95,400,37200
20240102,13:14:34,2.95,100,37200
20240102,13:14:39,2.95,50,37200
20240102,13:14:44,2.95,50,37200
20240102,13:15:06,2.95,50,37050
20240102,13:16:42,2.95,450,37050
20240102,13:16:52,2.85,1800,37050
20240102,13:19:12,2.95,50,38650
20240102,13:19:52,2.95,150,38650
20240102,13:19:57,2.95,50,38650
20240102,13:20:32,2.95,50,38650
20240102,13:20:53,2.95,250,38650
20240102,13:23:18,2.95,750,39050
20240102,13:24:49,3.0,400,39800
20240102,13:27:02,3.0,250,40200
20240102,13:28:28,3.0,250,40200
20240102,13:28:33,3.0,350,40200
20240102,13:28:38,3.0,300,40200
20240102,13:28:42,3.0,150,40200
20240102,13:28:47,3.0,50,40200
20240102,13:28:56,3.0,50,40200
20240102,13:29:13,3.0,100,40200
20240102,13:29:50,3.0,50,40200
20240102,13:29:59,3.0,50,40200
20240102,13:30:08,3.0,350,40850
20240102,13:30:34,3.0,50,40850
20240102,13:32:20,3.0,50,40850
20240102,13:32:52,3.0,50,40850
20240102,13:34:18,3.0,700,41200
20240102,13:36:25,3.0,50,41200
20240102,13:36:30,3.05,250,41200
20240102,13:37:29,3.0,250,41200
20240102,13:38:09,3.0,1000,41200
20240102,13:40:44,3.0,50,42450
20240102,13:41:00,3.0,50,42450
20240102,13:41:23,3.0,50,42450
20240102,13:41:36,3.05,50,42450
20240102,13:41:53,3.05,300,42450
20240102,13:41:59,3.05,50,42450
20240102,13:42:05,3.05,100,42600
20240102,13:42:11,3.0,250,42600
20240102,13:43:09,3.05,50,42600
20240102,13:43:24,3.0,100,42600
20240102,13:54:48,3.0,200,42600
20240102,14:00:01,2.95,50,42400
20240102,14:00:51,3.05,100,42400
20240102,14:01:05,2.95,50,42400
20240102,14:01:25,2.95,150,42400
20240102,14:01:49,2.95,50,42400
20240102,14:04:09,3.0,100,42500
20240102,14:05:08,3.0,100,42500
20240102,14:06:52,2.95,50,42400
20240102,14:06:56,2.95,50,42400
20240102,14:07:34,2.95,50,42400
20240102,14:08:19,2.95,50,42400
20240102,14:09:00,3.0,50,42400
20240102,14:09:06,3.0,500,42400
20240102,14:09:13,3.0,250,42200
20240102,14:10:04,3.0,200,42200
20240102,14:10:11,3.0,300,42200
20240102,14:11:19,2.95,50,42200
20240102,14:11:39,2.9,50,42200
20240102,14:11:45,2.9,100,42200
20240102,14:11:51,2.9,50,42200
20240102,14:14:44,2.95,50,42500
20240102,14:16:52,2.85,100,42450
20240102,14:18:55,2.95,100,42400
20240102,14:19:01,2.95,50,42400
20240102,14:19:08,2.95,100,42400
20240102,14:19:15,2.9,100,42400
20240102,14:19:30,2.95,50,42400
20240102,14:19:58,2.95,50,42400
20240102,14:21:17,2.85,50,41950
20240102,14:21:30,2.85,50,41950
20240102,14:21:49,2.85,50,41950
20240102,14:21:56,2.85,100,41950
20240102,14:22:48,2.85,50,41950
20240102,14:26:33,2.8,100,41900
20240102,14:26:40,2.85,400,41900
20240102,14:28:02,2.85,50,41600
20240102,14:28:15,2.8,150,41600
20240102,14:28:21,2.8,50,41600
20240102,14:28:43,2.8,200,41600
20240102,14:29:18,2.8,100,41600
20240102,14:29:30,2.8,50,41600
20240102,14:38:26,2.75,250,41750
20240102,14:38:40,2.8,550,41750
20240102,14:38:47,2.8,50,41750
20240102,14:38:54,2.8,50,41750
20240102,14:39:01,2.8,50,41750
20240102,14:40:30,2.75,250,42450
20240102,14:41:43,2.7,50,42450
20240102,14:44:40,2.7,900,42450
20240102,14:45:36,2.7,50,41800
20240102,14:46:53,2.7,50,41800
20240102,14:48:21,2.7,450,41850
20240102,14:51:59,2.7,50,42050
20240102,14:52:13,2.75,50,42050
20240102,14:52:27,2.7,200,42050
20240102,14:53:43,2.7,50,42050
20240102,14:54:12,2.7,100,42000
20240102,14:54:48,2.65,450,42000
20240102,14:54:56,2.65,250,42000
20240102,14:55:37,2.65,50,42000
20240102,14:59:07,2.65,150,41850
20240102,14:59:39,2.6,250,41850
20240102,15:00:11,2.6,250,41850
20240102,15:00:19,2.65,50,41450
20240102,15:00:26,2.7,150,41450
20240102,15:00:34,2.65,200,41450
20240102,15:00:41,2.6,800,41450
20240102,15:00:55,2.7,50,41450
20240102,15:01:57,2.75,250,41450
20240102,15:02:05,2.8,50,41450
20240102,15:03:48,2.8,250,41100
20240102,15:03:55,2.8,100,41100
20240102,15:04:11,2.75,600,41100
20240102,15:04:27,2.75,50,41100
20240102,15:06:17,2.85,50,41950
20240102,15:06:34,2.85,50,41950
20240102,15:06:42,2.85,50,41950
20240102,15:06:50,2.85,50,41950
20240102,15:06:58,2.85,50,41950
20240102,15:07:06,2.8,50,41950
20240102,15:07:32,2.8,100,41950
20240102,15:07:41,2.8,650,41950
20240102,15:08:22,2.85,50,41950
20240102,15:10:30,2.85,250,41150
20240102,15:10:52,2.85,250,41150
20240102,15:12:36,2.85,100,41150
20240102,15:12:46,2.85,50,41150
20240102,15:13:28,2.9,150,41150
20240102,15:13:56,2.9,50,41150
20240102,15:14:14,2.85,100,41150
20240102,15:17:57,2.95,250,41050
20240102,15:18:14,2.95,50,41050
20240102,15:19:53,2.95,50,41200
20240102,15:20:19,2.95,150,41200
20240102,15:20:43,2.95,450,41200
20240102,15:21:31,2.95,50,41850
20240102,15:22:04,2.95,250,41850
20240102,15:22:12,2.95,150,41850
20240102,15:23:11,2.95,50,41850
20240102,15:23:39,3.0,400,41850
20240102,15:23:57,2.95,50,41850
20240102,15:24:25,2.9,50,42100
20240102,15:24:45,2.9,50,42100
20240102,15:25:14,2.9,500,42100
20240102,15:26:14,2.95,100,42100
20240102,15:26:34,2.95,150,42100
20240102,15:27:48,2.85,1150,42050
20240102,15:27:57,2.6,1350,42050
20240102,15:28:06,2.55,300,42050
20240102,15:28:15,2.6,1100,42050
20240102,15:28:25,2.6,150,42050
20240102,15:28:34,2.65,100,42050
20240102,15:29:37,2.8,150,42050
20240103,09:15:09,2.85,1,39850
20240103,09:15:09,2.85,50,39850
20240103,09:15:24,2.8,150,39850
20240103,09:16:25,2.65,50,39850
20240103,09:16:48,2.65,50,39850
20240103,09:16:56,2.65,50,39850
20240103,09:17:04,2.65,100,39850
20240103,09:17:26,2.75,400,39850
20240103,09:18:27,2.7,50,40250
20240103,09:19:56,2.7,100,40250
20240103,09:22:24,2.6,50,40100
20240103,09:22:43,2.6,200,40100
20240103,09:23:29,2.75,200,40100
20240103,09:23:57,2.8,100,40350
20240103,09:26:45,2.8,50,40350
20240103,09:26:56,2.8,50,40350
20240103,09:28:27,2.8,50,40350
20240103,09:28:56,2.75,100,40350
20240103,09:29:50,2.8,50,40350
20240103,09:30:46,2.75,250,40350
20240103,09:31:24,2.75,50,40350
20240103,09:31:29,2.7,100,40350
20240103,09:31:35,2.75,50,40350
20240103,09:31:45,2.7,50,40350
20240103,09:32:13,2.75,200,40350
20240103,09:33:01,2.7,100,40550
20240103,09:34:11,2.7,50,40550
20240103,09:34:37,2.65,50,40550
20240103,09:36:24,2.7,200,40600
20240103,09:36:30,2.65,450,40600
20240103,09:36:49,2.65,50,40600
20240103,09:37:02,2.65,50,40600
20240103,09:37:15,2.65,50,40600
20240103,09:38:48,2.6,3350,41200
20240103,09:38:55,2.65,1100,41200
20240103,09:41:03,2.8,100,41200
20240103,09:41:21,2.75,250,41200
20240103,09:42:41,2.75,250,45450
20240103,09:42:48,2.75,250,45450
20240103,09:45:15,2.75,250,45950
20240103,09:45:22,2.75,100,45950
20240103,09:45:38,2.8,50,45950
20240103,09:46:21,2.8,50,45950
20240103,09:48:12,2.75,100,45650
20240103,09:50:46,2.75,250,45650
20240103,09:50:58,2.75,250,45650
20240103,09:51:04,2.75,50,45650
20240103,09:51:29,2.75,50,45650
20240103,09:56:22,2.75,200,45250
20240103,10:01:28,2.8,150,45350
20240103,10:04:32,2.7,50,45300
20240103,10:04:44,2.7,50,45300
20240103,10:05:31,2.65,250,45300
20240103,10:08:09,2.7,250,45400
20240103,10:08:21,2.7,50,45400
20240103,10:12:50,2.65,50,45400
20240103,10:13:12,2.65,50,45600
20240103,10:13:17,2.65,50,45600
20240103,10:14:52,2.75,550,45600
20240103,10:14:57,2.7,50,45600
20240103,10:20:53,2.65,200,45850
20240103,10:21:00,2.7,50,45850
20240103,10:21:16,2.75,50,45850
20240103,10:21:39,2.75,50,45850
20240103,10:22:21,2.75,50,45850
20240103,10:22:58,2.75,800,45850
20240103,10:23:05,2.75,250,45850
20240103,10:27:15,2.8,100,45350
20240103,10:32:25,2.8,50,45350
20240103,10:43:12,2.75,200,45350
20240103,10:44:17,2.8,250,45350
20240103,10:44:22,2.85,50,45350
20240103,10:45:31,2.85,250,45600
20240103,10:45:42,2.85,250,45600
20240103,10:45:58,2.85,50,45600
20240103,10:46:23,2.9,50,45600
20240103,10:46:28,2.9,50,45600
20240103,10:46:44,2.9,50,45600
20240103,10:47:19,2.9,50,45600
20240103,10:47:24,2.95,50,45600
20240103,10:47:33,2.95,50,45600
20240103,10:47:38,2.9,50,45600
20240103,10:49:21,2.85,50,45050
20240103,10:53:46,2.9,250,45050
20240103,10:54:19,2.75,1800,45050
20240103,10:55:02,2.85,50,45050
20240103,10:55:30,2.8,50,45050
20240103,10:56:11,2.75,200,45050
20240103,10:56:20,2.75,150,45050
20240103,10:56:41,2.85,200,45050
20240103,11:02:48,2.85,50,46600
20240103,11:04:25,2.85,150,46600
20240103,11:05:36,2.8,50,46600
20240103,11:08:19,2.75,100,46500
20240103,11:08:55,2.7,200,46500
20240103,11:11:25,2.75,250,46500
20240103,11:11:40,2.75,250,46500
20240103,11:19:13,2.8,50,46050
20240103,11:21:20,2.75,50,46100
20240103,11:29:48,2.8,400,46150
20240103,11:31:10,2.75,550,45750
20240103,11:31:15,2.75,50,45750
20240103,11:32:11,2.75,350,45750
20240103,11:32:20,2.75,50,45750
20240103,11:32:27,2.75,100,45750
20240103,11:33:08,2.8,150,45750
20240103,11:34:35,2.8,150,45750
20240103,11:46:27,2.75,100,45700
20240103,11:47:31,2.85,100,45700
20240103,11:47:35,2.75,50,45700
20240103,11:47:54,2.75,100,45600
20240103,11:48:21,2.8,100,45600
20240103,11:49:48,2.75,50,45600
20240103,11:50:49,2.75,50,45600
20240103,11:52:04,2.7,150,45750
20240103,11:52:19,2.65,50,45750
20240103,11:52:23,2.65,50,45750
20240103,11:52:28,2.6,50,45750
20240103,11:55:34,2.65,50,45800
20240103,11:56:22,2.6,1050,45800
20240103,11:58:59,2.5,200,45000
20240103,12:00:36,2.5,100,44950
20240103,12:00:40,2.5,50,44950
20240103,12:12:15,2.55,50,45000
20240103,12:13:18,2.4,50,45000
20240103,12:17:59,2.4,250,45000
20240103,12:21:35,2.45,50,44950
20240103,12:26:46,2.6,50,44950
20240103,12:31:01,2.6,250,44900
20240103,12:32:16,2.55,50,44900
20240103,12:38:52,2.6,50,44650
20240103,12:54:03,2.35,50,44700
20240103,12:59:20,2.35,250,44700
20240103,13:06:27,2.35,50,44950
20240103,13:12:10,2.2,350,44950
20240103,13:12:36,2.25,100,44950
20240103,13:16:07,2.3,50,44800
20240103,13:16:23,2.3,50,44800
20240103,13:21:06,2.25,50,44800
20240103,13:33:42,2.25,100,44750
20240103,13:54:50,2.2,100,44650
20240103,13:55:27,2.25,850,44650
20240103,13:55:49,2.3,850,44650
20240103,13:56:00,2.35,1400,44650
20240103,14:03:04,2.3,1500,44650
20240103,14:03:20,2.3,50,47250
20240103,14:03:34,2.3,50,47250
20240103,14:04:19,2.35,100,47250
20240103,14:04:57,2.35,100,47250
20240103,14:05:18,2.35,150,47250
20240103,14:05:22,2.35,750,47250
20240103,14:06:29,2.35,100,47250
20240103,14:06:33,2.35,100,47250
20240103,14:09:07,2.35,300,47250
20240103,14:16:18,2.35,200,47550
20240103,14:19:24,2.4,50,47650
20240103,14:19:40,2.4,100,47650
20240103,14:20:56,2.4,200,47650
20240103,14:21:24,2.4,300,47700
20240103,14:21:55,2.4,50,47700
20240103,14:33:01,2.35,350,47800
20240103,14:33:34,2.35,750,47800
20240103,14:33:38,2.35,700,47800
20240103,14:34:09,2.35,50,47800
20240103,14:35:22,2.25,150,47800
20240103,14:35:27,2.2,100,47800
20240103,14:35:32,2.2,50,47800
20240103,14:35:39,2.2,100,47800
20240103,14:36:09,2.15,150,47800
20240103,14:37:21,2.15,50,46200
20240103,14:37:53,2.3,250,46200
20240103,14:38:11,2.3,50,46200
20240103,14:39:53,2.3,50,46350
20240103,14:40:18,2.25,50,46350
20240103,14:41:11,2.1,350,46350
20240103,14:49:35,2.2,150,46000
20240103,14:50:08,2.15,550,46000
20240103,14:50:12,2.25,100,46000
20240103,14:51:58,2.15,100,45850
20240103,14:56:51,2.1,150,45800
20240103,14:58:46,2.1,50,45700
20240103,15:00:16,2.15,50,45700
20240103,15:10:43,2.0,100,45650
20240103,15:14:15,2.0,1000,45600
20240103,15:15:17,2.0,150,45600
20240103,15:18:14,1.95,50,46200
20240103,15:18:20,1.95,50,46200
20240103,15:18:51,1.95,50,46200
20240103,15:18:57,1.95,50,46200
20240103,15:21:29,1.95,300,46200
20240103,15:21:33,2.0,50,46200
20240103,15:21:46,1.95,100,46200
20240103,15:22:39,2.05,400,46200
20240103,15:25:18,1.9,150,46600
20240103,15:25:22,1.9,600,46600
20240103,15:27:57,1.9,50,46450
20240103,15:28:02,1.8,50,46450
20240103,15:29:08,1.8,100,46450
20240103,15:29:13,1.8,400,46450
20240104,09:15:26,2.0,1,46350
20240104,09:15:26,2.0,200,46350
20240104,09:15:39,2.05,100,46350
20240104,09:15:59,2.05,50,46350
20240104,09:16:16,1.9,150,46350
20240104,09:16:24,1.85,50,46350
20240104,09:16:32,1.85,100,46350
20240104,09:16:55,1.85,50,46350
20240104,09:17:10,1.85,150,46350
20240104,09:17:30,1.8,150,46750
20240104,09:18:08,1.8,150,46750
20240104,09:18:26,1.8,50,46750
20240104,09:18:47,1.8,100,46750
20240104,09:19:08,1.8,200,46750
20240104,09:22:19,1.85,1750,47100
20240104,09:24:09,1.8,4300,48750
20240104,09:24:30,1.85,100,48750
20240104,09:24:44,1.8,100,48750
20240104,09:25:27,1.35,400,48750
20240104,09:25:55,1.5,500,48750
20240104,09:28:25,1.65,200,52750
20240104,09:33:40,1.65,200,52750
20240104,09:36:14,1.6,150,52600
20240104,09:36:30,1.6,50,52600
20240104,09:41:04,1.6,50,52550
20240104,09:41:11,1.6,100,52550
20240104,09:41:32,1.6,250,52700
20240104,09:44:19,1.6,50,52700
20240104,09:45:09,1.6,50,52750
20240104,09:45:33,1.6,100,52750
20240104,09:46:18,1.6,200,52750
20240104,09:46:34,1.6,50,52750
20240104,09:48:10,1.5,700,53150
20240104,09:48:25,1.5,50,53150
20240104,09:51:45,1.5,200,53650
20240104,09:54:35,1.5,50,53650
20240104,09:55:15,1.5,50,53650
20240104,09:55:33,1.5,50,53650
20240104,09:55:46,1.5,50,53650
20240104,09:56:06,1.5,50,53650
20240104,09:56:12,1.5,50,53650
20240104,09:56:19,1.5,50,53650
20240104,09:56:32,1.5,100,53950
20240104,09:57:03,1.5,100,53950
20240104,09:57:10,1.5,100,53950
20240104,09:57:16,1.5,100,53950
20240104,09:57:22,1.5,50,53950
20240104,09:57:29,1.5,550,53950
20240104,09:57:35,1.5,450,53950
20240104,09:57:42,1.5,100,53950
20240104,09:57:48,1.5,100,53950
20240104,09:57:54,1.5,50,53950
20240104,09:58:09,1.5,100,53950
20240104,09:58:16,1.5,50,53950
20240104,10:00:28,1.5,50,55100
20240104,10:04:42,1.5,500,55150
20240104,10:04:57,1.45,100,55150
20240104,10:05:06,1.4,1500,55150
20240104,10:05:15,1.35,500,55150
20240104,10:05:23,1.35,400,55150
20240104,10:07:15,1.4,500,54400
20240104,10:14:50,1.3,200,54400
20240104,10:15:20,1.3,50,54400
20240104,10:18:35,1.4,1450,54350
20240104,10:19:04,1.4,400,54350
20240104,10:19:19,1.45,50,54350
20240104,10:19:57,1.4,100,54350
20240104,10:20:04,1.4,150,54350
20240104,10:20:11,1.4,600,54350
20240104,10:21:06,1.4,650,53850
20240104,10:22:15,1.4,50,53850
20240104,10:24:42,1.4,1000,53750
20240104,10:25:31,1.4,1000,53750
20240104,10:25:38,1.45,500,53750
20240104,10:25:45,1.4,50,53750
20240104,10:25:59,1.4,50,53750
20240104,10:26:34,1.4,300,53750
20240104,10:27:24,1.4,250,54250
20240104,10:29:29,1.45,1000,54250
20240104,10:30:53,1.45,50,54850
20240104,10:34:45,1.4,50,54850
20240104,10:35:29,1.4,50,54850
20240104,10:35:36,1.4,300,54850
20240104,10:36:49,1.45,200,54850
20240104,10:37:11,1.3,200,54850
20240104,10:39:39,1.35,100,54950
20240104,10:39:57,1.35,100,54950
20240104,10:40:03,1.3,1350,54950
20240104,10:41:50,1.35,50,56000
20240104,10:44:54,1.3,350,55950
20240104,10:46:18,1.3,50,55950
20240104,10:46:23,1.3,50,55950
20240104,10:49:11,1.3,50,55550
20240104,10:50:00,1.3,50,55550
20240104,10:50:17,1.3,50,55550
20240104,10:51:20,1.3,250,55550
20240104,10:53:03,1.3,550,55550
20240104,10:53:18,1.3,100,55550
20240104,10:57:00,1.3,50,55850
20240104,11:14:37,1.35,250,55800
20240104,11:16:32,1.35,250,55550
20240104,11:16:58,1.35,350,55550
20240104,11:19:17,1.35,250,54950
20240104,11:20:05,1.35,50,54950
20240104,11:20:13,1.3,50,54950
20240104,11:23:10,1.3,50,54650
20240104,11:25:25,1.3,50,54650
20240104,11:31:47,1.35,50,54600
20240104,11:37:55,1.35,250,54600
20240104,11:38:03,1.35,50,54600
20240104,11:42:12,1.35,100,54350
20240104,11:44:40,1.3,50,54350
20240104,11:47:19,1.35,50,54250
20240104,12:00:17,1.35,150,54250
20240104,12:01:50,1.35,100,54250
20240104,12:02:08,1.35,250,54250
20240104,12:18:49,1.35,150,53950
20240104,12:19:00,1.3,50,53950
20240104,12:20:23,1.3,400,53950
20240104,12:21:09,1.35,1250,53550
20240104,12:26:25,1.35,150,53550
20240104,12:26:46,1.35,100,53550
20240104,12:26:53,1.35,50,53550
20240104,12:27:00,1.35,100,53550
20240104,12:27:14,1.35,50,53550
20240104,12:32:03,1.3,500,53550
20240104,12:36:16,1.3,50,53200
20240104,12:36:20,1.3,50,53200
20240104,12:36:34,1.25,50,53200
20240104,12:40:50,1.25,250,53200
20240104,12:42:26,1.1,1650,53200
20240104,12:43:10,1.35,1250,53200
20240104,12:43:34,1.35,50,53200
20240104,12:43:54,1.35,50,53200
20240104,12:47:32,1.35,200,52300
20240104,12:47:40,1.35,50,52300
20240104,12:47:55,1.35,50,52300
20240104,12:49:34,1.3,50,52500
20240104,12:50:08,1.3,50,52500
20240104,12:50:14,1.3,50,52500
20240104,12:50:43,1.25,250,52500
20240104,12:51:59,1.3,50,52450
20240104,12:56:10,1.3,350,52500
20240104,12:56:14,1.3,50,52500
20240104,12:59:24,1.35,100,52800
20240104,12:59:42,1.35,300,52800
20240104,12:59:47,1.35,100,52800
20240104,12:59:53,1.35,100,52800
20240104,13:05:48,1.35,50,53150
20240104,13:06:01,1.35,100,53150
20240104,13:18:04,1.3,50,53150
20240104,13:20:47,1.3,500,53150
20240104,13:21:28,1.35,200,53150
20240104,13:28:20,1.35,50,53350
20240104,13:28:26,1.35,200,53350
20240104,13:28:31,1.35,250,53350
20240104,13:28:40,1.35,150,53350
20240104,13:28:44,1.35,50,53350
20240104,13:28:52,1.35,50,53350
20240104,13:28:56,1.35,50,53350
20240104,13:29:01,1.35,150,53350
20240104,13:29:05,1.35,50,53350
20240104,13:29:09,1.35,300,53350
20240104,13:29:18,1.35,100,53350
20240104,13:29:22,1.35,100,53350
20240104,13:29:26,1.35,150,53350
20240104,13:29:29,1.35,50,53350
20240104,13:29:37,1.35,100,53350
20240104,13:29:43,1.35,50,53350
20240104,13:29:52,1.35,100,53350
20240104,13:29:57,1.35,50,53350
20240104,13:30:02,1.35,200,53350
20240104,13:30:15,1.35,100,53350
20240104,13:30:21,1.35,250,53350
20240104,13:30:28,1.35,200,53350
20240104,13:30:35,1.4,150,53350
20240104,13:30:40,1.4,500,53350
20240104,13:30:46,1.4,450,53350
20240104,13:30:51,1.4,100,53350
20240104,13:30:56,1.4,300,53350
20240104,13:31:01,1.4,250,53350
20240104,13:41:04,1.35,200,55000
20240104,13:51:32,1.4,750,54900
20240104,13:57:26,1.35,50,55400
20240104,13:58:19,1.3,150,55400
20240104,13:58:29,1.3,50,55400
20240104,13:58:34,1.3,50,55400
20240104,13:58:39,1.3,100,55400
20240104,14:00:20,1.35,500,55400
20240104,14:01:17,1.35,250,55400
20240104,14:01:54,1.35,50,55400
20240104,14:02:41,1.4,250,55400
20240104,14:02:48,1.4,250,55400
20240104,14:03:16,1.4,100,56250
20240104,14:04:04,1.35,200,56250
20240104,14:05:25,1.4,50,56250
20240104,14:05:31,1.4,1250,56250
20240104,14:06:07,1.45,800,56300
20240104,14:06:40,1.4,50,56300
20240104,14:08:36,1.35,2500,56300
20240104,14:09:45,1.35,150,55500
20240104,14:10:31,1.4,700,55500
20240104,14:10:42,1.4,400,55500
20240104,14:11:31,1.4,250,55500
20240104,14:11:36,1.4,50,55500
20240104,14:12:30,1.35,450,55250
20240104,14:13:51,1.45,1500,55250
20240104,14:14:23,1.4,150,55250
20240104,14:18:14,1.4,250,55450
20240104,14:18:28,1.45,150,55450
20240104,14:19:01,1.45,50,55450
20240104,14:19:11,1.45,50,55450
20240104,14:20:32,1.5,100,55450
20240104,14:21:28,1.45,100,55150
20240104,14:22:06,1.4,100,55150
20240104,14:24:12,1.4,50,55250
20240104,14:24:39,1.4,50,55250
20240104,14:25:50,1.4,150,55250
20240104,14:31:28,1.4,350,55200
20240104,14:31:43,1.4,50,55200
20240104,14:31:50,1.4,250,55200
20240104,14:39:04,1.35,1100,55300
20240104,14:40:10,1.35,250,55250
20240104,14:40:28,1.35,250,55250
20240104,14:40:48,1.35,250,55250
20240104,14:41:17,1.3,450,55250
20240104,14:42:02,1.3,300,55250
20240104,14:42:08,1.3,50,55250
20240104,14:44:04,1.25,150,54750
20240104,14:44:11,1.25,150,54750
20240104,14:52:22,1.3,100,54750
20240104,14:52:59,1.3,200,54650
20240104,14:53:40,1.3,50,54650
20240104,14:53:44,1.35,100,54650
20240104,14:53:59,1.35,50,54650
20240104,15:00:34,1.3,300,54600
20240104,15:00:44,1.3,100,54600
20240104,15:06:55,1.3,850,54850
20240104,15:07:04,1.3,300,54850
20240104,15:11:09,1.3,50,54450
20240104,15:11:16,1.25,550,54450
20240104,15:12:08,1.25,300,54450
20240104,15:12:15,1.25,200,54450
20240104,15:13:02,1.25,50,54350
20240104,15:13:12,1.25,350,54350
20240104,15:13:21,1.25,50,54350
20240104,15:14:06,1.25,150,54350
20240104,15:14:13,1.25,1100,54350
20240104,15:15:03,1.25,1000,54350
20240104,15:15:10,1.25,2500,54350
20240104,15:15:59,1.25,400,53900
20240104,15:16:43,1.3,350,53900
20240104,15:16:51,1.2,150,53900
20240104,15:17:00,1.25,50,53900
20240104,15:17:20,1.2,200,53900
20240104,15:18:16,1.25,300,53950
20240104,15:19:24,1.2,250,53950
20240104,15:20:44,1.2,300,53950
20240104,15:20:53,1.2,250,53950
20240104,15:21:01,1.2,550,53950
20240104,15:21:26,1.2,550,55000
20240104,15:21:45,1.2,150,55000
20240104,15:22:20,1.15,150,55000
20240104,15:23:24,1.15,150,55000
20240104,15:25:02,1.15,100,55600
20240104,15:25:48,1.25,200,55600
20240104,15:26:33,1.2,50,55600
20240104,15:27:20,1.15,400,55750
20240104,15:28:09,1.2,100,55750
20240104,15:29:12,1.15,100,55750
20240104,15:29:58,1.25,100,55750
20240105,09:15:02,1.25,1,55750
20240105,09:15:02,1.3,1,55750
20240105,09:15:02,1.25,800,55750
20240105,09:15:03,1.1,1050,55750
20240105,09:15:04,1.1,150,55750
20240105,09:15:05,1.25,150,55750
20240105,09:15:06,1.15,50,55750
20240105,09:15:07,1.25,50,55750
20240105,09:15:08,1.45,50,55750
20240105,09:15:09,1.45,50,55750
20240105,09:15:12,1.2,50,55750
20240105,09:15:32,1.2,200,55750
20240105,09:15:33,1.2,50,55750
20240105,09:15:44,1.15,150,55750
20240105,09:16:30,1.1,50,55750
20240105,09:16:38,1.1,200,55750
20240105,09:16:46,1.1,250,55750
20240105,09:16:51,1.15,50,55750
20240105,09:16:52,1.15,50,55750
20240105,09:17:20,1.1,50,55950
20240105,09:17:25,1.1,200,55950
20240105,09:18:30,1.05,100,55950
20240105,09:19:32,1.05,50,55950
20240105,09:19:38,1.1,300,55950
20240105,09:20:01,1.1,550,55950
20240105,09:20:02,1.1,550,55950
20240105,09:20:03,1.1,800,55950
20240105,09:20:04,1.1,750,55950
20240105,09:20:04,1.1,250,55950
20240105,09:20:05,1.1,650,55950
20240105,09:20:06,1.1,550,55950
20240105,09:20:07,1.1,600,55950
20240105,09:20:09,1.15,50,55950
20240105,09:20:32,1.15,50,60100
20240105,09:20:33,1.15,50,60100
20240105,09:20:34,1.15,50,60100
20240105,09:20:35,1.15,50,60100
20240105,09:20:36,1.15,50,60100
20240105,09:20:37,1.15,50,60100
20240105,09:20:38,1.15,50,60100
20240105,09:20:39,1.15,50,60100
20240105,09:20:40,1.15,50,60100
20240105,09:20:41,1.15,50,60100
20240105,09:20:42,1.15,50,60100
20240105,09:20:43,1.15,50,60100
20240105,09:20:44,1.15,50,60100
20240105,09:20:45,1.15,100,60100
20240105,09:20:46,1.15,50,60100
20240105,09:20:47,1.15,50,60100
20240105,09:20:48,1.15,50,60100
20240105,09:20:49,1.15,400,60100
20240105,09:20:50,1.15,50,60100
20240105,09:20:51,1.15,50,60100
20240105,09:20:52,1.15,50,60100
20240105,09:20:53,1.15,50,60100
20240105,09:20:54,1.15,50,60100
20240105,09:20:55,1.15,50,60100
20240105,09:20:56,1.15,50,60100
20240105,09:20:57,1.15,50,60100
20240105,09:20:58,1.15,200,60100
20240105,09:20:59,1.15,200,60100
20240105,09:21:00,1.15,200,60100
20240105,09:21:01,1.15,250,60100
20240105,09:21:02,1.15,100,60100
20240105,09:21:03,1.15,150,60100
20240105,09:21:04,1.15,50,60100
20240105,09:21:05,1.15,100,60100
20240105,09:21:07,1.15,50,60100
20240105,09:21:08,1.15,100,60100
20240105,09:21:09,1.15,50,60100
20240105,09:21:10,1.15,100,60100
20240105,09:21:11,1.15,50,60100
20240105,09:21:12,1.15,50,60100
20240105,09:21:13,1.2,50,60100
20240105,09:21:14,1.15,250,60100
20240105,09:21:15,1.2,50,60100
20240105,09:21:16,1.15,250,60100
20240105,09:21:19,1.2,50,60100
20240105,09:21:20,1.2,200,60100
20240105,09:21:23,1.2,200,60100
20240105,09:21:28,1.2,50,60100
20240105,09:21:29,1.2,50,60100
20240105,09:21:30,1.2,50,60100
20240105,09:21:31,1.2,50,60100
20240105,09:21:32,1.2,50,60100
20240105,09:21:33,1.2,50,60100
20240105,09:21:34,1.2,50,60100
20240105,09:21:35,1.2,50,60100
20240105,09:21:36,1.2,50,60100
20240105,09:21:37,1.2,50,60100
20240105,09:21:38,1.2,50,60100
20240105,09:21:39,1.2,50,60100
20240105,09:21:40,1.2,50,60100
20240105,09:21:41,1.2,50,60100
20240105,09:21:42,1.2,50,60100
20240105,09:21:43,1.2,50,60100
20240105,09:21:44,1.2,50,60100
20240105,09:21:45,1.2,50,60100
20240105,09:21:46,1.2,50,60100
20240105,09:21:47,1.2,50,60100
20240105,09:21:48,1.2,50,60100
20240105,09:21:49,1.2,50,60100
20240105,09:21:50,1.2,50,60100
20240105,09:21:51,1.2,50,60100
20240105,09:21:52,1.2,50,60100
20240105,09:21:53,1.2,50,60100
20240105,09:21:54,1.2,50,60100
20240105,09:21:55,1.2,50,60100
20240105,09:21:56,1.2,50,60100
20240105,09:21:57,1.2,50,60100
20240105,09:21:58,1.2,200,60100
20240105,09:21:59,1.2,200,60100
20240105,09:22:00,1.2,1000,60100
20240105,09:22:03,1.2,50,60100
20240105,09:22:04,1.2,50,60100
20240105,09:22:05,1.2,50,60100
20240105,09:22:06,1.2,50,60100
20240105,09:22:06,1.2,2050,60100
20240105,09:22:07,1.2,400,60100
20240105,09:22:08,1.2,100,60100
20240105,09:22:09,1.2,50,60100
20240105,09:22:10,1.2,50,60100
20240105,09:22:11,1.2,50,60100
20240105,09:22:12,1.2,50,60100
20240105,09:22:13,1.25,850,60100
20240105,09:22:14,1.25,50,60100
20240105,09:22:15,1.25,50,60100
20240105,09:22:16,1.25,50,60100
20240105,09:22:17,1.25,50,60100
20240105,09:22:18,1.25,50,60100
20240105,09:22:19,1.25,50,60100
20240105,09:22:20,1.25,50,60100
20240105,09:22:21,1.25,50,60100
20240105,09:22:22,1.25,50,60100
20240105,09:22:23,1.25,50,60100
20240105,09:22:24,1.25,50,60100
20240105,09:22:25,1.25,50,60100
20240105,09:22:26,1.25,1800,60100
20240105,09:22:27,1.25,200,60100
20240105,09:22:28,1.25,200,60100
20240105,09:22:30,1.3,2000,60100
20240105,09:22:33,1.25,50,60100
20240105,09:22:34,1.25,100,60100
20240105,09:22:35,1.2,450,60100
20240105,09:22:38,1.25,600,60100
20240105,09:22:40,1.25,100,60100
20240105,09:22:41,1.25,50,60100
20240105,09:22:42,1.25,50,60100
20240105,09:22:43,1.25,100,60100
20240105,09:22:44,1.25,50,60100
20240105,09:22:45,1.25,50,60100
20240105,09:22:46,1.25,100,60100
20240105,09:22:47,1.25,50,60100
20240105,09:22:48,1.25,50,60100
20240105,09:22:49,1.25,50,60100
20240105,09:22:50,1.25,50,60100
20240105,09:22:51,1.25,50,60100
20240105,09:22:52,1.25,50,60100
20240105,09:22:53,1.25,50,60100
20240105,09:22:54,1.25,200,60100
20240105,09:22:55,1.25,250,60100
20240105,09:22:56,1.25,200,60100
20240105,09:22:57,1.25,200,60100
20240105,09:22:58,1.25,50,60100
20240105,09:22:59,1.25,50,60100
20240105,09:23:00,1.25,50,60100
20240105,09:23:01,1.25,50,60100
20240105,09:23:02,1.25,200,60100
20240105,09:23:03,1.25,3400,60100
20240105,09:23:04,1.25,200,60100
20240105,09:23:05,1.25,100,60100
20240105,09:23:06,1.25,50,60100
20240105,09:23:07,1.25,100,60100
20240105,09:23:08,1.25,50,60100
20240105,09:23:09,1.25,100,60100
20240105,09:23:10,1.25,50,60100
20240105,09:23:11,1.2,1100,60100
20240105,09:23:12,1.25,200,60100
20240105,09:23:13,1.25,200,60100
20240105,09:23:14,1.25,50,60100
20240105,09:23:15,1.25,50,60100
20240105,09:23:16,1.25,50,60100
20240105,09:23:17,1.25,50,73900
20240105,09:23:18,1.25,50,73900
20240105,09:23:19,1.25,50,73900
20240105,09:23:20,1.25,50,73900
20240105,09:23:21,1.2,400,73900
20240105,09:23:22,1.25,200,73900
20240105,09:23:23,1.25,200,73900
20240105,09:23:24,1.25,200,73900
20240105,09:23:26,1.25,100,73900
20240105,09:23:27,1.25,100,73900
20240105,09:23:28,1.25,50,73900
20240105,09:23:29,1.25,50,73900
20240105,09:23:30,1.25,50,73900
20240105,09:23:31,1.25,50,73900
20240105,09:23:32,1.25,50,73900
20240105,09:23:34,1.25,350,73900
20240105,09:23:35,1.25,50,73900
20240105,09:23:36,1.25,50,73900
20240105,09:23:37,1.25,50,73900
20240105,09:23:38,1.25,50,73900
20240105,09:23:39,1.25,200,73900
20240105,09:23:40,1.25,200,73900
20240105,09:23:41,1.25,200,73900
20240105,09:23:43,1.25,50,73900
20240105,09:23:44,1.25,50,73900
20240105,09:23:45,1.25,50,73900
20240105,09:23:46,1.25,50,73900
20240105,09:23:47,1.25,50,73900
20240105,09:23:49,1.25,100,73900
20240105,09:23:50,1.25,400,73900
20240105,09:23:51,1.3,50,73900
20240105,09:23:52,1.25,100,73900
20240105,09:23:53,1.25,50,73900
20240105,09:23:54,1.25,200,73900
20240105,09:23:55,1.25,1450,73900
20240105,09:23:56,1.3,200,73900
20240105,09:23:59,1.3,50,73900
20240105,09:24:00,1.3,50,73900
20240105,09:24:01,1.3,100,73900
20240105,09:24:02,1.3,50,73900
20240105,09:24:03,1.3,50,73900
20240105,09:24:05,1.3,100,73900
20240105,09:24:06,1.3,50,73900
20240105,09:24:07,1.3,50,73900
20240105,09:24:08,1.3,50,73900
20240105,09:24:09,1.3,50,73900
20240105,09:24:10,1.3,50,73900
20240105,09:24:11,1.3,50,73900
20240105,09:24:12,1.3,50,73900
20240105,09:24:13,1.3,50,73900
20240105,09:24:14,1.3,50,73900
20240105,09:24:15,1.3,150,73900
20240105,09:24:16,1.25,350,73900
20240105,09:24:17,1.3,50,73900
20240105,09:24:18,1.3,50,73900
20240105,09:24:19,1.3,50,73900
20240105,09:24:20,1.3,50,73900
20240105,09:24:22,1.3,150,73900
20240105,09:24:23,1.3,50,73900
20240105,09:24:24,1.3,50,73900
20240105,09:24:25,1.3,50,73900
20240105,09:24:26,1.3,50,73900
20240105,09:24:26,1.3,200,73900
20240105,09:24:27,1.3,50,73900
20240105,09:24:28,1.3,50,73900
20240105,09:24:29,1.3,50,73900
20240105,09:24:30,1.3,50,73900
20240105,09:24:31,1.3,50,73900
20240105,09:24:32,1.3,50,73900
20240105,09:24:33,1.3,600,73900
20240105,09:24:34,1.3,50,73900
20240105,09:24:35,1.3,50,73900
20240105,09:24:36,1.25,5950,73900
20240105,09:24:37,1.25,600,73900
20240105,09:24:38,1.25,200,73900
20240105,09:24:39,1.25,200,73900
20240105,09:24:42,1.25,50,73900
20240105,09:24:44,1.25,650,73900
20240105,09:24:45,1.25,50,73900
20240105,09:24:46,1.25,50,73900
20240105,09:24:48,1.25,50,73900
20240105,09:24:51,1.25,50,73900
20240105,09:24:53,1.25,100,73900
20240105,09:24:56,1.25,50,73900
20240105,09:24:57,1.25,50,73900
20240105,09:24:58,1.25,50,73900
20240105,09:24:59,1.25,50,73900
20240105,09:25:01,1.25,100,73900
20240105,09:25:02,1.25,3850,73900
20240105,09:25:03,1.25,1150,73900
20240105,09:25:05,1.25,400,73900
20240105,09:25:05,1.25,1150,73900
20240105,09:25:06,1.3,50,73900
20240105,09:25:07,1.3,50,73900
20240105,09:25:08,1.3,200,73900
20240105,09:25:09,1.3,2000,73900
20240105,09:25:10,1.3,200,73900
20240105,09:25:11,1.3,50,73900
20240105,09:25:12,1.3,50,73900
20240105,09:25:13,1.3,50,73900
20240105,09:25:14,1.3,50,73900
20240105,09:25:15,1.3,50,73900
20240105,09:25:16,1.3,200,73900
20240105,09:25:17,1.3,200,73900
20240105,09:25:18,1.3,200,73900
20240105,09:25:21,1.3,50,73900
20240105,09:25:27,1.3,100,73900
20240105,09:25:28,1.3,50,73900
20240105,09:25:29,1.25,50,73900
20240105,09:25:31,1.3,50,73900
20240105,09:25:34,1.3,50,73900
20240105,09:25:42,1.3,50,73900
20240105,09:25:43,1.3,100,73900
20240105,09:25:45,1.3,50,73900
20240105,09:25:46,1.3,100,73900
20240105,09:25:47,1.3,100,73900
20240105,09:25:50,1.3,50,73900
20240105,09:25:51,1.3,100,73900
20240105,09:25:52,1.3,50,73900
20240105,09:25:53,1.3,50,73900
20240105,09:25:56,1.3,50,73900
20240105,09:25:57,1.3,100,73900
20240105,09:25:58,1.3,50,73900
20240105,09:25:59,1.3,50,73900
20240105,09:26:00,1.3,50,73900
20240105,09:26:01,1.3,50,73900
20240105,09:26:02,1.3,50,73900
20240105,09:26:03,1.3,50,73900
20240105,09:26:04,1.3,50,73900
20240105,09:26:05,1.3,50,73900
20240105,09:26:06,1.3,100,73900
20240105,09:26:07,1.3,50,73900
20240105,09:26:08,1.3,50,73900
20240105,09:26:09,1.3,50,73900
20240105,09:26:10,1.3,100,73900
20240105,09:26:11,1.3,50,73900
20240105,09:26:12,1.3,50,73900
20240105,09:26:13,1.3,50,73900
20240105,09:26:14,1.3,300,73900
20240105,09:26:15,1.3,200,73900
20240105,09:26:16,1.3,50,73900
20240105,09:26:17,1.3,50,88500
20240105,09:26:18,1.3,50,88500
20240105,09:26:19,1.3,50,88500
20240105,09:26:21,1.3,50,88500
20240105,09:26:30,1.3,50,88500
20240105,09:26:31,1.3,1800,88500
20240105,09:26:33,1.3,200,88500
20240105,09:26:35,1.3,600,88500
20240105,09:26:37,1.25,300,88500
20240105,09:26:40,1.3,50,88500
20240105,09:26:51,1.3,50,88500
20240105,09:26:57,1.3,100,88500
20240105,09:26:58,1.3,50,88500
20240105,09:27:01,1.25,50,88500
20240105,09:27:05,1.3,50,88500
20240105,09:27:07,1.3,50,88500
20240105,09:27:09,1.3,1850,88500
20240105,09:27:22,1.25,450,88500
20240105,09:27:23,1.3,1850,88500
20240105,09:27:24,1.3,50,88500
20240105,09:27:41,1.3,50,88500
20240105,09:28:01,1.3,50,88500
20240105,09:28:11,1.3,50,88500
20240105,09:28:13,1.25,8500,88500
20240105,09:28:37,1.25,400,88500
20240105,09:28:42,1.25,50,88500
20240105,09:29:11,1.25,50,88500
20240105,09:29:16,1.2,250,88500
20240105,09:29:38,1.25,50,98150
20240105,09:30:03,1.2,500,98150
20240105,09:30:05,1.25,100,98150
20240105,09:30:10,1.25,300,98150
20240105,09:30:25,1.25,50,98150
20240105,09:30:28,1.25,50,98150
20240105,09:30:30,1.25,50,98150
20240105,09:30:33,1.25,50,98150
20240105,09:30:35,1.25,50,98150
20240105,09:30:37,1.2,50,98150
20240105,09:30:53,1.25,50,98150
20240105,09:31:09,1.2,1400,98150
20240105,09:31:18,1.15,50,98150
20240105,09:31:28,1.15,250,98150
20240105,09:31:35,1.2,100,98150
20240105,09:31:41,1.15,50,98150
20240105,09:31:45,1.2,50,98150
20240105,09:31:46,1.15,300,98150
20240105,09:32:19,1.15,50,98850
20240105,09:32:41,1.2,50,98850
20240105,09:32:42,1.2,50,98850
20240105,09:33:34,1.2,50,98850
20240105,09:33:35,1.15,50,98850
20240105,09:34:04,1.15,1250,98850
20240105,09:34:08,1.15,50,98850
20240105,09:34:15,1.15,500,98850
20240105,09:34:21,1.1,250,98850
20240105,09:34:22,1.1,50,98850
20240105,09:34:23,1.1,50,98850
20240105,09:34:24,1.1,50,98850
20240105,09:34:25,1.1,50,98850
20240105,09:34:26,1.1,50,98850
20240105,09:34:27,1.1,50,98850
20240105,09:34:28,1.1,200,98850
20240105,09:34:29,1.1,200,98850
20240105,09:34:30,1.1,200,98850
20240105,09:34:33,1.1,50,98850
20240105,09:34:34,1.1,50,98850
20240105,09:34:35,1.1,50,98850
20240105,09:34:36,1.1,50,98850
20240105,09:34:37,1.1,50,98850
20240105,09:34:38,1.1,50,98850
20240105,09:34:39,1.1,50,98850
20240105,09:34:40,1.1,50,98850
20240105,09:34:41,1.1,550,98850
20240105,09:34:42,1.1,100,98850
20240105,09:34:43,1.1,50,98850
20240105,09:34:44,1.1,50,98850
20240105,09:35:16,1.1,50,98850
20240105,09:35:41,1.15,200,97200
20240105,09:35:46,1.1,350,97200
20240105,09:36:02,1.15,2000,97200
20240105,09:36:34,1.15,50,97200
20240105,09:36:45,1.1,300,97200
20240105,09:36:51,1.1,1000,97200
20240105,09:36:52,1.1,3100,97200
20240105,09:36:54,1.1,950,97200
20240105,09:36:55,1.1,50,97200
20240105,09:36:56,1.1,250,97200
20240105,09:36:57,1.1,100,97200
20240105,09:36:59,1.1,50,97200
20240105,09:37:02,1.1,50,97200
20240105,09:37:17,1.1,50,97200
20240105,09:37:26,1.05,200,97200
20240105,09:38:16,1.1,250,97200
20240105,09:38:17,1.1,300,97200
20240105,09:40:15,1.05,200,97200
20240105,09:40:47,1.1,100,100050
20240105,09:41:12,1.05,1800,100050
20240105,09:41:45,1.05,15700,98100
20240105,09:41:46,1.05,300,98100
20240105,09:41:47,1.05,50,98100
20240105,09:41:48,1.05,50,98100
20240105,09:42:05,1.05,100,98100
20240105,09:42:16,1.05,1800,98100
20240105,09:42:53,1.0,50,98100
20240105,09:42:54,1.0,50,98100
20240105,09:42:56,1.0,100,98100
20240105,09:42:59,1.05,50,98100
20240105,09:43:06,1.05,1150,98100
20240105,09:43:09,1.05,1800,98100
20240105,09:43:16,1.0,100,98100
20240105,09:43:53,1.0,100,98100
20240105,09:43:56,1.0,4350,98100
20240105,09:43:57,1.0,9200,98100
20240105,09:44:50,0.95,50,98100
20240105,09:44:53,0.95,100,104050
20240105,09:45:03,1.0,100,104050
20240105,09:45:24,1.0,50,104050
20240105,09:45:25,1.0,50,104050
20240105,09:45:26,1.0,50,104050
20240105,09:45:35,1.0,50,104050
20240105,09:45:36,1.0,50,104050
20240105,09:45:37,1.0,50,104050
20240105,09:45:38,1.0,50,104050
20240105,09:45:39,1.0,50,104050
20240105,09:45:40,1.0,50,104050
20240105,09:45:41,1.0,50,104050
20240105,09:45:42,1.0,50,104050
20240105,09:45:43,1.0,50,104050
20240105,09:45:44,1.0,50,104050
20240105,09:45:45,1.0,50,104050
20240105,09:45:46,1.0,50,104050
20240105,09:45:54,1.0,50,104050
20240105,09:45:55,1.0,50,104050
20240105,09:45:56,1.0,3300,104050
20240105,09:45:58,1.0,50,104050
20240105,09:45:59,1.0,4950,104050
20240105,09:46:03,1.0,150,104050
20240105,09:46:04,1.05,50,104050
20240105,09:46:11,1.05,50,104050
20240105,09:46:15,1.05,50,104050
20240105,09:46:24,1.0,50,104050
20240105,09:46:26,1.05,50,104050
20240105,09:46:39,1.05,50,104050
20240105,09:46:45,1.05,50,104050
20240105,09:46:55,1.05,50,104050
20240105,09:46:58,1.05,50,104050
20240105,09:47:00,1.05,50,104050
20240105,09:47:01,1.05,50,104050
20240105,09:47:03,1.05,50,104050
20240105,09:47:07,1.05,50,104050
20240105,09:47:11,1.05,650,104050
20240105,09:47:12,1.05,50,104050
20240105,09:47:13,1.05,50,104050
20240105,09:47:14,1.05,50,104050
20240105,09:47:15,1.05,50,104050
20240105,09:47:16,1.05,50,104050
20240105,09:47:17,1.05,50,104050
20240105,09:47:18,1.05,50,104050
20240105,09:47:19,1.05,50,111650
20240105,09:47:20,1.05,50,111650
20240105,09:47:21,1.05,50,111650
20240105,09:47:22,1.05,100,111650
20240105,09:47:23,1.05,150,111650
20240105,09:47:24,1.05,150,111650
20240105,09:47:27,1.05,50,111650
20240105,09:47:28,1.05,50,111650
20240105,09:47:29,1.05,50,111650
20240105,09:47:29,1.0,11050,111650
20240105,09:47:30,1.0,50,111650
20240105,09:47:31,1.0,50,111650
20240105,09:47:33,1.0,50,111650
20240105,09:47:35,1.0,50,111650
20240105,09:47:36,1.0,50,111650
20240105,09:47:38,1.0,50,111650
20240105,09:47:42,1.0,50,111650
20240105,09:47:45,1.0,50,111650
20240105,09:47:46,1.0,50,111650
20240105,09:48:11,1.0,100,111650
20240105,09:48:16,1.0,50,111650
20240105,09:48:52,0.95,50,111650
20240105,09:49:27,1.0,50,111650
20240105,09:49:34,0.95,50,111650
20240105,09:49:36,0.95,50,111650
20240105,09:49:37,1.0,50,111650
20240105,09:50:37,1.0,150,120850
20240105,09:51:24,1.0,50,120850
20240105,09:51:28,1.0,2000,120850
20240105,09:51:41,1.0,1800,120850
20240105,09:51:46,0.95,50,120850
20240105,09:51:54,0.95,100,120850
20240105,09:51:58,1.0,50,120850
20240105,09:52:20,1.0,50,120850
20240105,09:52:23,1.0,50,120850
20240105,09:52:54,0.95,50,120850
20240105,09:53:14,1.0,100,120850
20240105,09:53:18,1.0,50,120850
20240105,09:53:29,1.0,50,125150
20240105,09:53:51,1.0,50,125150
20240105,09:53:55,0.95,200,125150
20240105,09:54:16,1.0,50,125150
20240105,09:54:33,1.0,50,125150
20240105,09:54:45,1.0,150,125150
20240105,09:54:46,1.0,50,125150
20240105,09:54:47,1.0,50,125150
20240105,09:54:47,1.0,100,125150
20240105,09:54:56,1.0,50,125150
20240105,09:55:10,1.0,50,125150
20240105,09:55:54,1.0,100,125150
20240105,09:56:45,0.95,9300,125900
20240105,09:57:42,1.0,500,125900
20240105,09:57:54,1.0,100,125900
20240105,09:58:00,1.0,200,125900
20240105,09:58:37,0.95,200,125900
20240105,09:58:47,1.0,50,125900
20240105,09:58:50,1.0,3000,125900
20240105,10:00:03,0.95,200,125900
20240105,10:00:42,0.95,1800,122750
20240105,10:02:18,0.95,50,122750
20240105,10:02:47,0.95,50,122750
20240105,10:02:53,0.95,50,121350
20240105,10:04:56,0.95,150,121350
20240105,10:05:05,1.0,50,121350
20240105,10:05:26,0.95,2950,121350
20240105,10:05:39,1.0,50,121400
20240105,10:05:48,0.95,100,121400
20240105,10:06:07,0.95,50,121400
20240105,10:06:32,1.0,50,121400
20240105,10:07:16,0.95,50,121400
20240105,10:07:45,1.0,50,121400
20240105,10:08:45,0.95,500,121400
20240105,10:08:50,1.0,300,119500
20240105,10:09:26,1.0,300,119500
20240105,10:13:13,1.0,150,119500
20240105,10:13:28,0.95,50,119600
20240105,10:13:37,0.95,1000,119600
20240105,10:13:40,0.95,1000,119600
20240105,10:14:07,0.95,100,119600
20240105,10:14:18,1.0,100,119600
20240105,10:14:23,0.95,250,119850
20240105,10:16:59,0.95,50,119850
20240105,10:17:32,0.95,50,120100
20240105,10:17:55,0.95,350,120100
20240105,10:18:11,0.95,150,120100
20240105,10:18:30,0.95,1550,120100
20240105,10:18:34,0.9,50,120100
20240105,10:19:13,0.9,300,120100
20240105,10:19:57,0.9,3000,120100
20240105,10:20:28,0.9,50,120100
20240105,10:20:49,0.9,50,121600
20240105,10:22:50,0.95,50,121600
20240105,10:23:07,0.9,50,121600
20240105,10:23:39,0.95,50,121700
20240105,10:23:58,0.95,50,121700
20240105,10:25:51,0.95,50,121700
20240105,10:26:18,0.95,50,121700
20240105,10:27:03,0.95,50,121900
20240105,10:28:16,0.95,150,121900
20240105,10:29:18,0.95,50,121900
20240105,10:29:52,0.95,50,122150
20240105,10:30:00,0.9,50,122150
20240105,10:30:53,0.95,100,122150
20240105,10:33:28,0.9,50,122300
20240105,10:33:30,0.9,50,122300
20240105,10:34:23,0.9,50,122300
20240105,10:36:28,0.95,50,122300
20240105,10:37:22,0.9,50,122300
20240105,10:37:23,0.9,50,122300
20240105,10:37:24,0.9,50,122300
20240105,10:37:25,0.9,50,122300
20240105,10:37:25,0.95,100,122300
20240105,10:37:26,0.9,50,122300
20240105,10:37:27,0.95,100,122300
20240105,10:37:28,0.9,50,122300
20240105,10:37:29,0.9,50,122300
20240105,10:37:30,0.9,50,122300
20240105,10:37:31,0.9,50,122300
20240105,10:37:32,0.9,50,122300
20240105,10:37:33,0.9,50,122300
20240105,10:37:34,0.9,50,122300
20240105,10:37:35,0.9,50,122300
20240105,10:37:36,0.9,50,122300
20240105,10:37:37,0.9,50,122300
20240105,10:37:39,0.9,50,122300
20240105,10:37:41,0.9,50,122300
20240105,10:37:45,0.9,50,122300
20240105,10:37:46,0.9,50,122300
20240105,10:37:49,0.9,50,122300
20240105,10:37:50,0.9,50,122300
20240105,10:37:51,0.9,50,122300
20240105,10:37:52,0.9,50,122300
20240105,10:37:53,0.9,50,122300
20240105,10:37:55,0.9,50,122300
20240105,10:37:56,0.9,50,122300
20240105,10:37:57,0.9,50,122300
20240105,10:37:58,0.9,50,122300
20240105,10:37:59,0.9,50,122300
20240105,10:38:00,0.9,50,122300
20240105,10:38:01,0.9,50,122300
20240105,10:38:02,0.9,50,122300
20240105,10:38:03,0.9,50,122300
20240105,10:38:04,0.9,50,122300
20240105,10:38:05,0.9,50,122300
20240105,10:38:06,0.9,50,122300
20240105,10:38:07,0.9,50,122300
20240105,10:38:09,0.9,50,122300
20240105,10:38:10,0.9,50,122300
20240105,10:38:11,0.9,50,122300
20240105,10:38:12,0.9,50,122300
20240105,10:38:13,0.9,50,122300
20240105,10:38:14,0.9,50,122300
20240105,10:38:15,0.9,50,122300
20240105,10:38:16,0.9,50,122300
20240105,10:38:17,0.9,50,122300
20240105,10:38:18,0.9,50,122300
20240105,10:38:19,0.9,50,122300
20240105,10:38:20,0.9,2100,122300
20240105,10:38:21,0.9,50,122300
20240105,10:38:23,0.9,50,122300
20240105,10:38:24,0.9,50,122300
20240105,10:38:25,0.9,50,122300
20240105,10:38:27,0.9,50,122750
20240105,10:38:28,0.9,50,122750
20240105,10:38:29,0.9,50,122750
20240105,10:38:30,0.9,50,122750
20240105,10:38:31,0.9,50,122750
20240105,10:38:32,0.9,50,122750
20240105,10:38:33,0.9,50,122750
20240105,10:38:35,0.9,50,122750
20240105,10:38:36,0.9,50,122750
20240105,10:38:37,0.9,50,122750
20240105,10:38:38,0.9,50,122750
20240105,10:38:39,0.9,50,122750
20240105,10:38:40,0.9,50,122750
20240105,10:38:41,0.9,50,122750
20240105,10:38:42,0.9,50,122750
20240105,10:38:43,0.9,50,122750
20240105,10:38:45,0.9,50,122750
20240105,10:38:48,0.9,50,122750
20240105,10:38:49,0.9,50,122750
20240105,10:38:50,0.9,50,122750
20240105,10:38:51,0.9,50,122750
20240105,10:38:52,0.9,50,122750
20240105,10:38:53,0.9,50,122750
20240105,10:38:54,0.9,50,122750
20240105,10:38:55,0.9,1150,122750
20240105,10:38:56,0.9,50,122750
20240105,10:38:57,0.9,50,122750
20240105,10:38:58,0.9,50,122750
20240105,10:38:59,0.9,50,122750
20240105,10:39:00,0.9,50,122750
20240105,10:39:01,0.9,50,122750
20240105,10:39:02,0.9,200,122750
20240105,10:39:03,0.9,200,122750
20240105,10:39:11,0.9,50,122750
20240105,10:39:11,0.9,2400,122750
20240105,10:39:12,0.9,50,122750
20240105,10:39:13,0.9,50,122750
20240105,10:39:14,0.9,50,122750
20240105,10:39:15,0.9,50,122750
20240105,10:39:16,0.9,50,122750
20240105,10:39:17,0.9,50,122750
20240105,10:39:18,0.9,50,122750
20240105,10:39:19,0.9,50,122750
20240105,10:39:20,0.9,50,122750
20240105,10:39:21,0.9,50,122750
20240105,10:39:22,0.9,50,122750
20240105,10:39:23,0.9,50,122750
20240105,10:39:24,0.9,50,122750
20240105,10:39:25,0.9,300,122750
20240105,10:39:26,0.9,1850,122750
20240105,10:39:27,0.9,50,122750
20240105,10:39:28,0.9,50,122750
20240105,10:39:29,0.9,1000,122750
20240105,10:39:30,0.9,50,122750
20240105,10:39:31,0.9,50,122750
20240105,10:39:32,0.9,50,122750
20240105,10:39:33,0.9,50,122750
20240105,10:39:34,0.9,50,122750
20240105,10:39:35,0.9,50,122750
20240105,10:39:37,0.9,50,122750
20240105,10:39:40,0.9,50,122750
20240105,10:39:41,0.9,50,122750
20240105,10:39:42,0.9,50,122750
20240105,10:39:43,0.9,50,122750
20240105,10:39:44,0.9,50,122750
20240105,10:39:45,0.9,50,122750
20240105,10:39:46,0.9,50,122750
20240105,10:39:47,0.9,50,122750
20240105,10:39:48,0.9,50,122750
20240105,10:39:49,0.9,50,122750
20240105,10:39:50,0.9,50,122750
20240105,10:39:51,0.9,50,122750
20240105,10:39:52,0.9,50,122750
20240105,10:39:53,0.9,50,122750
20240105,10:39:54,0.9,50,122750
20240105,10:39:55,0.9,50,122750
20240105,10:39:56,0.9,50,122750
20240105,10:39:57,0.9,50,122750
20240105,10:39:58,0.9,50,122750
20240105,10:39:59,0.9,50,122750
20240105,10:40:00,0.9,50,122750
20240105,10:40:01,0.9,50,122750
20240105,10:40:02,0.9,50,122750
20240105,10:40:03,0.9,50,122750
20240105,10:40:04,0.9,50,122750
20240105,10:40:05,0.9,50,122750
20240105,10:40:06,0.9,50,122750
20240105,10:40:07,0.9,50,122750
20240105,10:40:08,0.9,50,122750
20240105,10:40:09,0.9,50,122750
20240105,10:40:10,0.9,50,122750
20240105,10:40:11,0.9,50,122750
20240105,10:40:12,0.9,50,122750
20240105,10:40:13,0.9,50,122750
20240105,10:40:14,0.9,50,122750
20240105,10:40:15,0.9,50,122750
20240105,10:40:16,0.9,50,122750
20240105,10:40:17,0.9,50,122750
20240105,10:40:18,0.9,50,122750
20240105,10:40:19,0.9,50,122750
20240105,10:40:20,0.9,50,122750
20240105,10:40:21,0.9,50,122750
20240105,10:40:22,0.9,50,122750
20240105,10:40:23,0.9,50,122750
20240105,10:40:24,0.9,50,122750
20240105,10:40:25,0.9,50,122750
20240105,10:40:26,0.9,50,122750
20240105,10:40:27,0.9,50,122750
20240105,10:40:28,0.9,50,122750
20240105,10:40:29,0.9,50,122750
20240105,10:40:30,0.9,50,122750
20240105,10:40:31,0.9,50,122750
20240105,10:40:32,0.9,50,122750
20240105,10:40:33,0.9,50,122750
20240105,10:40:34,0.9,50,122750
20240105,10:40:35,0.9,50,122750
20240105,10:40:37,0.9,50,122750
20240105,10:40:38,0.9,50,122750
20240105,10:40:39,0.9,50,122750
20240105,10:40:44,0.95,250,122750
20240105,10:40:46,0.9,50,122750
20240105,10:40:49,0.9,50,122750
20240105,10:40:50,0.9,50,122750
20240105,10:40:51,0.9,50,122750
20240105,10:40:52,0.9,50,122750
20240105,10:40:53,0.9,50,122750
20240105,10:40:55,0.9,50,122750
20240105,10:40:56,0.9,50,122750
20240105,10:40:57,0.9,50,122750
20240105,10:40:58,0.9,50,122750
20240105,10:40:59,0.9,50,122750
20240105,10:41:00,0.9,50,122750
20240105,10:41:02,0.9,50,122750
20240105,10:41:03,0.9,50,122750
20240105,10:41:04,0.9,50,122750
20240105,10:41:05,0.9,50,122750
20240105,10:41:06,0.9,50,122750
20240105,10:41:07,0.9,50,122750
20240105,10:41:08,0.9,50,122750
20240105,10:41:09,0.9,50,122750
20240105,10:41:10,0.9,50,122750
20240105,10:41:11,0.9,50,122750
20240105,10:41:12,0.9,50,122750
20240105,10:41:13,0.9,50,122750
20240105,10:41:14,0.9,50,122750
20240105,10:41:15,0.9,50,122750
20240105,10:41:16,0.9,50,122750
20240105,10:41:17,0.9,50,122750
20240105,10:41:18,0.9,50,122750
20240105,10:41:19,0.9,50,122750
20240105,10:41:20,0.9,50,122750
20240105,10:41:21,0.9,50,122750
20240105,10:41:22,0.9,50,122750
20240105,10:41:24,0.9,100,122750
20240105,10:41:25,0.9,50,122750
20240105,10:41:26,0.9,50,122750
20240105,10:41:27,0.9,50,122750
20240105,10:41:28,0.9,50,123350
20240105,10:41:29,0.9,50,123350
20240105,10:41:30,0.9,50,123350
20240105,10:41:31,0.9,50,123350
20240105,10:41:32,0.9,50,123350
20240105,10:41:33,0.9,50,123350
20240105,10:41:34,0.9,50,123350
20240105,10:41:35,0.9,50,123350
20240105,10:41:36,0.9,50,123350
20240105,10:41:37,0.9,50,123350
20240105,10:41:38,0.9,50,123350
20240105,10:41:39,0.9,50,123350
20240105,10:41:40,0.9,50,123350
20240105,10:41:42,0.9,100,123350
20240105,10:41:43,0.9,50,123350
20240105,10:41:44,0.9,50,123350
20240105,10:41:45,0.9,50,123350
20240105,10:41:46,0.9,50,123350
20240105,10:41:47,0.9,50,123350
20240105,10:41:48,0.9,50,123350
20240105,10:41:49,0.9,50,123350
20240105,10:41:50,0.9,50,123350
20240105,10:41:51,0.9,50,123350
20240105,10:41:54,0.9,50,123350
20240105,10:41:55,0.9,50,123350
20240105,10:41:57,0.9,50,123350
20240105,10:41:58,0.9,50,123350
20240105,10:41:58,0.9,1800,123350
20240105,10:41:59,0.9,50,123350
20240105,10:42:00,0.9,50,123350
20240105,10:42:01,0.9,50,123350
20240105,10:42:02,0.9,50,123350
20240105,10:42:03,0.9,50,123350
20240105,10:42:04,0.9,50,123350
20240105,10:42:08,0.9,50,123350
20240105,10:42:57,0.9,50,123350
20240105,10:42:58,0.9,50,123350
20240105,10:42:59,0.9,50,123350
20240105,10:43:00,0.9,50,123350
20240105,10:43:01,0.9,50,123350
20240105,10:43:02,0.9,50,123350
20240105,10:43:03,0.9,50,123350
20240105,10:43:04,0.9,50,123350
20240105,10:43:05,0.9,50,123350
20240105,10:43:06,0.9,50,123350
20240105,10:43:06,0.9,300,123350
20240105,10:43:07,0.9,350,123350
20240105,10:43:10,0.85,50,123350
20240105,10:43:11,0.85,50,123350
20240105,10:43:12,0.85,50,123350
20240105,10:43:13,0.85,50,123350
20240105,10:43:14,0.85,50,123350
20240105,10:43:15,0.85,50,123350
20240105,10:43:16,0.85,50,123350
20240105,10:43:17,0.85,50,123350
20240105,10:43:18,0.85,50,123350
20240105,10:43:19,0.85,200,123350
20240105,10:43:20,0.85,200,123350
20240105,10:43:21,0.85,50,123350
20240105,10:43:22,0.85,50,123350
20240105,10:43:26,0.85,750,123350
20240105,10:43:30,0.9,100,123350
20240105,10:43:31,0.9,50,123350
20240105,10:43:32,0.9,1850,123350
20240105,10:43:33,0.9,200,123350
20240105,10:43:34,0.9,200,123350
20240105,10:43:35,0.9,200,123350
20240105,10:43:36,0.9,50,123350
20240105,10:43:37,0.9,50,123350
20240105,10:43:39,0.9,50,123350
20240105,10:43:40,0.9,400,123350
20240105,10:43:41,0.9,50,123350
20240105,10:43:42,0.9,200,123350
20240105,10:43:43,0.9,200,123350
20240105,10:43:44,0.9,200,123350
20240105,10:43:45,0.9,200,123350
20240105,10:43:46,0.9,200,123350
20240105,10:43:47,0.9,200,123350
20240105,10:43:48,0.9,200,123350
20240105,10:43:49,0.9,200,123350
20240105,10:43:50,0.9,200,123350
20240105,10:43:51,0.9,200,123350
20240105,10:43:52,0.9,200,123350
20240105,10:43:53,0.9,250,123350
20240105,10:43:55,0.9,50,123350
20240105,10:43:56,0.9,50,123350
20240105,10:43:57,0.9,200,123350
20240105,10:43:58,0.9,200,123350
20240105,10:43:59,0.9,200,123350
20240105,10:44:00,0.9,50,123350
20240105,10:44:01,0.9,50,123350
20240105,10:44:02,0.9,200,123350
20240105,10:44:03,0.9,200,123350
20240105,10:44:07,0.9,50,123350
20240105,10:44:08,0.9,50,123350
20240105,10:44:09,0.9,50,123350
20240105,10:44:10,0.9,50,123350
20240105,10:44:11,0.9,50,123350
20240105,10:44:20,0.95,300,123350
20240105,10:44:23,0.95,50,123350
20240105,10:44:24,0.95,250,123350
20240105,10:44:25,0.9,50,123350
20240105,10:44:26,0.9,200,123350
20240105,10:44:27,0.9,1150,121650
20240105,10:44:28,0.9,1150,121650
20240105,10:44:29,0.9,2550,121650
20240105,10:44:30,0.9,750,121650
20240105,10:44:31,0.9,850,121650
20240105,10:44:32,0.9,700,121650
20240105,10:44:33,0.9,300,121650
20240105,10:44:34,0.9,200,121650
20240105,10:44:35,0.9,200,121650
20240105,10:44:36,0.9,200,121650
20240105,10:44:37,0.9,200,121650
20240105,10:44:38,0.9,1350,121650
20240105,10:44:42,0.85,50,121650
20240105,10:44:47,0.9,100,121650
20240105,10:44:49,0.9,1950,121650
20240105,10:44:50,0.95,5400,121650
20240105,10:44:51,0.95,1800,121650
20240105,10:45:22,0.95,50,121650
20240105,10:45:23,0.9,150,121650
20240105,10:45:58,0.9,50,121650
20240105,10:46:24,0.9,1800,121650
20240105,10:46:25,0.9,2050,121650
20240105,10:46:32,0.9,1900,121650
20240105,10:46:36,0.9,900,121650
20240105,10:47:05,0.9,50,121650
20240105,10:47:26,0.9,250,121650
20240105,10:47:27,0.9,300,121650
20240105,10:47:29,0.9,250,122850
20240105,10:47:29,0.9,1800,122850
20240105,10:47:30,0.95,5500,122850
20240105,10:47:47,0.9,750,122850
20240105,10:47:48,0.9,1000,122850
20240105,10:47:49,0.9,100,122850
20240105,10:48:00,0.9,700,122850
20240105,10:48:20,0.95,250,122850
20240105,10:48:21,0.9,50,122850
20240105,10:48:57,0.95,50,122850
20240105,10:49:29,0.95,50,122850
20240105,10:49:30,0.95,50,122850
20240105,10:49:48,0.95,50,122850
20240105,10:49:49,0.95,50,122850
20240105,10:49:50,0.95,50,122850
20240105,10:49:56,0.9,200,122850
20240105,10:50:07,0.95,50,122850
20240105,10:50:08,0.95,50,122850
20240105,10:50:09,0.95,50,122850
20240105,10:50:17,0.95,300,122850
20240105,10:50:55,0.95,1800,122850
20240105,10:51:03,0.95,3300,122250
20240105,10:51:05,0.95,1800,122250
20240105,10:51:09,0.95,1800,122250
20240105,10:51:11,0.95,100,122250
20240105,10:51:12,0.95,850,122250
20240105,10:51:13,0.95,50,122250
20240105,10:51:16,0.95,12500,122250
20240105,10:51:22,0.95,50,122250
20240105,10:51:27,0.95,200,122250
20240105,10:51:32,1.0,50,122250
20240105,10:51:33,1.0,100,122250
20240105,10:51:34,1.0,100,122250
20240105,10:51:35,1.0,100,122250
20240105,10:51:37,1.0,50,122250
20240105,10:51:38,1.0,50,122250
20240105,10:51:40,1.0,50,122250
20240105,10:51:42,1.0,100,122250
20240105,10:51:45,1.0,50,122250
20240105,10:51:47,1.0,100,122250
20240105,10:51:48,1.0,50,122250
20240105,10:51:49,1.0,500,122250
20240105,10:51:50,1.0,750,122250
20240105,10:51:51,1.0,550,122250
20240105,10:51:52,1.0,750,122250
20240105,10:51:53,1.0,550,122250
20240105,10:51:54,1.0,650,122250
20240105,10:51:55,1.0,550,122250
20240105,10:51:56,1.0,1800,122250
20240105,10:52:04,1.0,50,122250
20240105,10:52:24,1.0,50,122250
20240105,10:52:26,1.0,50,122250
20240105,10:52:33,1.0,50,122250
20240105,10:52:52,0.95,50,122250
20240105,10:52:57,1.0,50,122250
20240105,10:52:58,1.0,50,122250
20240105,10:53:00,1.0,100,122250
20240105,10:53:01,1.0,50,122250
20240105,10:53:02,1.0,50,122250
20240105,10:53:17,0.95,750,122250
20240105,10:53:18,0.95,650,122250
20240105,10:53:20,0.95,1300,122250
20240105,10:53:21,0.95,550,122250
20240105,10:53:22,0.95,550,122250
20240105,10:53:23,0.95,450,122250
20240105,10:53:25,0.95,600,122250
20240105,10:53:26,0.95,6900,122250
20240105,10:53:33,0.95,250,122200
20240105,10:53:37,0.95,250,122200
20240105,10:53:38,0.95,250,122200
20240105,10:53:50,0.95,1800,122200
20240105,10:53:55,0.95,50,122200
20240105,10:54:00,0.95,250,122200
20240105,10:54:01,0.95,1800,122200
20240105,10:54:03,0.95,1300,122200
20240105,10:54:04,0.95,3550,122200
20240105,10:54:07,1.0,1800,122200
20240105,10:54:08,1.0,50,122200
20240105,10:54:22,1.0,1800,122200
20240105,10:54:24,0.95,50,122200
20240105,10:54:28,0.95,150,122200
20240105,10:54:29,0.95,150,122200
20240105,10:54:33,0.95,1800,122200
20240105,10:54:42,0.95,50,122200
20240105,10:54:44,0.95,150,122200
20240105,10:54:46,0.95,400,122200
20240105,10:54:47,0.95,100,122200
20240105,10:54:50,0.95,150,122200
20240105,10:54:51,0.95,50,122200
20240105,10:55:11,0.95,250,122200
20240105,10:55:46,1.0,50,122200
20240105,10:55:48,1.0,50,122200
20240105,10:55:49,1.0,50,122200
20240105,10:55:50,1.0,50,122200
20240105,10:55:52,1.0,50,122200
20240105,10:55:53,1.0,50,122200
20240105,10:55:54,1.0,200,122200
20240105,10:55:56,1.0,650,122200
20240105,10:55:58,1.0,700,122200
20240105,10:56:00,1.0,550,122200
20240105,10:56:02,1.0,650,122200
20240105,10:56:03,1.0,550,122200
20240105,10:56:04,1.0,550,122200
20240105,10:56:06,1.0,2350,122200
20240105,10:56:38,0.95,1100,121600
20240105,10:56:39,1.0,50,121600
20240105,10:56:42,1.0,100,121600
20240105,10:57:25,1.0,50,121600
20240105,10:57:34,0.95,1800,121600
20240105,10:57:35,0.95,200,121600
20240105,10:57:44,0.95,250,121600
20240105,10:57:48,0.95,50,121600
20240105,10:58:04,0.95,300,121600
20240105,10:58:22,0.95,300,121600
20240105,10:59:24,0.95,50,121600
20240105,10:59:31,0.9,50,121600
20240105,10:59:42,0.9,50,120700
20240105,10:59:57,0.95,50,120700
20240105,11:00:09,0.9,50,120700
20240105,11:00:12,0.95,100,120700
20240105,11:00:14,0.95,100,120700
20240105,11:01:02,0.95,50,120700
20240105,11:01:38,0.95,50,120700
20240105,11:03:05,0.95,100,120700
20240105,11:03:14,0.95,100,120650
20240105,11:04:07,0.9,50,120650
20240105,11:04:11,0.9,500,120650
20240105,11:04:11,0.9,6800,120650
20240105,11:04:16,0.85,50,120650
20240105,11:04:55,0.9,3600,120650
20240105,11:04:57,0.9,1800,120650
20240105,11:04:59,0.9,1800,120650
20240105,11:05:00,0.9,1800,120650
20240105,11:05:02,0.95,50,120650
20240105,11:05:03,0.95,50,120650
20240105,11:05:24,0.9,1800,120650
20240105,11:05:25,0.9,3800,120650
20240105,11:05:56,0.9,1800,117100
20240105,11:06:02,0.9,600,117100
20240105,11:06:08,0.95,100,117100
20240105,11:06:24,0.9,1900,117100
20240105,11:06:27,0.9,50,117100
20240105,11:06:28,0.9,100,117100
20240105,11:07:21,0.9,1000,117100
20240105,11:07:54,0.85,50,117100
20240105,11:08:09,0.85,50,117100
20240105,11:08:10,0.9,500,117100
20240105,11:08:48,0.85,100,117150
20240105,11:09:04,0.9,50,117150
20240105,11:10:07,0.9,50,117150
20240105,11:10:52,0.85,50,117150
20240105,11:11:05,0.9,50,117150
20240105,11:11:11,0.85,100,117150
20240105,11:12:13,0.9,50,117150
20240105,11:12:27,0.9,500,117150
20240105,11:13:06,0.9,50,117150
20240105,11:13:12,0.85,500,117150
20240105,11:13:56,0.85,250,117150
20240105,11:13:57,0.85,150,117150
20240105,11:13:57,0.85,500,117150
20240105,11:13:58,0.85,100,117150
20240105,11:15:02,0.9,500,117150
20240105,11:15:16,0.9,50,117200
20240105,11:15:50,0.85,550,117200
20240105,11:15:52,0.85,650,117200
20240105,11:15:54,0.85,550,117200
20240105,11:15:56,0.85,550,117200
20240105,11:15:58,0.85,550,117200
20240105,11:16:01,0.85,600,117200
20240105,11:16:03,0.85,100,117200
20240105,11:16:04,0.85,550,117200
20240105,11:16:07,0.85,600,117200
20240105,11:16:43,0.9,500,117200
20240105,11:16:46,0.85,50,117200
20240105,11:17:56,0.9,19900,117150
20240105,11:18:41,0.9,500,117150
20240105,11:20:42,0.9,250,118800
20240105,11:20:47,0.9,250,118800
20240105,11:21:23,0.95,150,118800
20240105,11:25:14,0.95,50,119300
20240105,11:25:17,0.95,50,119300
20240105,11:25:23,0.95,50,119300
20240105,11:25:48,0.95,50,119300
20240105,11:25:50,0.95,50,119300
20240105,11:26:04,0.95,50,119300
20240105,11:26:05,0.95,50,119300
20240105,11:26:06,0.95,50,119300
20240105,11:26:07,0.95,50,119300
20240105,11:26:08,0.95,50,119300
20240105,11:26:09,0.95,50,119300
20240105,11:26:10,0.95,50,119300
20240105,11:26:11,0.95,50,119300
20240105,11:26:12,0.95,50,119300
20240105,11:26:13,0.95,50,119300
20240105,11:26:14,0.95,50,119300
20240105,11:26:15,0.95,50,119300
20240105,11:26:29,0.95,50,119300
20240105,11:26:30,0.95,50,119300
20240105,11:26:45,0.95,50,119300
20240105,11:26:46,0.95,50,119300
20240105,11:26:48,0.95,50,119300
20240105,11:26:49,0.95,50,119300
20240105,11:26:50,0.95,50,119300
20240105,11:26:53,0.95,50,119300
20240105,11:26:57,0.95,50,119300
20240105,11:26:59,0.95,50,119300
20240105,11:27:00,0.95,50,119300
20240105,11:27:02,0.95,50,119300
20240105,11:27:05,0.95,50,119300
20240105,11:27:18,0.95,50,119300
20240105,11:27:23,0.95,50,119300
20240105,11:27:26,0.95,50,119300
20240105,11:27:29,0.95,50,119300
20240105,11:27:30,0.95,50,119300
20240105,11:27:31,0.95,50,119300
20240105,11:27:49,0.95,500,119300
20240105,11:28:07,0.95,50,119300
20240105,11:28:55,0.9,350,119300
20240105,11:29:35,0.95,50,119300
20240105,11:29:39,0.95,50,119650
20240105,11:29:40,0.95,50,119650
20240105,11:29:41,0.95,50,119650
20240105,11:29:42,0.95,50,119650
20240105,11:29:43,0.95,100,119650
20240105,11:29:44,0.95,50,119650
20240105,11:29:45,0.95,50,119650
20240105,11:29:46,0.95,50,119650
20240105,11:29:47,0.95,50,119650
20240105,11:32:07,0.9,250,119650
20240105,11:32:39,0.95,50,119650
20240105,11:32:43,0.95,50,119900
20240105,11:34:37,0.95,50,119900
20240105,11:35:43,0.9,50,119900
20240105,11:36:01,0.95,50,119900
20240105,11:36:02,0.95,50,119900
20240105,11:36:03,0.95,50,119900
20240105,11:36:04,0.95,50,119900
20240105,11:36:05,0.95,50,119900
20240105,11:36:06,0.95,50,119900
20240105,11:36:07,0.95,50,119900
20240105,11:36:11,0.95,50,119900
20240105,11:36:16,0.95,50,119900
20240105,11:36:17,0.95,50,119900
20240105,11:36:25,0.95,50,119900
20240105,11:36:25,0.9,50,119900
20240105,11:36:29,0.95,50,119900
20240105,11:36:33,0.95,50,119900
20240105,11:36:34,0.95,50,119900
20240105,11:36:39,0.95,50,119900
20240105,11:38:41,0.95,1800,119900
20240105,11:38:44,0.95,500,119900
20240105,11:39:23,0.95,350,119900
20240105,11:39:34,0.9,100,119900
20240105,11:40:04,0.95,50,119900
20240105,11:40:05,0.95,50,119900
20240105,11:40:06,0.95,50,119900
20240105,11:40:07,0.95,50,119900
20240105,11:40:08,0.95,50,119900
20240105,11:40:09,0.95,50,119900
20240105,11:40:10,0.95,50,119900
20240105,11:40:11,0.95,50,119900
20240105,11:40:25,0.95,50,119900
20240105,11:40:38,0.9,50,119900
20240105,11:42:15,0.95,50,117600
20240105,11:43:35,0.95,50,117600
20240105,11:45:19,0.9,250,117600
20240105,11:45:38,0.95,50,117600
20240105,11:46:02,0.95,50,117600
20240105,11:46:06,0.9,50,117600
20240105,11:47:51,0.9,550,117850
20240105,11:47:52,0.9,1850,117850
20240105,11:47:52,0.9,3600,117850
20240105,11:47:53,0.95,50,117850
20240105,11:47:54,0.9,1850,117850
20240105,11:47:55,0.9,7500,117850
20240105,11:47:56,0.9,50,117850
20240105,11:47:57,0.9,50,117850
20240105,11:47:58,0.9,100,117850
20240105,11:50:43,0.9,50,117850
20240105,11:50:46,0.9,50,118200
20240105,11:50:47,0.9,50,118200
20240105,11:50:48,0.9,50,118200
20240105,11:50:49,0.9,50,118200
20240105,11:50:52,0.9,50,118200
20240105,11:50:55,0.9,50,118200
20240105,11:50:56,0.9,50,118200
20240105,11:50:57,0.9,50,118200
20240105,11:50:58,0.9,50,118200
20240105,11:50:59,0.9,50,118200
20240105,11:51:00,0.9,50,118200
20240105,11:51:01,0.9,50,118200
20240105,11:51:02,0.9,50,118200
20240105,11:51:03,0.9,50,118200
20240105,11:51:04,0.9,50,118200
20240105,11:51:12,0.9,50,118200
20240105,11:51:13,0.9,50,118200
20240105,11:51:14,0.9,50,118200
20240105,11:51:15,0.9,50,118200
20240105,11:51:16,0.9,50,118200
20240105,11:51:17,0.9,50,118200
20240105,11:51:18,0.9,50,118200
20240105,11:51:19,0.9,50,118200
20240105,11:51:20,0.9,50,118200
20240105,11:51:21,0.9,50,118200
20240105,11:51:22,0.9,50,118200
20240105,11:51:23,0.9,50,118200
20240105,11:51:24,0.9,100,118200
20240105,11:51:42,0.9,50,118200
20240105,11:51:43,0.9,50,118200
20240105,11:51:44,0.9,50,118200
20240105,11:51:45,0.9,50,118200
20240105,11:51:46,0.9,50,118200
20240105,11:51:47,0.9,50,118200
20240105,11:51:48,0.9,50,118200
20240105,11:51:49,0.9,50,118200
20240105,11:51:50,0.9,50,118200
20240105,11:51:51,0.9,50,118200
20240105,11:51:52,0.9,50,118200
20240105,11:51:53,0.9,50,118200
20240105,11:51:54,0.9,50,118200
20240105,11:51:55,0.9,50,118200
20240105,11:51:56,0.9,50,118200
20240105,11:51:57,0.9,50,118200
20240105,11:51:58,0.9,100,118200
20240105,11:51:59,0.9,50,118200
20240105,11:52:00,0.9,50,118200
20240105,11:52:01,0.9,50,118200
20240105,11:52:02,0.9,50,118200
20240105,11:52:03,0.9,50,118200
20240105,11:52:04,0.9,50,118200
20240105,11:52:05,0.9,50,118200
20240105,11:52:06,0.9,50,118200
20240105,11:52:22,0.9,50,118200
20240105,11:52:33,0.9,50,118200
20240105,11:52:45,0.9,50,118200
20240105,11:52:46,0.9,50,118200
20240105,11:52:49,0.9,50,118200
20240105,11:52:54,0.9,50,118200
20240105,11:52:58,0.9,50,118200
