date,time,tick_price,volume,open_interest
20240115,09:15:09,2.0,150,3850
20240115,09:15:34,1.0,50,3850
20240115,09:16:01,1.0,50,3850
20240115,09:16:10,1.0,50,3850
20240115,09:16:11,0.9,100,3850
20240115,09:16:13,0.9,50,3850
20240115,09:16:16,1.0,150,3850
20240115,09:16:16,0.9,100,3850
20240115,09:16:19,0.95,250,3850
20240115,09:16:21,0.9,100,3850
20240115,09:16:22,0.95,200,3850
20240115,09:16:24,0.9,100,3850
20240115,09:16:25,0.95,150,3850
20240115,09:16:28,0.9,100,3850
20240115,09:16:29,0.95,150,3850
20240115,09:16:32,0.85,150,3850
20240115,09:16:33,0.8,100,3850
20240115,09:16:34,0.8,150,3850
20240115,09:16:35,0.8,100,3850
20240115,09:16:36,0.8,150,3850
20240115,09:16:38,0.8,100,3850
20240115,09:16:40,0.8,50,3850
20240115,09:16:41,0.8,50,3850
20240115,09:16:46,0.8,50,3850
20240115,09:16:48,0.8,50,3850
20240115,09:16:49,0.8,50,3850
20240115,09:16:51,0.8,150,3850
20240115,09:16:51,0.8,50,3850
20240115,09:16:52,0.8,100,3850
20240115,09:16:55,0.8,50,3850
20240115,09:16:56,0.8,150,3850
20240115,09:16:59,0.8,50,3850
20240115,09:17:00,0.8,150,3850
20240115,09:17:02,0.8,250,3850
20240115,09:17:19,0.8,150,3850
20240115,09:17:25,0.85,100,3850
20240115,09:17:27,0.9,200,3850
20240115,09:17:36,0.9,50,3850
20240115,09:17:48,0.8,50,3850
20240115,09:17:56,0.85,200,3850
20240115,09:18:04,0.85,400,3850
20240115,09:18:11,0.85,100,3850
20240115,09:18:13,0.9,50,3850
20240115,09:19:46,0.9,250,3850
20240115,09:20:04,0.85,500,3850
20240115,09:20:07,0.9,450,3850
20240115,09:20:10,0.75,600,3850
20240115,09:20:25,0.75,50,3850
20240115,09:20:27,0.85,50,5400
20240115,09:20:28,0.85,50,5400
20240115,09:20:29,0.85,50,5400
20240115,09:20:30,0.85,400,5400
20240115,09:20:32,0.85,550,5400
20240115,09:20:34,0.85,300,5400
20240115,09:20:36,0.85,100,5400
20240115,09:20:37,0.85,550,5400
20240115,09:20:41,0.9,550,5400
20240115,09:20:44,0.9,50,5400
20240115,09:20:45,0.9,300,5400
20240115,09:20:48,0.9,550,5400
20240115,09:21:05,0.9,600,5400
20240115,09:21:32,0.8,600,5400
20240115,09:21:33,0.85,50,5400
20240115,09:21:37,0.9,150,5400
20240115,09:21:49,0.85,150,5400
20240115,09:22:07,0.8,100,5400
20240115,09:22:10,0.8,200,5400
20240115,09:22:15,0.8,50,5400
20240115,09:22:51,0.8,50,5400
20240115,09:22:57,0.8,250,5400
20240115,09:22:59,0.8,200,5400
20240115,09:23:00,0.8,200,5400
20240115,09:23:01,0.8,200,5400
20240115,09:23:03,0.8,200,5400
20240115,09:23:04,0.8,200,5400
20240115,09:23:05,0.8,200,5400
20240115,09:23:08,0.8,50,5400
20240115,09:23:09,0.8,50,5400
20240115,09:23:12,0.8,200,5400
20240115,09:23:13,0.8,50,5400
20240115,09:23:15,0.8,50,5400
20240115,09:23:18,0.8,50,5400
20240115,09:23:19,0.8,1100,5400
20240115,09:23:20,0.8,50,5400
20240115,09:23:25,0.8,200,5400
20240115,09:23:51,0.8,350,8650
20240115,09:25:11,0.9,150,8650
20240115,09:25:52,0.85,500,8650
20240115,09:26:47,0.8,200,8650
20240115,09:26:49,0.8,50,9300
20240115,09:31:37,0.75,650,9300
20240115,09:31:41,0.75,300,9300
20240115,09:31:42,0.8,100,9300
20240115,09:31:43,0.8,50,9300
20240115,09:31:44,0.75,350,9300
20240115,09:31:46,0.75,550,9300
20240115,09:31:48,0.75,650,9300
20240115,09:31:49,0.8,550,9300
20240115,09:31:52,0.8,550,9300
20240115,09:31:53,0.75,300,9300
20240115,09:32:10,0.8,50,9300
20240115,09:32:17,0.8,50,9300
20240115,09:32:19,0.8,50,9300
20240115,09:32:21,0.8,50,9300
20240115,09:32:23,0.8,50,9300
20240115,09:32:25,0.8,50,9300
20240115,09:32:28,0.8,50,6400
20240115,09:32:30,0.8,500,6400
20240115,09:32:33,0.8,550,6400
20240115,09:32:39,0.85,550,6400
20240115,09:32:43,0.85,550,6400
20240115,09:32:47,0.85,100,6400
20240115,09:32:50,0.95,450,6400
20240115,09:33:20,0.7,3200,6400
20240115,09:33:26,0.7,250,6400
20240115,09:33:33,0.7,50,6400
20240115,09:33:35,0.7,400,6400
20240115,09:33:38,0.75,750,6400
20240115,09:33:57,0.8,50,6400
20240115,09:34:36,0.7,50,6400
20240115,09:35:10,0.8,550,6400
20240115,09:35:20,0.8,50,6400
20240115,09:39:29,0.7,250,10900
20240115,09:40:54,0.8,50,10900
20240115,09:42:32,0.7,550,11150
20240115,09:42:35,0.7,550,11150
20240115,09:42:38,0.7,550,11150
20240115,09:42:39,0.7,200,11150
20240115,09:42:41,0.65,550,11150
20240115,09:42:43,0.65,350,11150
20240115,09:42:45,0.65,550,11150
20240115,09:43:02,0.65,50,11150
20240115,09:44:34,0.7,100,10050
20240115,09:46:53,0.7,500,10050
20240115,09:49:01,0.7,50,10050
20240115,09:49:38,0.7,50,9550
20240115,09:52:21,0.7,50,9550
20240115,09:52:35,0.7,50,9650
20240115,09:53:10,0.7,50,9650
20240115,09:53:12,0.7,50,9650
20240115,09:53:14,0.7,50,9650
20240115,09:53:15,0.7,50,9650
20240115,09:53:23,0.7,50,9650
20240115,09:53:29,0.7,50,9650
20240115,09:53:30,0.7,50,9650
20240115,09:53:31,0.7,50,10050
20240115,09:53:32,0.7,50,10050
20240115,09:53:33,0.7,50,10050
20240115,09:53:34,0.7,50,10050
20240115,09:53:35,0.7,50,10050
20240115,09:53:36,0.7,50,10050
20240115,09:53:37,0.7,50,10050
20240115,09:53:38,0.7,50,10050
20240115,09:53:39,0.7,50,10050
20240115,09:53:40,0.7,50,10050
20240115,09:53:41,0.7,50,10050
20240115,09:53:42,0.7,50,10050
20240115,09:53:43,0.75,400,10050
20240115,09:53:45,0.75,50,10050
20240115,09:53:48,0.75,50,10050
20240115,09:53:51,0.75,50,10050
20240115,09:53:54,0.75,50,10050
20240115,09:53:57,0.75,50,10050
20240115,09:54:00,0.75,50,10050
20240115,09:54:15,0.75,50,10050
20240115,09:55:06,0.65,150,10050
20240115,09:55:09,0.65,150,10050
20240115,09:55:12,0.65,150,10050
20240115,09:55:15,0.65,150,10050
20240115,09:55:18,0.65,150,10050
20240115,09:55:51,0.65,50,10050
20240115,09:56:10,0.65,50,10050
20240115,09:56:17,0.65,50,10050
20240115,09:56:44,0.7,250,10050
20240115,09:56:53,0.75,50,9950
20240115,09:57:00,0.75,50,9950
20240115,09:58:06,0.65,150,9950
20240115,10:00:01,0.75,1500,10000
20240115,10:01:17,0.75,50,10000
20240115,10:01:36,0.7,250,10000
20240115,10:01:37,0.7,250,10000
20240115,10:01:38,0.7,250,10000
20240115,10:01:39,0.7,50,10000
20240115,10:01:43,0.75,50,10000
20240115,10:01:46,0.75,50,10000
20240115,10:01:47,0.75,50,10000
20240115,10:01:48,0.75,50,10000
20240115,10:01:49,0.75,50,10000
20240115,10:01:50,0.75,50,10000
20240115,10:01:57,0.7,350,10000
20240115,10:02:00,0.7,250,10000
20240115,10:02:01,0.75,50,10000
20240115,10:02:02,0.75,50,10000
20240115,10:02:03,0.75,50,10000
20240115,10:02:04,0.75,50,10000
20240115,10:02:05,0.75,50,10000
20240115,10:02:06,0.75,100,10000
20240115,10:02:07,0.75,100,10000
20240115,10:02:08,0.75,100,10000
20240115,10:02:10,0.75,300,10000
20240115,10:02:11,0.75,150,10000
20240115,10:02:12,0.75,50,10000
20240115,10:02:13,0.75,50,10000
20240115,10:02:14,0.75,50,10000
20240115,10:02:15,0.75,50,10000
20240115,10:02:17,0.75,100,10000
20240115,10:02:18,0.75,50,10000
20240115,10:02:19,0.75,50,10000
20240115,10:02:21,0.75,300,10000
20240115,10:02:22,0.75,150,10000
20240115,10:02:23,0.75,150,10000
20240115,10:02:26,0.8,450,10000
20240115,10:02:27,0.75,200,10000
20240115,10:02:30,0.8,200,10000
20240115,10:02:33,0.8,200,13200
20240115,10:02:36,0.8,200,13200
20240115,10:02:40,0.8,200,13200
20240115,10:02:42,0.8,200,13200
20240115,10:02:45,0.8,200,13200
20240115,10:02:46,0.8,200,13200
20240115,10:02:47,0.8,200,13200
20240115,10:02:48,0.8,200,13200
20240115,10:02:49,0.8,200,13200
20240115,10:02:50,0.8,200,13200
20240115,10:02:51,0.8,300,13200
20240115,10:02:52,0.8,750,13200
20240115,10:02:55,0.9,200,13200
20240115,10:02:58,0.9,200,13200
20240115,10:03:01,0.9,200,13200
20240115,10:03:04,0.9,400,13200
20240115,10:03:07,0.85,950,13200
20240115,10:03:10,0.9,350,13200
20240115,10:04:06,0.75,50,13200
20240115,10:04:30,0.75,50,13200
20240115,10:04:47,0.9,50,13200
20240115,10:05:02,0.7,50,13200
20240115,10:05:10,0.9,50,13200
20240115,10:05:13,0.85,50,13200
20240115,10:05:16,0.9,50,13200
20240115,10:05:25,0.8,50,13200
20240115,10:05:28,0.8,50,13200
20240115,10:05:29,0.8,50,13200
20240115,10:05:47,0.85,100,16350
20240115,10:07:00,0.85,50,16350
20240115,10:08:54,0.9,50,16250
20240115,10:10:52,0.7,50,16250
20240115,10:10:55,0.7,200,16250
20240115,10:10:58,0.7,200,16250
20240115,10:11:03,0.7,50,16250
20240115,10:11:06,0.7,50,16250
20240115,10:11:09,0.7,200,16250
20240115,10:11:12,0.7,50,16250
20240115,10:11:15,0.7,50,16250
20240115,10:11:18,0.7,50,16250
20240115,10:11:21,0.7,50,16250
20240115,10:11:24,0.7,50,16250
20240115,10:11:27,0.7,50,16250
20240115,10:11:30,0.7,50,16250
20240115,10:11:33,0.7,50,16300
20240115,10:11:36,0.7,50,16300
20240115,10:11:37,0.75,50,16300
20240115,10:11:38,0.75,50,16300
20240115,10:11:41,0.75,50,16300
20240115,10:11:43,0.7,200,16300
20240115,10:11:44,0.75,50,16300
20240115,10:11:45,0.75,50,16300
20240115,10:11:46,0.75,50,16300
20240115,10:11:55,0.75,400,16300
20240115,10:12:23,0.7,50,16300
20240115,10:12:25,0.75,50,16300
20240115,10:12:26,0.75,50,16300
20240115,10:13:14,0.7,50,16300
20240115,10:13:19,0.75,50,16300
20240115,10:13:22,0.75,50,16300
20240115,10:13:56,0.75,50,16300
20240115,10:13:57,0.75,50,16300
20240115,10:13:58,0.75,50,16300
20240115,10:13:59,0.75,200,16300
20240115,10:14:00,0.75,200,16300
20240115,10:14:01,0.75,200,16300
20240115,10:14:02,0.75,200,16300
20240115,10:14:03,0.75,200,16300
20240115,10:14:04,0.75,200,16300
20240115,10:14:11,0.75,50,16300
20240115,10:14:12,0.75,50,16300
20240115,10:14:13,0.75,50,16300
20240115,10:14:16,0.75,50,16300
20240115,10:14:18,0.75,50,16300
20240115,10:14:19,0.75,100,16300
20240115,10:14:20,0.75,50,16300
20240115,10:14:22,0.75,100,16300
20240115,10:14:23,0.75,200,16300
20240115,10:14:24,0.75,200,16300
20240115,10:14:25,0.75,500,16300
20240115,10:14:27,0.7,200,16300
20240115,10:14:28,0.75,150,16300
20240115,10:14:29,0.7,50,16300
20240115,10:14:30,0.7,50,16300
20240115,10:14:31,0.7,50,16300
20240115,10:14:32,0.7,50,16300
20240115,10:14:34,0.7,100,12750
20240115,10:14:35,0.7,300,12750
20240115,10:14:36,0.7,350,12750
20240115,10:14:37,0.7,50,12750
20240115,10:14:38,0.7,50,12750
20240115,10:14:39,0.7,50,12750
20240115,10:14:41,0.7,400,12750
20240115,10:14:42,0.7,200,12750
20240115,10:14:43,0.7,200,12750
20240115,10:14:44,0.7,200,12750
20240115,10:14:45,0.7,50,12750
20240115,10:14:46,0.7,50,12750
20240115,10:14:47,0.7,50,12750
20240115,10:14:48,0.7,50,12750
20240115,10:14:49,0.7,50,12750
20240115,10:14:50,0.7,50,12750
20240115,10:14:51,0.7,50,12750
20240115,10:14:52,0.7,50,12750
20240115,10:14:53,0.7,50,12750
20240115,10:14:54,0.7,50,12750
20240115,10:14:55,0.7,200,12750
20240115,10:14:56,0.7,200,12750
20240115,10:16:07,0.75,50,12750
20240115,10:16:21,0.75,50,12750
20240115,10:17:45,0.75,50,12750
20240115,10:24:30,0.75,50,10800
20240115,10:27:53,0.75,50,10800
20240115,10:32:21,0.75,100,10800
20240115,10:32:24,0.75,50,10800
20240115,10:32:27,0.75,50,10800
20240115,10:32:30,0.75,50,10800
20240115,10:32:33,0.75,150,10800
20240115,10:32:36,0.75,50,10950
20240115,10:32:39,0.75,50,10950
20240115,10:32:42,0.75,50,10950
20240115,10:32:43,0.75,50,10950
20240115,10:32:44,0.75,50,10950
20240115,10:32:45,0.75,50,10950
20240115,10:32:46,0.75,50,10950
20240115,10:32:47,0.75,50,10950
20240115,10:32:48,0.75,50,10950
20240115,10:32:49,0.75,50,10950
20240115,10:32:50,0.75,50,10950
20240115,10:32:51,0.75,50,10950
20240115,10:32:52,0.75,50,10950
20240115,10:33:02,0.75,50,10950
20240115,10:33:03,0.75,50,10950
20240115,10:33:04,0.75,50,10950
20240115,10:33:05,0.75,150,10950
20240115,10:33:06,0.75,150,10950
20240115,10:33:07,0.75,150,10950
20240115,10:33:08,0.75,150,10950
20240115,10:33:12,0.75,50,10950
20240115,10:33:13,0.75,50,10950
20240115,10:33:14,0.75,50,10950
20240115,10:33:15,0.75,50,10950
20240115,10:33:16,0.75,50,10950
20240115,10:33:17,0.75,50,10950
20240115,10:33:18,0.75,50,10950
20240115,10:33:19,0.75,50,10950
20240115,10:33:20,0.75,50,10950
20240115,10:33:21,0.75,50,10950
20240115,10:33:22,0.75,50,10950
20240115,10:33:23,0.75,50,10950
20240115,10:33:24,0.75,50,10950
20240115,10:33:29,0.75,50,10950
20240115,10:33:30,0.75,50,10950
20240115,10:33:31,0.75,50,10950
20240115,10:33:32,0.75,50,10950
20240115,10:33:33,0.75,50,10950
20240115,10:33:34,0.75,50,10950
20240115,10:33:39,0.75,50,10950
20240115,10:33:40,0.75,50,10950
20240115,10:33:41,0.75,50,10950
20240115,10:33:42,0.75,50,10950
20240115,10:33:43,0.75,50,10950
20240115,10:33:44,0.75,50,10950
20240115,10:33:45,0.75,50,10950
20240115,10:33:46,0.75,50,10950
20240115,10:33:47,0.75,50,10950
20240115,10:35:48,0.75,900,13150
20240115,10:39:01,0.85,50,13150
20240115,10:40:28,0.7,50,13150
20240115,10:40:42,0.7,50,13150
20240115,10:40:51,0.7,50,13150
20240115,10:40:54,0.7,50,13150
20240115,10:40:57,0.7,50,13150
20240115,10:41:00,0.7,50,13150
20240115,10:41:34,0.7,50,13150
20240115,10:41:37,0.7,50,13150
20240115,10:41:40,0.7,50,12850
20240115,10:41:43,0.7,50,12850
20240115,10:41:46,0.7,50,12850
20240115,10:41:49,0.7,200,12850
20240115,10:42:03,0.7,50,12850
20240115,10:42:06,0.7,50,12850
20240115,10:42:09,0.7,50,12850
20240115,10:42:12,0.7,50,12850
20240115,10:42:15,0.7,200,12850
20240115,10:42:43,0.8,50,12850
20240115,10:45:58,0.75,50,12850
20240115,10:47:02,0.7,50,12850
20240115,10:47:03,0.7,50,12850
20240115,10:47:04,0.7,50,12850
20240115,10:47:05,0.7,50,12850
20240115,10:47:06,0.7,50,12850
20240115,10:47:07,0.7,50,12850
20240115,10:47:08,0.7,50,12850
20240115,10:47:09,0.7,50,12850
20240115,10:47:10,0.7,50,12850
20240115,10:47:11,0.7,50,12850
20240115,10:47:12,0.7,50,12850
20240115,10:47:13,0.7,50,12850
20240115,10:47:14,0.7,50,12850
20240115,10:47:15,0.7,50,12850
20240115,10:47:16,0.7,50,12850
20240115,10:47:17,0.7,50,12850
20240115,10:47:19,0.7,50,12850
20240115,10:47:20,0.7,50,12850
20240115,10:47:21,0.7,50,12850
20240115,10:47:22,0.7,50,12850
20240115,10:47:23,0.7,50,12850
20240115,10:47:24,0.7,50,12850
20240115,10:47:25,0.7,50,12850
20240115,10:47:26,0.7,50,12850
20240115,10:47:27,0.7,50,12850
20240115,10:47:28,0.7,50,12850
20240115,10:47:29,0.7,50,12850
20240115,10:47:31,0.7,50,12850
20240115,10:47:32,0.7,50,12850
20240115,10:47:33,0.7,50,12850
20240115,10:47:34,0.7,50,12850
20240115,10:47:35,0.7,50,12850
20240115,10:47:38,0.65,50,12800
20240115,10:47:42,0.65,50,12800
20240115,10:47:45,0.65,50,12800
20240115,10:47:48,0.65,50,12800
20240115,10:47:49,0.65,50,12800
20240115,10:47:49,0.7,100,12800
20240115,10:47:52,0.65,50,12800
20240115,10:48:02,0.65,50,12800
20240115,10:48:02,0.7,100,12800
20240115,10:48:05,0.65,50,12800
20240115,10:48:08,0.65,50,12800
20240115,10:48:27,0.75,50,12800
20240115,10:50:03,0.75,50,12800
20240115,10:52:38,0.65,50,12350
20240115,10:53:58,0.7,300,12300
20240115,10:54:03,0.7,250,12300
20240115,10:54:44,0.7,50,12300
20240115,11:06:20,0.65,250,12300
20240115,11:08:09,0.75,50,12250
20240115,11:14:45,0.65,250,12250
20240115,11:17:46,0.7,1650,12250
20240115,11:17:46,0.7,450,12500
20240115,11:17:47,0.7,50,12500
20240115,11:17:48,0.7,50,12500
20240115,11:17:50,0.7,50,12500
20240115,11:17:52,0.7,350,12500
20240115,11:17:55,0.7,50,12500
20240115,11:17:56,0.7,50,12500
20240115,11:20:58,0.7,250,12500
20240115,11:20:59,0.7,50,12850
20240115,11:21:01,0.7,50,12850
20240115,11:21:03,0.7,50,12850
20240115,11:21:07,0.75,50,12850
20240115,11:21:12,0.75,500,12850
20240115,11:21:17,0.75,400,12850
20240115,11:21:23,0.75,450,12850
20240115,11:21:27,0.75,400,12850
20240115,11:21:30,0.75,500,12850
20240115,11:21:34,0.75,100,12850
20240115,11:21:39,0.8,550,12850
20240115,11:21:42,0.8,450,12850
20240115,11:21:49,0.7,250,12850
20240115,11:22:20,0.7,350,12850
20240115,11:22:22,0.7,350,12850
20240115,11:24:44,0.7,250,13850
20240115,11:26:13,0.7,650,13850
20240115,11:26:17,0.65,650,13850
20240115,11:26:19,0.7,100,13850
20240115,11:26:21,0.65,450,13850
20240115,11:26:26,0.65,550,13850
20240115,11:26:30,0.65,750,13850
20240115,11:26:34,0.65,450,13850
20240115,11:26:54,0.7,50,13200
20240115,11:26:57,0.7,50,13200
20240115,11:26:59,0.7,50,13200
20240115,11:27:03,0.65,150,13200
20240115,11:27:27,0.7,50,13200
20240115,11:30:34,0.7,50,13200
20240115,11:30:57,0.7,50,13200
20240115,11:32:04,0.7,50,13200
20240115,11:32:25,0.7,600,13200
20240115,11:32:25,0.7,250,13200
20240115,11:32:29,0.7,300,13200
20240115,11:35:12,0.7,50,13200
20240115,11:35:13,0.7,50,12050
20240115,11:40:20,0.65,50,12050
20240115,11:49:36,0.7,50,12050
20240115,11:49:38,0.7,50,12050
20240115,11:49:40,0.7,50,12050
20240115,11:49:41,0.7,50,12050
20240115,11:49:44,0.7,50,12050
20240115,11:49:49,0.7,50,12050
20240115,11:49:51,0.7,50,12050
20240115,11:49:55,0.7,50,12050
20240115,11:50:01,0.7,50,12050
20240115,11:50:10,0.7,100,12050
20240115,11:50:19,0.7,150,12050
20240115,11:50:23,0.7,100,12050
20240115,11:50:25,0.7,500,12050
20240115,11:50:28,0.7,100,12050
20240115,11:50:29,0.7,100,12050
20240115,11:50:30,0.7,450,12050
20240115,11:50:36,0.7,500,12050
20240115,11:50:40,0.7,550,12050
20240115,11:50:41,0.7,550,12050
20240115,11:50:44,0.75,300,12050
20240115,11:50:47,0.75,100,14450
20240115,11:50:48,0.75,300,14450
20240115,11:50:53,0.75,300,14450
20240115,11:50:56,0.75,100,14450
20240115,11:50:59,0.7,100,14450
20240115,11:51:19,0.7,100,14450
20240115,11:51:50,0.7,300,14450
20240115,11:51:52,0.7,550,14450
20240115,11:51:54,0.7,550,14450
20240115,11:51:57,0.7,550,14450
20240115,11:51:58,0.7,250,14450
20240115,11:52:00,0.7,300,14450
20240115,11:52:00,0.7,250,14450
20240115,11:52:02,0.7,550,14450
20240115,11:52:06,0.65,550,14450
20240115,11:52:09,0.65,100,14450
20240115,11:52:13,0.65,50,14450
20240115,11:52:17,0.7,1050,14450
20240115,11:52:20,0.7,150,14450
20240115,11:52:40,0.7,200,14450
20240115,11:54:44,0.7,1000,14450
20240115,11:55:03,0.7,250,12050
20240115,11:55:05,0.7,300,12050
20240115,12:00:43,0.75,50,11850
20240115,12:01:46,0.75,50,11850
20240115,12:01:48,0.75,50,11850
20240115,12:02:28,0.75,50,11850
20240115,12:02:32,0.7,250,11850
20240115,12:02:55,0.65,200,11900
20240115,12:08:22,0.7,50,11900
20240115,12:08:34,0.7,50,11900
20240115,12:08:45,0.7,50,11900
20240115,12:08:50,0.7,50,11900
20240115,12:09:10,0.65,200,11900
20240115,12:13:56,0.75,1000,11900
20240115,12:15:40,0.7,50,12100
20240115,12:15:42,0.7,50,12100
20240115,12:16:17,0.75,50,12100
20240115,12:16:21,0.7,1550,12100
20240115,12:20:31,0.75,50,12750
20240115,12:21:04,0.7,50,12800
20240115,12:22:24,0.75,200,12800
20240115,12:22:37,0.7,200,12800
20240115,12:24:00,0.7,50,12750
20240115,12:24:02,0.7,50,12750
20240115,12:24:03,0.7,50,12750
20240115,12:24:04,0.7,50,12750
20240115,12:24:05,0.7,50,12750
20240115,12:24:06,0.7,50,12750
20240115,12:24:08,0.7,50,12750
20240115,12:24:09,0.7,350,12750
20240115,12:24:11,0.7,450,12750
20240115,12:24:12,0.7,400,12750
20240115,12:24:14,0.7,1900,12750
20240115,12:24:18,0.75,500,12750
20240115,12:24:21,0.75,500,12750
20240115,12:24:22,0.7,300,12750
20240115,12:24:25,0.7,100,12750
20240115,12:24:27,0.75,550,12750
20240115,12:25:41,0.75,600,12750
20240115,12:27:30,0.7,200,12750
20240115,12:27:38,0.7,200,17400
20240115,12:27:39,0.7,50,17400
20240115,12:27:40,0.7,200,17400
20240115,12:27:43,0.7,50,17400
20240115,12:27:45,0.7,200,17400
20240115,12:27:46,0.7,50,17400
20240115,12:27:53,0.7,50,17400
20240115,12:28:13,0.7,50,17400
20240115,12:29:30,0.7,750,17400
20240115,12:30:21,0.7,200,19100
20240115,12:32:03,0.65,450,19100
20240115,12:32:08,0.65,100,19100
20240115,12:32:11,0.65,550,19100
20240115,12:32:14,0.65,100,19100
20240115,12:32:15,0.65,450,19100
20240115,12:32:19,0.65,550,19100
20240115,12:32:25,0.65,450,19100
20240115,12:32:30,0.65,300,19100
20240115,12:32:34,0.65,100,19100
20240115,12:32:36,0.65,550,19100
20240115,12:32:42,0.65,350,19100
20240115,12:33:23,0.7,2000,19100
20240115,12:39:49,0.65,1800,19100
20240115,12:39:50,0.65,200,19450
20240115,12:44:29,0.7,50,19450
20240115,12:44:36,0.65,50,19450
20240115,12:47:15,0.7,50,19450
20240115,12:47:27,0.7,50,19450
20240115,12:47:33,0.7,50,19450
20240115,12:47:41,0.7,50,19450
20240115,12:47:51,0.7,50,19450
20240115,12:48:06,0.7,50,19450
20240115,12:48:13,0.7,50,19450
20240115,12:48:20,0.7,150,19450
20240115,12:48:48,0.65,500,19450
20240115,12:54:09,0.7,2500,19100
20240115,12:54:10,0.7,900,19100
20240115,12:54:11,0.7,2750,19100
20240115,12:54:13,0.7,250,19100
20240115,12:57:22,0.7,250,14350
20240115,13:03:16,0.65,50,14350
20240115,13:03:31,0.65,50,14350
20240115,13:03:47,0.65,50,14350
20240115,13:03:57,0.65,50,14350
20240115,13:04:14,0.65,50,14350
20240115,13:05:13,0.7,250,14350
20240115,13:05:22,0.7,250,14350
20240115,13:05:33,0.7,250,14350
20240115,13:06:27,0.65,100,13350
20240115,13:09:46,0.7,50,13350
20240115,13:10:56,0.7,50,13250
20240115,13:12:23,0.65,50,13250
20240115,13:17:28,0.65,50,13250
20240115,13:19:36,0.7,50,13200
20240115,13:19:49,0.7,50,13150
20240115,13:19:52,0.7,50,13150
20240115,13:20:13,0.7,50,13150
20240115,13:20:19,0.7,50,13150
20240115,13:20:24,0.7,50,13150
20240115,13:20:49,0.7,50,13150
20240115,13:20:51,0.7,150,13150
20240115,13:20:54,0.7,100,13150
20240115,13:20:55,0.7,100,13150
20240115,13:20:56,0.7,450,13150
20240115,13:21:03,0.7,550,13150
20240115,13:21:10,0.7,300,13150
20240115,13:21:13,0.7,550,13150
20240115,13:21:15,0.7,50,13150
20240115,13:21:20,0.75,100,13150
20240115,13:21:21,0.75,100,13150
20240115,13:21:23,0.75,550,13150
20240115,13:21:26,0.75,1000,13150
20240115,13:21:33,0.7,50,13150
20240115,13:22:01,0.7,50,13150
20240115,13:25:29,0.7,100,15100
20240115,13:27:27,0.7,50,15100
20240115,13:29:16,0.7,550,15100
20240115,13:29:18,0.7,550,15100
20240115,13:29:22,0.7,550,15100
20240115,13:29:28,0.65,300,15100
20240115,13:29:33,0.65,450,15100
20240115,13:29:36,0.65,100,15100
20240115,13:29:39,0.65,300,15100
20240115,13:29:43,0.65,500,15100
20240115,13:29:46,0.65,500,15100
20240115,13:29:49,0.65,50,15100
20240115,13:33:37,0.75,500,13150
20240115,13:35:56,0.7,50,13150
20240115,13:36:24,0.7,50,13150
20240115,13:37:00,0.7,50,13100
20240115,13:37:39,0.7,50,13100
20240115,13:37:50,0.7,50,13100
20240115,13:38:12,0.7,50,13100
20240115,13:38:27,0.7,50,13100
20240115,13:38:42,0.7,350,13100
20240115,13:38:46,0.7,250,13100
20240115,13:38:47,0.7,50,13100
20240115,13:38:58,0.7,400,13100
20240115,13:39:22,0.7,50,12750
20240115,13:39:37,0.7,350,12750
20240115,13:50:04,0.75,50,12700
20240115,13:52:10,0.7,50,12700
20240115,13:54:02,0.75,50,12700
20240115,13:56:17,0.65,50,12700
20240115,13:58:01,0.75,50,12700
20240115,13:58:04,0.75,50,12700
20240115,13:58:07,0.75,50,12700
20240115,13:58:10,0.75,50,12700
20240115,13:58:13,0.75,50,12700
20240115,13:58:16,0.75,50,12700
20240115,13:58:21,0.75,50,12700
20240115,13:58:24,0.75,100,12700
20240115,13:58:30,0.75,50,12700
20240115,13:58:33,0.75,200,12700
20240115,13:58:37,0.75,500,12700
20240115,13:58:42,0.75,450,12700
20240115,13:58:46,0.8,850,12700
20240115,13:58:50,0.8,550,12700
20240115,13:58:52,0.75,50,12700
20240115,13:58:53,0.8,500,12700
20240115,13:58:57,0.8,550,12700
20240115,13:59:09,0.75,50,12700
20240115,13:59:10,0.75,1400,12700
20240115,13:59:12,0.75,50,12700
20240115,14:06:50,0.65,50,15350
20240115,14:13:33,0.75,450,15350
20240115,14:14:30,0.7,50,15350
20240115,14:15:13,0.8,50,15350
20240115,14:15:50,0.65,450,15700
20240115,14:16:17,0.7,50,15700
20240115,14:16:25,0.65,550,15700
20240115,14:16:29,0.65,650,15700
20240115,14:16:32,0.65,550,15700
20240115,14:16:35,0.65,550,15700
20240115,14:16:38,0.65,1000,15700
20240115,14:16:40,0.65,700,15700
20240115,14:16:41,0.65,150,15700
20240115,14:16:47,0.7,50,15700
20240115,14:16:52,0.7,100,15700
20240115,14:16:56,0.7,200,15700
20240115,14:16:58,0.7,550,15700
20240115,14:17:00,0.7,550,15700
20240115,14:17:01,0.7,550,15700
20240115,14:17:04,0.7,750,15700
20240115,14:17:06,0.7,250,15700
20240115,14:17:07,0.75,50,15700
20240115,14:17:08,0.75,300,15700
20240115,14:17:15,0.7,350,15700
20240115,14:21:59,0.7,50,16400
20240115,14:22:06,0.7,50,16400
20240115,14:22:17,0.7,50,16400
20240115,14:22:40,0.7,50,16400
20240115,14:23:15,0.7,50,16400
20240115,14:23:34,0.7,50,16400
20240115,14:23:35,0.7,50,16400
20240115,14:27:25,0.7,300,16400
20240115,14:27:36,0.7,250,16400
20240115,14:27:37,0.7,550,16400
20240115,14:27:46,0.7,250,16400
20240115,14:31:53,0.7,550,15100
20240115,14:34:30,0.7,50,15100
20240115,14:34:37,0.7,50,15650
20240115,14:34:48,0.7,50,15650
20240115,14:36:24,0.7,50,15650
20240115,14:36:36,0.7,50,15800
20240115,14:36:37,0.7,50,15800
20240115,14:36:37,0.65,500,15800
20240115,14:36:38,0.7,50,15800
20240115,14:36:39,0.7,50,15800
20240115,14:36:40,0.7,50,15800
20240115,14:36:41,0.7,50,15800
20240115,14:36:42,0.7,50,15800
20240115,14:36:43,0.7,50,15800
20240115,14:36:44,0.7,50,15800
20240115,14:36:45,0.7,50,15800
20240115,14:36:47,0.7,50,15800
20240115,14:36:48,0.7,50,15800
20240115,14:36:49,0.7,50,15800
20240115,14:36:50,0.7,50,15800
20240115,14:36:51,0.7,100,15800
20240115,14:36:52,0.7,100,15800
20240115,14:36:53,0.7,100,15800
20240115,14:36:55,0.7,50,15800
20240115,14:36:56,0.7,50,15800
20240115,14:36:57,0.7,50,15800
20240115,14:36:58,0.7,50,15800
20240115,14:36:59,0.7,100,15800
20240115,14:37:00,0.7,100,15800
20240115,14:37:01,0.7,100,15800
20240115,14:37:03,0.7,150,15800
20240115,14:37:04,0.7,50,15800
20240115,14:37:05,0.7,50,15800
20240115,14:37:06,0.7,100,15800
20240115,14:37:07,0.7,100,15800
20240115,14:37:08,0.7,100,15800
20240115,14:37:09,0.7,50,15800
20240115,14:37:12,0.8,50,15800
20240115,14:37:15,0.8,50,15800
20240115,14:37:18,0.8,50,15800
20240115,14:37:21,0.85,100,15800
20240115,14:37:27,0.85,50,15800
20240115,14:37:28,0.75,250,15800
20240115,14:37:29,0.75,250,15800
20240115,14:37:30,0.75,550,15800
20240115,14:37:31,0.75,1050,15800
20240115,14:37:32,0.75,250,15800
20240115,14:37:34,0.75,450,15800
20240115,14:37:35,0.75,50,15800
20240115,14:37:36,0.75,50,15800
20240115,14:37:37,0.75,150,15800
20240115,14:37:38,0.75,150,15800
20240115,14:37:40,0.75,150,15800
20240115,14:37:41,0.75,50,15800
20240115,14:37:42,0.75,50,15800
20240115,14:37:45,0.85,50,15800
20240115,14:37:48,0.85,50,15800
20240115,14:37:51,0.8,750,15800
20240115,14:37:54,0.85,50,15800
20240115,14:37:55,0.75,50,15800
20240115,14:37:56,0.75,50,15800
20240115,14:37:57,0.75,50,15800
20240115,14:37:58,0.75,50,15800
20240115,14:37:59,0.75,50,15800
20240115,14:38:00,0.75,50,15800
20240115,14:38:02,0.75,100,15800
20240115,14:38:03,0.75,50,15800
20240115,14:38:04,0.75,50,15800
20240115,14:38:05,0.75,50,15800
20240115,14:38:06,0.75,100,15800
20240115,14:38:07,0.75,50,15800
20240115,14:38:08,0.75,50,15800
20240115,14:38:09,0.75,50,15800
20240115,14:38:10,0.75,50,15800
20240115,14:38:11,0.75,150,15800
20240115,14:38:12,0.75,150,15800
20240115,14:38:13,0.75,150,15800
20240115,14:38:15,0.75,50,15800
20240115,14:38:16,0.75,50,15800
20240115,14:38:17,0.75,50,15800
20240115,14:38:18,0.75,50,15800
20240115,14:38:19,0.75,50,15800
20240115,14:38:20,0.75,50,15800
20240115,14:38:21,0.75,50,15800
20240115,14:38:22,0.75,50,15800
20240115,14:38:23,0.75,50,15800
20240115,14:38:24,0.75,50,15800
20240115,14:38:25,0.75,50,15800
20240115,14:38:26,0.75,50,15800
20240115,14:38:27,0.75,50,15800
20240115,14:38:28,0.75,50,15800
20240115,14:38:34,0.75,50,15800
20240115,14:38:35,0.75,50,15800
20240115,14:38:39,0.7,50,15800
20240115,14:40:53,0.85,50,20400
20240115,14:40:56,0.85,50,20400
20240115,14:43:36,0.8,50,20400
20240115,14:43:43,0.75,50,20400
20240115,14:48:09,0.75,50,20400
20240115,14:48:10,0.75,50,20450
20240115,14:48:11,0.75,50,20450
20240115,14:48:12,0.75,50,20600
20240115,14:48:28,0.75,50,20600
20240115,14:48:29,0.75,50,20600
20240115,14:48:30,0.75,50,20600
20240115,14:48:31,0.75,50,20600
20240115,14:48:32,0.75,50,20600
20240115,14:48:33,0.75,50,20600
20240115,14:48:34,0.75,50,20600
20240115,14:48:35,0.75,50,20600
20240115,14:48:36,0.75,150,20600
20240115,14:48:37,0.75,150,20600
20240115,14:48:38,0.75,150,20600
20240115,14:48:39,0.75,50,20600
20240115,14:48:40,0.75,50,20600
20240115,14:48:41,0.75,50,20600
20240115,14:48:42,0.75,50,20600
20240115,14:48:43,0.75,50,20600
20240115,14:48:44,0.75,50,20600
20240115,14:48:45,0.75,50,20600
20240115,14:48:46,0.75,50,20600
20240115,14:48:47,0.75,50,20600
20240115,14:48:48,0.75,50,20600
20240115,14:48:49,0.75,50,20600
20240115,14:49:01,0.75,50,20600
20240115,14:49:03,0.75,200,20600
20240115,14:49:04,0.75,150,20600
20240115,14:49:05,0.75,150,20600
20240115,14:49:06,0.75,150,20600
20240115,14:49:07,0.75,150,20600
20240115,14:49:11,0.75,50,20600
20240115,14:49:12,0.75,50,20600
20240115,14:49:14,0.75,50,20600
20240115,14:49:15,0.75,50,20600
20240115,14:49:16,0.75,50,20600
20240115,14:49:17,0.75,50,20600
20240115,14:49:18,0.75,50,20600
20240115,14:49:19,0.75,50,20600
20240115,14:49:20,0.75,50,20600
20240115,14:49:21,0.75,50,20600
20240115,14:49:58,0.7,50,20600
20240115,14:50:35,0.7,50,20600
20240115,14:50:36,0.7,50,20600
20240115,14:50:37,0.7,50,20600
20240115,14:50:38,0.7,50,20600
20240115,14:50:39,0.7,50,20600
20240115,14:50:40,0.7,50,20600
20240115,14:50:41,0.7,50,20600
20240115,14:50:42,0.7,50,20600
20240115,14:50:43,0.7,50,20600
20240115,14:50:44,0.7,50,20600
20240115,14:50:45,0.7,50,20600
20240115,14:50:46,0.7,50,20600
20240115,14:50:47,0.7,50,20600
20240115,14:50:48,0.7,50,20600
20240115,14:50:49,0.7,200,20600
20240115,14:50:50,0.7,200,20600
20240115,14:50:51,0.7,50,20600
20240115,14:50:52,0.7,50,20600
20240115,14:50:53,0.7,50,20600
20240115,14:50:54,0.7,50,20600
20240115,14:51:08,0.75,1400,20600
20240115,14:54:03,0.7,50,24250
20240115,14:54:24,0.7,50,24250
20240115,14:54:27,0.7,50,24250
20240115,14:54:30,0.7,50,24250
20240115,14:54:33,0.7,50,24250
20240115,14:54:36,0.7,50,24250
20240115,14:54:39,0.7,50,24250
20240115,14:54:42,0.7,50,24250
20240115,14:54:45,0.7,50,24250
20240115,14:54:48,0.7,50,24250
20240115,14:55:03,0.7,150,24250
20240115,14:56:01,0.7,150,24250
20240115,14:56:07,0.7,50,24250
20240115,14:56:08,0.7,50,24250
20240115,14:56:09,0.7,50,24250
20240115,14:56:10,0.7,50,24250
20240115,14:56:11,0.7,50,24250
20240115,14:56:12,0.7,50,24250
20240115,14:56:13,0.7,50,24250
20240115,14:56:14,0.7,50,24250
20240115,14:56:15,0.7,50,24250
20240115,14:56:16,0.7,50,24250
20240115,14:56:17,0.7,50,24250
20240115,14:56:18,0.7,50,24250
20240115,14:56:19,0.7,50,24250
20240115,14:56:20,0.7,50,24250
20240115,14:56:21,0.7,50,24250
20240115,14:56:22,0.7,50,24250
20240115,14:56:23,0.7,50,24250
20240115,14:56:24,0.7,50,24250
20240115,14:56:25,0.7,50,24250
20240115,14:56:26,0.7,50,24250
20240115,14:56:27,0.7,50,24250
20240115,14:56:28,0.7,50,24250
20240115,14:56:29,0.7,50,24250
20240115,14:56:30,0.7,200,24250
20240115,14:56:31,0.7,100,24250
20240115,14:56:33,0.65,100,24250
20240115,14:57:01,0.65,50,24250
20240115,14:58:01,0.65,400,24250
20240115,14:58:42,0.65,50,24250
20240115,14:58:43,0.65,50,24250
20240115,14:58:44,0.65,200,24250
20240115,14:58:46,0.65,400,24250
20240115,14:58:47,0.65,50,24250
20240115,14:58:48,0.65,50,24250
20240115,14:58:49,0.65,50,24250
20240115,14:58:50,0.65,50,24250
20240115,14:58:51,0.65,50,24250
20240115,14:58:52,0.65,50,24250
20240115,14:58:53,0.65,50,24250
20240115,14:58:54,0.65,50,24250
20240115,14:58:54,0.7,1200,24250
20240115,14:58:56,0.65,100,24250
20240115,14:58:57,0.65,50,24250
20240115,14:58:58,0.65,50,24250
20240115,14:58:58,0.7,1050,24250
20240115,14:58:59,0.7,250,24250
20240115,14:59:17,0.7,450,24250
20240115,14:59:50,0.65,1500,24250
20240115,15:00:13,0.7,1150,24250
20240115,15:00:56,0.7,250,21900
20240115,15:00:57,0.7,200,21900
20240115,15:00:58,0.7,1000,21900
20240115,15:00:59,0.7,200,21900
20240115,15:01:02,0.65,200,21900
20240115,15:01:03,0.7,100,21900
20240115,15:01:04,0.7,100,21900
20240115,15:01:05,0.7,250,21900
20240115,15:01:07,0.7,400,21900
20240115,15:01:08,0.7,200,21900
20240115,15:01:11,0.7,400,21900
20240115,15:01:12,0.65,200,21900
20240115,15:01:13,0.7,200,21900
20240115,15:01:14,0.7,1150,21900
20240115,15:01:15,0.7,200,21900
20240115,15:01:18,0.65,200,21900
20240115,15:01:21,0.65,200,21900
20240115,15:01:22,0.65,150,21900
20240115,15:01:23,0.65,150,21900
20240115,15:01:24,0.65,150,21900
20240115,15:01:25,0.65,150,21900
20240115,15:01:26,0.65,50,21900
20240115,15:01:40,0.7,1000,21900
20240115,15:02:01,0.65,150,21900
20240115,15:03:01,0.65,150,21900
20240115,15:04:03,0.65,150,16850
20240115,15:04:53,0.65,250,16850
20240115,15:05:01,0.65,150,16850
20240115,15:05:44,0.7,50,16850
20240115,15:06:01,0.65,50,16850
20240115,15:06:03,0.65,50,16850
20240115,15:07:01,0.65,200,16850
20240115,15:07:42,0.7,250,16600
20240115,15:07:42,0.7,300,16600
20240115,15:07:43,0.7,550,16600
20240115,15:08:13,0.65,50,16600
20240115,15:08:53,0.7,650,16600
20240115,15:08:57,0.7,250,16600
20240115,15:09:01,0.65,200,16600
20240115,15:09:01,0.65,50,16600
20240115,15:09:15,0.7,100,14850
20240115,15:09:41,0.7,100,14850
20240115,15:09:43,0.7,100,14850
20240115,15:11:01,0.65,150,14850
20240115,15:11:03,0.65,50,14850
20240115,15:12:01,0.65,150,14850
20240115,15:12:18,0.7,100,14550
20240115,15:13:01,0.65,150,14550
20240115,15:14:01,0.65,150,14550
20240115,15:14:51,0.65,300,14550
20240115,15:14:52,0.65,1800,14550
20240115,15:14:54,0.65,100,14550
20240115,15:14:55,0.65,300,14550
20240115,15:14:57,0.65,200,14550
20240115,15:14:58,0.65,100,14550
20240115,15:15:00,0.65,300,14550
20240115,15:15:01,0.65,300,14550
20240115,15:15:12,0.65,1800,14550
20240115,15:15:14,0.65,750,14550
20240115,15:15:16,0.6,750,15350
20240115,15:15:35,0.6,350,15350
20240115,15:16:21,0.65,250,15350
20240115,15:17:20,0.65,1800,15350
20240115,15:17:22,0.65,1750,15350
20240115,15:17:29,0.65,250,15350
20240115,15:17:43,0.65,500,15350
20240115,15:17:57,0.65,50,15350
20240115,15:18:04,0.65,550,15350
20240115,15:18:36,0.65,200,15350
20240115,15:20:03,0.65,50,14100
20240115,15:20:05,0.65,50,14100
20240115,15:21:16,0.65,250,14100
20240115,15:21:18,0.65,250,14100
20240115,15:21:20,0.65,250,14100
20240115,15:21:28,0.65,400,14100
20240115,15:21:43,0.65,50,14100
20240115,15:21:56,0.65,50,14100
20240115,15:22:02,0.65,50,14100
20240115,15:22:15,0.65,50,14100
20240115,15:22:18,0.65,1000,14100
20240115,15:22:25,0.65,50,14100
20240115,15:22:41,0.65,50,14100
20240115,15:22:49,0.65,50,14100
20240115,15:23:23,0.65,300,14100
20240115,15:23:39,0.65,50,14100
20240115,15:23:44,0.65,250,14100
20240115,15:23:45,0.65,700,14100
20240115,15:23:46,0.65,250,14100
20240115,15:23:47,0.65,900,14100
20240115,15:23:48,0.65,250,14100
20240115,15:23:49,0.65,650,14100
20240115,15:23:51,0.65,400,14100
20240115,15:24:02,0.65,250,14100
20240115,15:24:04,0.65,250,14100
20240115,15:24:05,0.65,400,14100
20240115,15:24:10,0.65,350,14100
20240115,15:24:11,0.65,500,14100
20240115,15:24:13,0.65,300,14100
20240115,15:24:14,0.65,400,14100
20240115,15:24:17,0.7,50,18650
20240115,15:24:32,0.6,50,18650
20240115,15:24:41,0.6,100,18650
20240115,15:24:58,0.6,400,18650
20240115,15:25:21,0.6,50,18650
20240115,15:25:24,0.6,50,18650
20240115,15:26:26,0.7,50,18650
20240115,15:27:58,0.6,50,18650
20240115,15:28:33,0.65,50,18650
20240115,15:29:00,0.6,1650,18650
20240115,15:29:31,0.6,100,18650
20240116,09:15:03,0.65,1,18650
20240116,09:15:03,0.65,300,18650
20240116,09:15:06,0.65,50,18650
20240116,09:15:07,0.65,800,18650
20240116,09:15:08,0.65,100,18650
20240116,09:15:24,0.65,1150,18650
20240116,09:15:58,0.95,1000,18650
20240116,09:16:14,0.95,50,18650
20240116,09:16:17,0.75,600,18650
20240116,09:16:22,0.75,300,18650
20240116,09:16:23,0.8,100,18650
20240116,09:16:25,0.8,50,18650
20240116,09:16:30,0.8,100,18650
20240116,09:16:33,0.8,100,18650
20240116,09:16:38,0.75,350,18650
20240116,09:16:46,0.8,100,18650
20240116,09:16:47,0.8,100,18650
20240116,09:16:51,0.8,50,18650
20240116,09:16:53,0.8,50,18650
20240116,09:16:56,0.8,100,18650
20240116,09:17:04,0.75,300,18650
20240116,09:17:08,0.8,200,18650
20240116,09:17:16,0.8,250,18650
20240116,09:17:30,0.8,50,18650
20240116,09:17:31,0.8,200,19950
20240116,09:17:32,0.8,400,19950
20240116,09:17:47,0.75,450,19950
20240116,09:17:48,0.8,750,19950
20240116,09:17:49,0.75,100,19950
20240116,09:17:53,0.85,500,19950
20240116,09:17:58,0.75,200,19950
20240116,09:18:00,0.8,1500,19950
20240116,09:18:02,0.8,700,19950
20240116,09:18:10,0.8,1800,19950
20240116,09:18:13,0.85,100,19950
20240116,09:18:15,0.75,500,19950
20240116,09:18:22,0.8,1800,19950
20240116,09:18:22,0.75,650,19950
20240116,09:18:23,0.85,50,19950
20240116,09:18:27,0.75,50,19950
20240116,09:18:27,0.85,50,19950
20240116,09:18:29,0.85,50,19950
20240116,09:18:36,0.85,100,19950
20240116,09:18:41,0.8,600,19950
20240116,09:18:41,0.85,700,19950
20240116,09:18:43,0.75,2500,19950
20240116,09:18:44,0.85,50,19950
20240116,09:18:48,0.8,1300,19950
20240116,09:18:49,0.85,100,19950
20240116,09:18:50,0.85,50,19950
20240116,09:18:51,0.8,1000,19950
20240116,09:19:04,0.8,1850,19950
20240116,09:19:10,0.8,50,19950
20240116,09:19:10,0.8,1800,19950
20240116,09:19:12,0.8,50,19950
20240116,09:19:19,0.8,800,19950
20240116,09:19:23,0.75,400,19950
20240116,09:19:26,0.8,1000,19950
20240116,09:19:41,0.8,400,19950
20240116,09:19:49,0.8,150,19950
20240116,09:19:58,0.8,50,19950
20240116,09:20:06,0.75,200,19950
20240116,09:20:24,0.75,550,19950
20240116,09:20:30,0.75,100,19950
20240116,09:20:49,0.75,50,38400
20240116,09:21:01,0.75,100,38400
20240116,09:21:08,0.8,100,38400
20240116,09:21:10,0.75,50,38400
20240116,09:21:12,0.8,50,38400
20240116,09:21:13,0.75,200,38400
20240116,09:21:14,0.8,200,38400
20240116,09:21:16,0.75,700,38400
20240116,09:21:21,0.8,50,38400
20240116,09:21:22,0.8,50,38400
20240116,09:21:23,0.8,50,38400
20240116,09:21:24,0.8,450,38400
20240116,09:21:25,0.8,50,38400
20240116,09:21:26,0.8,200,38400
20240116,09:21:27,0.8,300,38400
20240116,09:21:28,0.8,200,38400
20240116,09:21:29,0.8,250,38400
20240116,09:21:30,0.8,50,38400
20240116,09:21:31,0.8,50,38400
20240116,09:21:32,0.8,50,38400
20240116,09:21:33,0.8,50,38400
20240116,09:21:34,0.8,50,38400
20240116,09:21:35,0.8,50,38400
20240116,09:21:36,0.8,50,38400
20240116,09:21:37,0.8,50,38400
20240116,09:21:38,0.8,200,38400
20240116,09:21:39,0.8,200,38400
20240116,09:21:40,0.8,200,38400
20240116,09:21:41,0.8,50,38400
20240116,09:21:43,0.85,150,38400
20240116,09:21:46,0.85,50,38400
20240116,09:21:47,0.75,50,38400
20240116,09:21:48,0.8,700,38400
20240116,09:21:49,0.8,200,38400
20240116,09:21:50,0.8,200,38400
20240116,09:21:51,0.8,200,38400
20240116,09:21:52,0.8,200,38400
20240116,09:21:53,0.8,50,38400
20240116,09:21:54,0.8,50,38400
20240116,09:21:55,0.8,50,38400
20240116,09:21:56,0.8,50,38400
20240116,09:21:57,0.8,50,38400
20240116,09:21:58,0.8,50,38400
20240116,09:21:59,0.8,50,38400
20240116,09:22:00,0.8,150,38400
20240116,09:22:01,0.8,100,38400
20240116,09:22:02,0.8,50,38400
20240116,09:22:03,0.8,50,38400
20240116,09:22:04,0.8,50,38400
20240116,09:22:05,0.8,200,38400
20240116,09:22:06,0.8,200,38400
20240116,09:22:07,0.8,500,38400
20240116,09:22:08,0.8,200,38400
20240116,09:22:09,0.8,150,38400
20240116,09:22:10,0.8,100,38400
20240116,09:22:13,0.85,50,38400
20240116,09:22:14,0.85,200,38400
20240116,09:22:15,0.85,200,38400
20240116,09:22:16,0.85,200,38400
20240116,09:22:17,0.85,200,38400
20240116,09:22:18,0.8,250,38400
20240116,09:22:19,0.85,50,38400
20240116,09:22:21,0.8,50,38400
20240116,09:22:23,0.85,50,38400
20240116,09:22:24,0.8,50,38400
20240116,09:22:27,0.85,50,38400
20240116,09:22:28,0.8,200,38400
20240116,09:22:29,0.8,200,38400
20240116,09:22:30,0.8,200,38400
20240116,09:22:32,0.8,50,38400
20240116,09:22:33,0.8,50,38400
20240116,09:22:34,0.8,100,38400
20240116,09:22:37,0.85,50,38400
20240116,09:22:38,0.8,200,38400
20240116,09:22:39,0.8,200,38400
20240116,09:22:40,0.8,1300,38400
20240116,09:22:41,0.8,200,38400
20240116,09:22:42,0.8,250,38400
20240116,09:22:43,0.8,200,38400
20240116,09:22:44,0.8,200,38400
20240116,09:22:45,0.8,200,38400
20240116,09:22:46,0.8,200,38400
20240116,09:22:47,0.8,200,38400
20240116,09:22:48,0.8,200,38400
20240116,09:22:49,0.8,200,38400
20240116,09:22:50,0.8,200,38400
20240116,09:22:51,0.8,200,38400
20240116,09:22:52,0.8,200,38400
20240116,09:22:53,0.8,200,38400
20240116,09:22:54,0.75,300,38400
20240116,09:22:55,0.8,200,38400
20240116,09:22:56,0.8,200,38400
20240116,09:22:57,0.8,200,38400
20240116,09:22:58,0.8,200,38400
20240116,09:22:59,0.85,1500,38400
20240116,09:23:00,0.8,200,38400
20240116,09:23:01,0.8,50,38400
20240116,09:23:02,0.8,2550,38400
20240116,09:23:04,0.8,250,38400
20240116,09:23:05,0.8,200,38400
20240116,09:23:06,0.85,700,38400
20240116,09:23:07,0.8,200,38400
20240116,09:23:08,0.8,200,38400
20240116,09:23:09,0.8,200,38400
20240116,09:23:10,0.8,200,38400
20240116,09:23:11,0.8,2000,38400
20240116,09:23:12,0.8,200,38400
20240116,09:23:13,0.8,200,38400
20240116,09:23:14,0.8,200,38400
20240116,09:23:15,0.8,200,38400
20240116,09:23:16,0.8,200,38400
20240116,09:23:17,0.8,200,38400
20240116,09:23:21,0.85,50,38400
20240116,09:23:25,0.85,300,38400
20240116,09:23:26,0.8,850,38400
20240116,09:23:27,0.8,100,38400
20240116,09:23:28,0.8,100,38400
20240116,09:24:45,0.75,500,55800
20240116,09:24:52,0.8,250,55800
20240116,09:24:54,0.8,50,55800
20240116,09:25:01,0.8,100,55800
20240116,09:25:06,0.8,50,55800
20240116,09:25:10,0.8,50,55800
20240116,09:25:13,0.75,500,55800
20240116,09:25:19,0.75,1350,55800
20240116,09:25:20,0.75,50,55800
20240116,09:25:21,0.75,1550,55800
20240116,09:25:23,0.75,50,55800
20240116,09:25:26,0.75,50,55800
20240116,09:25:31,0.75,50,55800
20240116,09:25:34,0.75,650,55800
20240116,09:25:38,0.75,500,55800
20240116,09:25:41,0.75,50,55800
20240116,09:25:51,0.75,50,55800
20240116,09:25:55,0.75,1450,55800
20240116,09:26:01,0.75,50,55800
20240116,09:26:03,0.75,450,55800
20240116,09:26:15,0.8,50,55800
20240116,09:26:24,0.8,500,55800
20240116,09:26:41,0.8,50,55800
20240116,09:26:54,0.8,1100,55300
20240116,09:27:08,0.75,50,55300
20240116,09:27:17,0.8,600,55300
20240116,09:27:17,0.8,350,55300
20240116,09:27:37,0.75,500,55300
20240116,09:29:05,0.8,1000,55300
20240116,09:29:10,0.75,50,55300
20240116,09:29:14,0.8,100,55300
20240116,09:29:23,0.75,50,55300
20240116,09:29:45,0.8,50,55300
20240116,09:29:47,0.75,150,56700
20240116,09:29:54,0.8,100,56700
20240116,09:30:00,0.8,50,56700
20240116,09:30:11,0.8,50,56700
20240116,09:30:15,0.75,50,56700
20240116,09:32:33,0.8,50,56850
20240116,09:32:34,0.8,50,56850
20240116,09:32:46,0.75,50,56850
20240116,09:33:08,0.75,850,56850
20240116,09:33:09,0.75,1650,56850
20240116,09:33:15,0.8,350,56850
20240116,09:33:37,0.8,100,56850
20240116,09:33:38,0.7,50,56850
20240116,09:33:40,0.75,2100,56850
20240116,09:33:49,0.75,50,56850
20240116,09:33:50,0.75,50,56850
20240116,09:33:52,0.75,100,56850
20240116,09:33:54,0.75,50,56850
20240116,09:33:58,0.75,100,56850
20240116,09:34:06,0.75,50,56850
20240116,09:34:07,0.75,50,56850
20240116,09:34:09,0.75,900,56850
20240116,09:34:17,0.75,1400,56850
20240116,09:35:49,0.8,50,59150
20240116,09:35:50,0.8,50,59150
20240116,09:35:51,0.8,50,59150
20240116,09:35:59,0.8,50,59150
20240116,09:36:00,0.8,50,59150
20240116,09:36:16,0.8,50,59150
20240116,09:36:20,0.8,300,59150
20240116,09:36:23,0.75,1550,59150
20240116,09:36:24,0.75,5500,59150
20240116,09:36:25,0.75,1250,59150
20240116,09:36:33,0.7,50,59150
20240116,09:36:33,0.75,1100,59150
20240116,09:36:42,0.75,500,59150
20240116,09:36:43,0.75,50,59150
20240116,09:36:46,0.7,100,59150
20240116,09:36:49,0.75,50,59150
20240116,09:36:51,0.75,500,59150
20240116,09:36:57,0.75,50,59150
20240116,09:36:58,0.75,50,59150
20240116,09:36:59,0.7,500,59150
20240116,09:37:17,0.7,2500,59150
20240116,09:37:24,0.75,100,59150
20240116,09:37:33,0.75,500,59150
20240116,09:38:49,0.75,50,65300
20240116,09:38:58,0.75,150,65300
20240116,09:39:23,0.7,100,65300
20240116,09:39:55,0.7,1800,65300
20240116,09:40:01,0.7,2100,65300
20240116,09:40:04,0.7,2200,65300
20240116,09:40:08,0.7,50,65300
20240116,09:40:09,0.7,2100,65300
20240116,09:40:36,0.65,1000,65300
20240116,09:40:45,0.65,50,65300
20240116,09:40:48,0.7,50,65300
20240116,09:40:49,0.65,50,65300
20240116,09:40:51,0.7,50,65300
20240116,09:40:56,0.7,50,65300
20240116,09:41:14,0.7,4100,65300
20240116,09:41:26,0.7,100,65300
20240116,09:41:29,0.75,50,65300
20240116,09:41:51,0.75,50,65300
20240116,09:41:52,0.75,600,59500
20240116,09:41:55,0.75,50,59500
20240116,09:42:41,0.7,50,59500
20240116,09:43:23,0.75,1000,59500
20240116,09:43:31,0.7,50,59500
20240116,09:43:40,0.75,50,59500
20240116,09:44:16,0.75,1800,59500
20240116,09:44:28,0.7,250,59500
20240116,09:44:50,0.75,50,59500
20240116,09:45:04,0.75,50,62750
20240116,09:45:08,0.7,200,62750
20240116,09:47:11,0.7,50,62750
20240116,09:47:41,0.7,250,62600
20240116,09:48:04,0.7,950,62600
20240116,09:48:05,0.7,1750,62600
20240116,09:48:21,0.7,250,62600
20240116,09:48:28,0.7,750,62600
20240116,09:48:38,0.75,1500,62600
20240116,09:48:47,0.75,50,62600
20240116,09:48:52,0.75,50,62600
20240116,09:49:07,0.7,500,62600
20240116,09:49:09,0.7,1800,62600
20240116,09:49:11,0.75,50,62600
20240116,09:49:13,0.75,50,62600
20240116,09:49:22,0.7,750,62600
20240116,09:49:28,0.65,50,62600
20240116,09:49:31,0.75,200,62600
20240116,09:49:34,0.7,50,62600
20240116,09:49:36,0.75,50,62600
20240116,09:49:40,0.65,1350,62600
20240116,09:49:41,0.7,50,62600
20240116,09:49:42,0.7,50,62600
20240116,09:49:44,0.7,50,62600
20240116,09:49:57,0.7,50,62600
20240116,09:50:07,0.7,50,62600
20240116,09:50:25,0.7,50,62600
20240116,09:50:26,0.65,50,62600
20240116,09:50:28,0.7,500,62600
20240116,09:50:29,0.7,200,62600
20240116,09:50:49,0.7,50,62600
20240116,09:50:53,0.7,100,66300
20240116,09:51:45,0.65,50,66300
20240116,09:51:48,0.7,50,66300
20240116,09:52:29,0.7,1800,66300
20240116,09:52:51,0.65,50,66300
20240116,09:52:54,0.7,1000,66300
20240116,09:53:08,0.7,750,66300
20240116,09:53:34,0.65,50,68750
20240116,09:53:50,0.7,1000,68750
20240116,09:54:11,0.7,150,68750
20240116,09:54:12,0.7,50,68750
20240116,09:54:20,0.7,50,68750
20240116,09:54:27,0.7,50,68750
20240116,09:54:31,0.7,50,68750
20240116,09:55:16,0.65,1800,68750
20240116,09:55:30,0.7,50,68750
20240116,09:55:39,0.7,550,68750
20240116,09:55:42,0.7,50,68750
20240116,09:56:07,0.7,50,68750
20240116,09:56:11,0.65,50,68750
20240116,09:56:16,0.7,50,68750
20240116,09:56:30,0.7,50,68750
20240116,09:56:33,0.7,200,68750
20240116,09:56:36,0.65,1800,68750
20240116,09:56:49,0.65,50,68750
20240116,09:56:53,0.7,1000,68750
20240116,09:56:59,0.7,200,68750
20240116,09:57:00,0.65,50,68750
20240116,09:57:03,0.65,50,68750
20240116,09:57:27,0.7,50,68750
20240116,09:57:53,0.65,50,68750
20240116,09:58:05,0.65,50,68750
20240116,09:58:37,0.65,250,68750
20240116,09:58:41,0.7,50,68750
20240116,09:59:17,0.7,100,68750
20240116,09:59:20,0.7,50,68750
20240116,09:59:27,0.7,1800,68750
20240116,09:59:28,0.7,2450,68750
20240116,09:59:45,0.65,100,70100
20240116,10:00:05,0.75,50,70100
20240116,10:00:40,0.65,50,70100
20240116,10:00:49,0.7,1000,70100
20240116,10:00:56,0.65,200,70100
20240116,10:00:56,0.75,50,70100
20240116,10:01:43,0.7,950,70100
20240116,10:01:45,0.75,50,70100
20240116,10:01:46,0.75,800,70100
20240116,10:02:15,0.7,150,70100
20240116,10:02:57,0.7,150,71650
20240116,10:03:07,0.65,900,71650
20240116,10:03:25,0.65,2300,71650
20240116,10:03:28,0.65,6050,71650
20240116,10:03:45,0.65,1650,71650
20240116,10:03:48,0.65,1200,71650
20240116,10:03:48,0.7,50,71650
20240116,10:03:49,0.65,850,71650
20240116,10:03:52,0.65,2300,71650
20240116,10:03:56,0.65,1800,71650
20240116,10:06:05,0.7,50,71650
20240116,10:06:36,0.7,250,80700
20240116,10:07:32,0.65,50,80700
20240116,10:08:44,0.65,2750,80700
20240116,10:10:22,0.7,100,80950
20240116,10:11:32,0.7,100,80950
20240116,10:11:51,0.7,50,80950
20240116,10:12:01,0.7,50,80950
20240116,10:12:10,0.65,50,80950
20240116,10:12:17,0.7,200,80950
20240116,10:13:37,0.65,50,80950
20240116,10:13:43,0.7,150,80950
20240116,10:14:20,0.65,50,80950
20240116,10:14:21,0.65,100,80950
20240116,10:14:51,0.65,150,80950
20240116,10:15:21,0.7,50,80950
20240116,10:15:24,0.65,100,80950
20240116,10:15:32,0.7,50,80950
20240116,10:15:49,0.7,50,80950
20240116,10:15:50,0.7,50,80950
20240116,10:16:01,0.65,50,80950
20240116,10:16:48,0.7,50,80950
20240116,10:16:58,0.7,50,80950
20240116,10:17:08,0.7,50,80950
20240116,10:17:09,0.7,50,80950
20240116,10:17:38,0.7,500,80950
20240116,10:17:58,0.65,100,80950
20240116,10:18:07,0.7,50,80950
20240116,10:18:47,0.7,50,80950
20240116,10:18:57,0.7,50,80950
20240116,10:19:44,0.7,50,80950
20240116,10:20:28,0.65,50,80950
20240116,10:20:34,0.7,1000,80950
20240116,10:20:35,0.7,50,80950
20240116,10:21:00,0.7,50,82250
20240116,10:21:05,0.65,50,82250
20240116,10:21:16,0.65,50,82250
20240116,10:21:36,0.65,400,82250
20240116,10:22:07,0.7,50,82250
20240116,10:22:58,0.7,250,82250
20240116,10:23:11,0.7,450,82250
20240116,10:23:36,0.7,50,82250
20240116,10:23:40,0.7,1800,82250
20240116,10:24:00,0.65,50,83500
20240116,10:24:13,0.7,100,83500
20240116,10:24:17,0.7,50,83500
20240116,10:24:42,0.7,50,83500
20240116,10:24:45,0.7,50,83500
20240116,10:25:53,0.7,250,83500
20240116,10:26:03,0.7,550,83500
20240116,10:26:03,0.7,250,83500
20240116,10:26:05,0.7,250,83500
20240116,10:26:16,0.7,400,83500
20240116,10:26:17,0.7,1200,83500
20240116,10:26:23,0.7,250,83500
20240116,10:26:27,0.7,350,83500
20240116,10:27:00,0.7,250,81400
20240116,10:27:02,0.7,250,81400
20240116,10:27:07,0.7,550,81400
20240116,10:27:21,0.7,400,81400
20240116,10:27:22,0.7,450,81400
20240116,10:27:25,0.7,1200,81400
20240116,10:27:26,0.7,550,81400
20240116,10:27:27,0.65,1500,81400
20240116,10:27:30,0.7,400,81400
20240116,10:27:31,0.7,400,81400
20240116,10:27:40,0.75,500,81400
20240116,10:27:43,0.7,250,81400
20240116,10:27:44,0.75,50,81400
20240116,10:27:49,0.65,50,81400
20240116,10:28:13,0.7,200,81400
20240116,10:28:32,0.75,1800,81400
20240116,10:28:36,0.7,1400,81400
20240116,10:28:40,0.7,200,81400
20240116,10:28:43,0.7,50,81400
20240116,10:30:06,0.75,350,81400
20240116,10:30:45,0.75,1050,82050
20240116,10:30:52,0.7,550,82050
20240116,10:30:54,0.75,50,82050
20240116,10:31:08,0.7,200,82050
20240116,10:31:09,0.65,300,82050
20240116,10:31:24,0.65,50,82050
20240116,10:31:36,0.75,600,82050
20240116,10:32:03,0.75,1800,82050
20240116,10:32:05,0.7,3200,82050
20240116,10:32:07,0.7,4950,82050
20240116,10:32:16,0.7,1200,82050
20240116,10:32:17,0.7,1500,82050
20240116,10:32:50,0.7,500,82050
20240116,10:33:07,0.75,100,90350
20240116,10:33:08,0.7,50,90350
20240116,10:35:26,0.7,2750,90350
20240116,10:35:45,0.75,100,90300
20240116,10:35:47,0.65,100,90300
20240116,10:36:06,0.75,50,90300
20240116,10:36:15,0.75,50,90300
20240116,10:36:31,0.65,50,90300
20240116,10:36:43,0.75,350,90300
20240116,10:36:52,0.65,500,90300
20240116,10:36:54,0.75,50,90300
20240116,10:37:14,0.75,50,90300
20240116,10:37:17,0.7,600,90300
20240116,10:37:27,0.75,1500,90300
20240116,10:37:29,0.7,50,90300
20240116,10:37:35,0.75,550,90300
20240116,10:37:37,0.7,50,90300
20240116,10:37:47,0.7,500,90300
20240116,10:37:48,0.7,150,90300
20240116,10:37:55,0.75,200,90300
20240116,10:38:03,0.7,350,90300
20240116,10:38:07,0.75,100,90300
20240116,10:38:08,0.7,50,90300
20240116,10:38:23,0.75,550,90300
20240116,10:38:33,0.75,50,90300
20240116,10:38:37,0.7,50,90300
20240116,10:38:59,0.7,1000,91600
20240116,10:39:01,0.7,4000,91600
20240116,10:39:23,0.75,150,91600
20240116,10:39:28,0.7,50,91600
20240116,10:39:29,0.75,50,91600
20240116,10:39:32,0.75,150,91600
20240116,10:39:40,0.7,150,91600
20240116,10:39:44,0.75,150,91600
20240116,10:39:44,0.75,50,91600
20240116,10:39:52,0.7,50,91600
20240116,10:39:53,0.7,100,91600
20240116,10:39:54,0.7,50,91600
20240116,10:39:55,0.7,50,91600
20240116,10:39:56,0.7,200,91600
20240116,10:39:57,0.7,200,91600
20240116,10:39:58,0.7,200,91600
20240116,10:39:59,0.7,200,91600
20240116,10:40:00,0.7,50,91600
20240116,10:40:01,0.7,50,91600
20240116,10:40:02,0.7,50,91600
20240116,10:40:03,0.7,50,91600
20240116,10:40:04,0.7,200,91600
20240116,10:40:05,0.7,200,91600
20240116,10:40:06,0.7,200,91600
20240116,10:40:07,0.7,200,91600
20240116,10:40:08,0.7,200,91600
20240116,10:40:09,0.7,200,91600
20240116,10:40:10,0.7,200,91600
20240116,10:40:11,0.7,450,91600
20240116,10:40:12,0.75,250,91600
20240116,10:40:13,0.7,50,91600
20240116,10:40:14,0.7,50,91600
20240116,10:40:15,0.7,50,91600
20240116,10:40:16,0.7,300,91600
20240116,10:40:17,0.7,50,91600
20240116,10:40:18,0.7,50,91600
20240116,10:40:19,0.7,50,91600
20240116,10:40:20,0.7,50,91600
20240116,10:40:21,0.7,50,91600
20240116,10:40:22,0.7,50,91600
20240116,10:40:23,0.7,50,91600
20240116,10:40:24,0.7,50,91600
20240116,10:40:26,0.7,50,91600
20240116,10:40:27,0.7,50,91600
20240116,10:40:28,0.7,200,91600
20240116,10:40:29,0.7,200,91600
20240116,10:40:30,0.7,200,91600
20240116,10:40:31,0.7,200,91600
20240116,10:40:32,0.7,50,91600
20240116,10:40:33,0.7,50,91600
20240116,10:40:34,0.7,200,91600
20240116,10:40:35,0.7,200,91600
20240116,10:40:36,0.7,300,91600
20240116,10:40:37,0.7,200,91600
20240116,10:40:38,0.7,200,91600
20240116,10:40:39,0.7,50,91600
20240116,10:40:40,0.75,450,91600
20240116,10:40:41,0.7,50,91600
20240116,10:40:42,0.7,50,91600
20240116,10:40:43,0.7,50,91600
20240116,10:40:44,0.7,650,91600
20240116,10:40:45,0.7,50,91600
20240116,10:40:46,0.7,200,91600
20240116,10:40:47,0.7,200,91600
20240116,10:40:48,0.7,200,91600
20240116,10:40:49,0.7,50,91600
20240116,10:40:50,0.7,50,91600
20240116,10:40:55,0.7,150,91600
20240116,10:40:56,0.7,50,91600
20240116,10:40:57,0.7,50,91600
20240116,10:41:05,0.75,150,91600
20240116,10:41:13,0.7,300,91600
20240116,10:41:23,0.7,50,91600
20240116,10:41:27,0.7,50,91600
20240116,10:41:28,0.7,50,91600
20240116,10:41:29,0.7,50,91600
20240116,10:41:30,0.7,50,91600
20240116,10:41:31,0.7,50,91600
20240116,10:41:32,0.7,200,91600
20240116,10:41:33,0.7,200,91600
20240116,10:41:33,0.7,50,91600
20240116,10:41:34,0.7,200,91600
20240116,10:41:35,0.7,50,91600
20240116,10:41:36,0.7,50,91600
20240116,10:41:37,0.7,50,91600
20240116,10:41:38,0.7,50,91600
20240116,10:41:39,0.7,50,91600
20240116,10:41:40,0.7,50,91600
20240116,10:41:41,0.7,50,93350
20240116,10:41:42,0.7,50,93350
20240116,10:41:43,0.7,350,93350
20240116,10:41:46,0.7,50,93350
20240116,10:41:48,0.7,50,93350
20240116,10:41:50,0.7,50,93350
20240116,10:41:51,0.7,50,93350
20240116,10:41:52,0.7,50,93350
20240116,10:41:53,0.7,50,93350
20240116,10:41:54,0.7,50,93350
20240116,10:41:55,0.7,50,93350
20240116,10:41:56,0.7,50,93350
20240116,10:41:57,0.7,50,93350
20240116,10:41:58,0.7,50,93350
20240116,10:41:59,0.7,50,93350
20240116,10:42:00,0.7,50,93350
20240116,10:42:01,0.7,50,93350
20240116,10:42:02,0.7,50,93350
20240116,10:42:03,0.7,50,93350
20240116,10:42:04,0.7,50,93350
20240116,10:42:05,0.7,50,93350
20240116,10:42:05,0.7,3100,93350
20240116,10:42:06,0.65,50,93350
20240116,10:42:07,0.65,50,93350
20240116,10:42:08,0.65,50,93350
20240116,10:42:09,0.65,200,93350
20240116,10:42:10,0.65,200,93350
20240116,10:42:11,0.7,2000,93350
20240116,10:42:12,0.65,5900,93350
20240116,10:42:13,0.65,50,93350
20240116,10:42:14,0.65,50,93350
20240116,10:42:15,0.65,50,93350
20240116,10:42:16,0.65,50,93350
20240116,10:42:17,0.65,50,93350
20240116,10:42:18,0.65,50,93350
20240116,10:42:19,0.7,450,93350
20240116,10:42:20,0.65,200,93350
20240116,10:42:21,0.65,200,93350
20240116,10:42:22,0.65,200,93350
20240116,10:42:54,0.7,50,93350
20240116,10:43:09,0.65,50,93350
20240116,10:43:11,0.65,50,93350
20240116,10:43:19,0.65,100,93350
20240116,10:43:33,0.7,100,93350
20240116,10:43:52,0.7,100,93350
20240116,10:44:20,0.7,50,93350
20240116,10:44:27,0.7,1400,93350
20240116,10:44:33,0.7,50,93350
20240116,10:44:34,0.7,250,93350
20240116,10:44:40,0.65,400,93350
20240116,10:45:11,0.7,100,93350
20240116,10:45:25,0.7,100,95350
20240116,10:46:22,0.7,150,95350
20240116,10:46:54,0.7,100,95350
20240116,10:46:55,0.65,150,95350
20240116,10:47:33,0.65,50,95350
20240116,10:47:34,0.7,200,95350
20240116,10:48:04,0.7,50,95350
20240116,10:48:08,0.65,500,95350
20240116,10:48:15,0.7,500,95350
20240116,10:48:35,0.7,50,95350
20240116,10:48:44,0.7,50,95350
20240116,10:49:00,0.7,50,95350
20240116,10:49:09,0.7,50,95350
20240116,10:49:13,0.65,650,95350
20240116,10:49:21,0.7,50,95350
20240116,10:49:22,0.7,50,95350
20240116,10:49:28,0.7,100,95350
20240116,10:49:30,0.7,50,95350
20240116,10:49:33,0.65,50,95350
20240116,10:49:34,0.65,100,95350
20240116,10:49:35,0.65,50,95350
20240116,10:49:40,0.65,50,95350
20240116,10:49:41,0.65,50,95350
20240116,10:49:42,0.7,500,95350
20240116,10:49:48,0.7,50,95350
20240116,10:49:51,0.7,50,95350
20240116,10:49:53,0.7,50,95350
20240116,10:50:07,0.7,50,95350
20240116,10:50:16,0.7,50,95350
20240116,10:50:22,0.7,1800,95350
20240116,10:50:31,0.7,100,95350
20240116,10:50:58,0.65,50,93500
20240116,10:51:00,0.7,50,93500
20240116,10:51:01,0.7,50,93500
20240116,10:51:06,0.65,50,93500
20240116,10:51:09,0.65,150,93500
20240116,10:51:34,0.65,50,93500
20240116,10:51:35,0.65,50,93500
20240116,10:51:36,0.65,50,93500
20240116,10:51:37,0.65,50,93500
20240116,10:51:38,0.65,50,93500
20240116,10:51:39,0.65,50,93500
20240116,10:51:40,0.65,50,93500
20240116,10:51:41,0.65,50,93500
20240116,10:51:42,0.65,50,93500
20240116,10:51:43,0.65,50,93500
20240116,10:51:48,0.65,50,93500
20240116,10:51:50,0.65,50,93500
20240116,10:51:59,0.65,50,93500
20240116,10:52:02,0.65,50,93500
20240116,10:52:04,0.65,50,93500
20240116,10:52:05,0.65,50,93500
20240116,10:52:29,0.65,200,93500
20240116,10:52:36,0.7,50,93500
20240116,10:52:53,0.65,50,93500
20240116,10:52:54,0.65,50,93500
20240116,10:52:55,0.65,50,93500
20240116,10:52:56,0.65,50,93500
20240116,10:52:57,0.65,50,93500
20240116,10:52:58,0.65,50,93500
20240116,10:52:59,0.65,50,93500
20240116,10:53:00,0.65,50,93500
20240116,10:53:01,0.65,50,93500
20240116,10:53:02,0.65,50,93500
20240116,10:53:03,0.65,50,93500
20240116,10:53:04,0.65,50,93500
20240116,10:53:05,0.65,50,93500
20240116,10:53:06,0.65,50,93500
20240116,10:53:07,0.65,50,93500
20240116,10:53:08,0.65,50,93500
20240116,10:53:09,0.65,50,93500
20240116,10:53:10,0.65,50,93500
20240116,10:53:11,0.65,50,93500
20240116,10:53:12,0.65,50,93500
20240116,10:53:13,0.65,50,93500
20240116,10:53:14,0.65,50,93500
20240116,10:53:15,0.65,50,93500
20240116,10:53:16,0.65,50,93500
20240116,10:53:17,0.65,50,93500
20240116,10:53:18,0.65,50,93500
20240116,10:53:19,0.65,50,93500
20240116,10:53:20,0.65,50,93500
20240116,10:53:21,0.65,50,93500
20240116,10:53:36,0.7,1550,93500
20240116,10:53:45,0.65,50,93500
20240116,10:53:46,0.65,50,93050
20240116,10:53:47,0.65,50,93050
20240116,10:53:48,0.65,50,93050
20240116,10:53:49,0.65,50,93050
20240116,10:53:50,0.65,50,93050
20240116,10:53:51,0.65,50,93050
20240116,10:53:52,0.65,50,93050
20240116,10:53:53,0.65,50,93050
20240116,10:53:54,0.65,50,93050
20240116,10:53:55,0.65,50,93050
20240116,10:53:56,0.65,50,93050
20240116,10:53:56,0.7,1000,93050
20240116,10:53:57,0.65,50,93050
20240116,10:53:58,0.65,50,93050
20240116,10:53:59,0.65,50,93050
20240116,10:54:00,0.65,250,93050
20240116,10:54:01,0.65,50,93050
20240116,10:54:02,0.65,100,93050
20240116,10:54:03,0.65,50,93050
20240116,10:54:11,0.7,400,93050
20240116,10:54:27,0.7,50,93050
20240116,10:54:57,0.7,50,93050
20240116,10:56:05,0.7,50,93050
20240116,10:56:11,0.7,100,93050
20240116,10:56:28,0.7,50,93050
20240116,10:56:52,0.7,50,93050
20240116,10:56:59,0.7,200,93050
20240116,10:57:40,0.7,1800,93050
20240116,10:57:44,0.65,200,93050
20240116,10:57:56,0.7,50,93050
20240116,10:58:02,0.7,100,93050
20240116,10:58:09,0.65,500,93050
20240116,10:58:11,0.7,50,93050
20240116,10:58:12,0.7,1800,93050
20240116,10:58:23,0.65,1000,93050
20240116,10:58:30,0.7,50,93050
20240116,10:58:44,0.65,50,93050
20240116,10:58:57,0.65,600,93050
20240116,10:59:26,0.65,50,93050
20240116,10:59:27,0.65,50,93050
20240116,10:59:28,0.65,50,93050
20240116,10:59:29,0.65,50,93050
20240116,10:59:30,0.65,50,93050
20240116,10:59:31,0.65,50,93050
20240116,10:59:32,0.65,50,93050
20240116,10:59:33,0.65,50,93050
20240116,10:59:34,0.65,50,93050
20240116,10:59:51,0.7,1000,93050
20240116,11:00:09,0.7,50,91250
20240116,11:00:24,0.65,50,91250
20240116,11:00:39,0.7,50,91250
20240116,11:00:47,0.65,50,91250
20240116,11:00:59,0.7,300,91250
20240116,11:01:02,0.7,750,91250
20240116,11:01:12,0.65,1600,91250
20240116,11:01:13,0.65,200,91250
20240116,11:01:19,0.7,1400,91250
20240116,11:01:20,0.7,3600,91250
20240116,11:01:26,0.65,50,91250
20240116,11:01:59,0.7,400,91250
20240116,11:02:52,0.7,50,91400
20240116,11:03:36,0.7,200,91400
20240116,11:03:38,0.7,50,91400
20240116,11:03:40,0.65,50,91400
20240116,11:03:58,0.7,500,91400
20240116,11:04:43,0.65,50,91400
20240116,11:06:59,0.65,400,91400
20240116,11:07:32,0.7,50,91400
20240116,11:07:57,0.65,550,91400
20240116,11:08:24,0.7,50,91400
20240116,11:08:30,0.65,50,91400
20240116,11:08:31,0.7,5050,91400
20240116,11:08:40,0.7,50,91400
20240116,11:08:49,0.75,100,87300
20240116,11:09:02,0.7,100,87300
20240116,11:09:20,0.75,150,87300
20240116,11:09:51,0.65,50,87300
20240116,11:10:27,0.65,500,87300
20240116,11:10:55,0.75,200,87300
20240116,11:11:04,0.7,200,87300
20240116,11:11:08,0.75,50,87300
20240116,11:11:26,0.7,1000,87300
20240116,11:12:07,0.75,500,87000
20240116,11:12:09,0.7,100,87000
20240116,11:12:11,0.75,50,87000
20240116,11:12:12,0.7,50,87000
20240116,11:12:27,0.7,50,87000
20240116,11:12:29,0.7,50,87000
20240116,11:12:44,0.75,1500,87000
20240116,11:12:50,0.75,600,87000
20240116,11:13:06,0.7,50,87000
20240116,11:13:07,0.7,50,87000
20240116,11:13:09,0.7,50,87000
20240116,11:13:15,0.7,50,87000
20240116,11:13:18,0.75,150,87000
20240116,11:13:20,0.7,50,87000
20240116,11:13:25,0.7,50,87000
20240116,11:13:36,0.75,1000,87000
20240116,11:13:37,0.7,300,87000
20240116,11:13:49,0.75,50,87000
20240116,11:13:50,0.7,50,87000
20240116,11:13:58,0.75,100,87000
20240116,11:13:59,0.75,50,87000
20240116,11:14:03,0.7,50,87000
20240116,11:14:04,0.75,50,87000
20240116,11:14:32,0.75,400,87000
20240116,11:14:34,0.7,50,87000
20240116,11:14:36,0.75,50,87000
20240116,11:14:42,0.75,100,87000
20240116,11:14:43,0.75,150,87000
20240116,11:14:44,0.75,50,87000
20240116,11:14:55,0.7,200,87000
20240116,11:15:07,0.75,100,91600
20240116,11:15:20,0.75,2800,91600
20240116,11:15:26,0.7,50,91600
20240116,11:15:52,0.75,300,91600
20240116,11:16:10,0.75,800,91600
20240116,11:16:21,0.75,50,91600
20240116,11:16:35,0.75,150,91600
20240116,11:16:42,0.75,50,91600
20240116,11:16:43,0.75,50,91600
20240116,11:16:49,0.7,250,91600
20240116,11:16:57,0.75,50,91600
20240116,11:17:08,0.75,50,91600
20240116,11:17:09,0.75,500,91600
20240116,11:17:53,0.7,50,94450
20240116,11:17:56,0.8,3200,94450
20240116,11:17:57,0.8,1850,94450
20240116,11:18:01,0.8,300,94450
20240116,11:18:11,0.8,50,94450
20240116,11:18:11,0.7,8900,94450
20240116,11:18:22,0.7,50,94450
20240116,11:18:28,0.75,200,94450
20240116,11:18:29,0.75,50,94450
20240116,11:18:43,0.75,50,94450
20240116,11:19:26,0.7,50,94450
20240116,11:20:07,0.75,150,94450
20240116,11:20:08,0.75,50,94450
20240116,11:20:10,0.75,1100,94450
20240116,11:20:24,0.75,50,94450
20240116,11:20:41,0.75,50,94450
20240116,11:20:43,0.75,50,94450
20240116,11:20:50,0.75,100,103200
20240116,11:20:54,0.7,50,103200
20240116,11:20:57,0.75,750,103200
20240116,11:20:58,0.75,200,103200
20240116,11:21:11,0.7,50,103200
20240116,11:21:26,0.75,50,103200
20240116,11:21:42,0.75,50,103200
20240116,11:21:50,0.75,250,103200
20240116,11:22:12,0.75,50,103200
20240116,11:22:15,0.7,150,103200
20240116,11:22:16,0.75,50,103200
20240116,11:22:29,0.75,150,103200
20240116,11:22:35,0.75,600,103200
20240116,11:22:59,0.75,50,103200
20240116,11:23:03,0.75,250,103200
20240116,11:23:13,0.75,50,103200
20240116,11:23:14,0.7,50,103200
20240116,11:23:39,0.7,50,103200
20240116,11:24:05,0.75,50,103200
20240116,11:24:12,0.75,100,104900
20240116,11:24:35,0.75,50,104900
20240116,11:24:45,0.75,50,104900
20240116,11:25:08,0.75,100,104900
20240116,11:25:28,0.75,100,104900
20240116,11:25:34,0.75,50,104900
20240116,11:25:51,0.7,500,104900
20240116,11:26:01,0.75,50,104900
20240116,11:26:20,0.75,150,104900
20240116,11:26:43,0.7,50,104900
20240116,11:26:45,0.75,1800,104900
20240116,11:27:57,0.75,300,104900
20240116,11:27:58,0.75,500,104350
20240116,11:28:04,0.7,100,104350
20240116,11:28:19,0.75,300,104350
20240116,11:28:24,0.7,50,104350
20240116,11:28:26,0.75,50,104350
20240116,11:28:43,0.7,50,104350
20240116,11:28:53,0.75,100,104350
20240116,11:29:06,0.7,3600,104350
20240116,11:29:38,0.75,50,104350
20240116,11:29:42,0.8,500,104350
20240116,11:29:44,0.7,50,104350
20240116,11:29:46,0.7,300,104350
20240116,11:32:56,0.8,50,104350
20240116,11:33:07,0.7,500,105200
20240116,11:33:43,0.7,50,105200
20240116,11:33:55,0.8,50,105200
20240116,11:34:05,0.7,50,105200
20240116,11:34:39,0.8,50,105200
20240116,11:34:41,0.75,400,105200
20240116,11:34:42,0.75,50,105200
20240116,11:34:59,0.75,700,105200
20240116,11:35:03,0.7,100,105200
20240116,11:35:28,0.75,200,105200
20240116,11:35:30,0.75,50,105200
20240116,11:35:39,0.8,50,105200
20240116,11:35:57,0.7,800,105200
20240116,11:36:08,0.8,50,105200
20240116,11:36:10,0.8,50,105200
20240116,11:36:13,0.7,150,105200
20240116,11:36:14,0.7,350,105200
20240116,11:36:28,0.7,50,105200
20240116,11:36:38,0.75,700,105200
20240116,11:37:16,0.7,50,105200
20240116,11:37:50,0.75,50,105200
20240116,11:38:18,0.75,50,105200
20240116,11:38:20,0.7,1300,105200
20240116,11:38:30,0.75,350,105200
20240116,11:38:48,0.7,200,105200
20240116,11:39:05,0.75,50,103700
20240116,11:39:25,0.7,200,103700
20240116,11:39:58,0.75,300,103700
20240116,11:40:04,0.75,100,103700
20240116,11:40:35,0.75,250,103700
20240116,11:40:46,0.7,50,103700
20240116,11:41:19,0.75,250,103700
20240116,11:41:33,0.75,150,103700
20240116,11:41:55,0.75,500,103700
20240116,11:41:57,0.75,550,104800
20240116,11:42:17,0.75,100,104800
20240116,11:43:01,0.7,100,104800
20240116,11:43:30,0.75,50,104800
20240116,11:43:35,0.7,50,104800
20240116,11:44:36,0.75,50,104800
20240116,11:44:42,0.75,200,104800
20240116,11:44:45,0.7,50,104800
20240116,11:45:06,0.7,50,104550
20240116,11:45:15,0.75,150,104550
20240116,11:45:28,0.75,50,104550
20240116,11:45:31,0.75,50,104550
20240116,11:45:32,0.75,50,104550
20240116,11:45:37,0.75,50,104550
20240116,11:45:43,0.75,50,104550
20240116,11:45:48,0.75,50,104550
20240116,11:45:56,0.75,50,104550
20240116,11:46:22,0.75,50,104550
20240116,11:46:46,0.7,1100,104550
20240116,11:47:06,0.7,100,104550
20240116,11:47:49,0.7,50,104550
20240116,11:48:12,0.7,750,104550
20240116,11:48:33,0.75,1100,104800
20240116,11:48:53,0.7,50,104800
20240116,11:49:26,0.75,50,104800
20240116,11:49:27,0.75,50,104800
20240116,11:49:28,0.75,50,104800
20240116,11:49:29,0.75,50,104800
20240116,11:49:30,0.75,50,104800
20240116,11:49:31,0.75,50,104800
20240116,11:49:32,0.75,100,104800
20240116,11:49:34,0.75,50,104800
20240116,11:49:35,0.75,50,104800
20240116,11:49:36,0.75,50,104800
20240116,11:49:37,0.75,50,104800
20240116,11:49:38,0.75,50,104800
20240116,11:49:39,0.75,50,104800
20240116,11:49:40,0.75,50,104800
20240116,11:49:41,0.75,500,104800
20240116,11:49:44,0.8,100,104800
20240116,11:49:51,0.8,50,104800
20240116,11:49:52,0.8,1000,104800
20240116,11:49:54,0.8,50,104800
20240116,11:49:58,0.8,50,104800
20240116,11:50:03,0.8,50,104800
20240116,11:50:05,0.8,50,104800
20240116,11:50:06,0.8,50,104800
20240116,11:50:07,0.8,50,104800
20240116,11:50:08,0.8,50,104800
20240116,11:50:09,0.8,50,104800
20240116,11:50:12,0.8,50,104800
20240116,11:50:13,0.8,50,104800
20240116,11:50:19,0.75,50,104800
20240116,11:50:19,0.7,1000,104800
20240116,11:50:24,0.8,50,104800
20240116,11:50:28,0.8,50,104800
20240116,11:50:33,0.8,50,104800
20240116,11:50:34,0.8,1050,104800
20240116,11:50:35,0.8,50,104800
20240116,11:50:38,0.8,50,104800
20240116,11:50:39,0.8,50,104800
20240116,11:50:40,0.8,50,104800
20240116,11:50:41,0.8,50,104800
20240116,11:50:42,0.8,50,104800
20240116,11:50:44,0.8,100,104800
20240116,11:50:45,0.8,50,104800
20240116,11:50:46,0.8,50,104800
20240116,11:50:47,0.8,50,104800
20240116,11:50:48,0.8,50,104800
20240116,11:50:49,0.8,50,104800
20240116,11:50:50,0.8,50,105450
20240116,11:50:51,0.8,50,105450
20240116,11:50:52,0.8,50,105450
20240116,11:50:53,0.8,50,105450
20240116,11:50:54,0.8,50,105450
20240116,11:50:55,0.8,50,105450
20240116,11:50:56,0.8,50,105450
20240116,11:50:57,0.8,50,105450
20240116,11:50:58,0.8,50,105450
20240116,11:50:59,0.8,50,105450
20240116,11:51:00,0.8,50,105450
20240116,11:51:03,0.8,50,105450
20240116,11:51:03,0.75,50,105450
20240116,11:51:19,0.8,250,105450
20240116,11:52:08,0.75,50,105450
20240116,11:52:09,0.75,150,105450
20240116,11:55:15,0.8,50,105650
20240116,11:55:19,0.75,100,105650
20240116,11:55:27,0.8,550,105650
20240116,11:55:37,0.8,50,105650
20240116,11:55:53,0.8,50,105650
20240116,11:55:54,0.8,250,105650
20240116,11:55:56,0.8,50,105650
20240116,11:55:57,0.8,50,105650
20240116,11:55:59,0.8,50,105650
20240116,11:56:03,0.8,50,105650
20240116,11:56:04,0.8,50,105650
20240116,11:56:19,0.8,50,105650
20240116,11:56:23,0.8,50,105650
20240116,11:56:27,0.8,50,105650
20240116,11:56:33,0.8,50,105650
20240116,11:56:37,0.75,50,105650
20240116,11:56:38,0.8,50,105650
20240116,11:56:41,0.8,50,105650
20240116,11:56:53,0.75,550,107000
20240116,11:57:08,0.75,500,107000
20240116,11:57:31,0.8,50,107000
20240116,11:57:32,0.8,50,107000
20240116,11:57:33,0.8,50,107000
20240116,11:57:34,0.8,50,107000
20240116,11:57:35,0.8,50,107000
20240116,11:57:36,0.8,50,107000
20240116,11:57:37,0.8,50,107000
20240116,11:57:38,0.8,50,107000
20240116,11:57:39,0.8,50,107000
20240116,11:57:40,0.8,50,107000
20240116,11:57:41,0.75,1150,107000
20240116,11:57:42,0.8,50,107000
20240116,11:57:43,0.8,50,107000
20240116,11:57:44,0.8,50,107000
20240116,11:57:45,0.8,50,107000
20240116,11:57:46,0.8,50,107000
20240116,11:57:47,0.8,50,107000
20240116,11:57:48,0.8,50,107000
20240116,11:57:49,0.8,50,107000
20240116,11:57:50,0.8,50,107000
20240116,11:57:51,0.8,50,107000
20240116,11:57:52,0.8,50,107000
20240116,11:57:54,0.8,50,107000
20240116,11:58:05,0.75,350,107000
20240116,11:58:16,0.8,50,107000
20240116,11:58:17,0.8,50,107000
20240116,11:58:21,0.75,1000,107000
20240116,11:58:29,0.8,50,107000
20240116,11:58:30,0.8,50,107000
20240116,11:58:31,0.8,50,107000
20240116,11:58:32,0.8,50,107000
20240116,11:58:33,0.8,50,107000
20240116,11:58:34,0.8,50,107000
20240116,11:58:35,0.8,50,107000
20240116,11:58:36,0.8,50,107000
20240116,11:58:37,0.8,1850,107000
20240116,11:58:38,0.8,50,107000
20240116,11:58:39,0.8,50,107000
20240116,11:58:40,0.8,50,107000
20240116,11:58:41,0.8,150,107000
20240116,11:58:42,0.8,150,107000
20240116,11:58:43,0.8,150,107000
20240116,11:58:44,0.8,150,107000
20240116,11:58:45,0.8,50,107000
20240116,11:58:46,0.8,50,107000
20240116,11:58:47,0.8,100,107000
20240116,11:58:48,0.8,100,107000
20240116,11:58:50,0.8,50,107000
20240116,11:58:51,0.8,50,107000
20240116,11:58:52,0.8,50,107000
20240116,11:58:53,0.8,100,107000
20240116,11:58:54,0.8,100,107000
20240116,11:58:55,0.8,100,107000
20240116,11:58:56,0.8,100,107000
20240116,11:58:57,0.8,100,107000
20240116,11:58:58,0.8,100,107000
20240116,11:58:59,0.75,3850,107000
20240116,11:59:00,0.75,250,107000
20240116,11:59:01,0.75,250,107000
20240116,11:59:04,0.8,50,107000
20240116,11:59:07,0.8,100,107000
20240116,11:59:10,0.8,50,107000
20240116,11:59:13,0.8,50,107000
20240116,11:59:14,0.75,250,107000
20240116,11:59:15,0.75,250,107000
20240116,11:59:16,0.75,50,107000
20240116,11:59:17,0.75,50,107000
20240116,11:59:17,0.8,50,107000
20240116,11:59:23,0.8,50,107000
20240116,11:59:24,0.8,50,107000
20240116,11:59:24,0.75,1000,107000
20240116,11:59:25,0.75,1050,107000
20240116,11:59:26,0.75,50,107000
20240116,11:59:27,0.75,50,107000
20240116,11:59:28,0.75,50,107000
20240116,11:59:29,0.75,50,107000
20240116,11:59:30,0.75,50,107000
20240116,11:59:31,0.75,50,107000
20240116,11:59:39,0.7,50,107000
20240116,11:59:57,0.75,250,107000
20240116,11:59:58,0.75,50,110200
20240116,11:59:59,0.75,50,110200
20240116,12:00:00,0.75,50,110200
20240116,12:00:01,0.75,50,110200
20240116,12:00:02,0.75,50,110200
20240116,12:00:03,0.75,100,110200
20240116,12:00:04,0.75,100,110200
20240116,12:00:05,0.75,100,110200
20240116,12:00:06,0.75,50,110200
20240116,12:00:07,0.75,50,110200
20240116,12:00:08,0.75,50,110200
20240116,12:00:09,0.75,50,110200
20240116,12:00:10,0.75,50,110200
20240116,12:00:11,0.75,50,110200
20240116,12:00:12,0.75,50,110200
20240116,12:00:13,0.75,50,110200
20240116,12:00:14,0.75,50,110200
20240116,12:00:15,0.75,50,110200
20240116,12:00:16,0.75,50,110200
20240116,12:00:17,0.75,50,110200
20240116,12:00:18,0.75,50,110200
20240116,12:00:19,0.75,50,110200
20240116,12:00:20,0.75,50,110200
20240116,12:00:21,0.75,50,110200
20240116,12:00:22,0.75,50,110200
20240116,12:00:23,0.75,50,110200
20240116,12:00:24,0.75,50,110200
20240116,12:00:25,0.75,50,110200
20240116,12:00:26,0.75,50,110200
20240116,12:00:27,0.75,50,110200
20240116,12:00:28,0.75,50,110200
20240116,12:00:29,0.75,50,110200
20240116,12:00:30,0.75,50,110200
20240116,12:00:31,0.75,50,110200
20240116,12:00:32,0.75,50,110200
20240116,12:00:33,0.75,50,110200
20240116,12:00:34,0.75,50,110200
20240116,12:00:35,0.75,50,110200
20240116,12:00:36,0.75,50,110200
20240116,12:00:37,0.75,50,110200
20240116,12:00:38,0.75,50,110200
20240116,12:00:39,0.75,50,110200
20240116,12:00:40,0.75,50,110200
20240116,12:00:41,0.75,50,110200
20240116,12:00:42,0.75,50,110200
20240116,12:00:43,0.75,50,110200
20240116,12:00:44,0.75,50,110200
20240116,12:00:45,0.75,250,110200
20240116,12:00:46,0.75,50,110200
20240116,12:00:47,0.75,50,110200
20240116,12:00:48,0.75,50,110200
20240116,12:00:52,0.75,50,110200
20240116,12:00:55,0.75,50,110200
20240116,12:01:00,0.8,50,110200
20240116,12:01:02,0.7,1000,110200
20240116,12:01:05,0.8,50,110200
20240116,12:01:08,0.7,1800,110200
20240116,12:01:13,0.7,200,110200
20240116,12:01:17,0.8,50,110200
20240116,12:01:18,0.8,50,110200
20240116,12:01:21,0.7,50,110200
20240116,12:01:26,0.8,50,110200
20240116,12:01:27,0.8,50,110200
20240116,12:01:29,0.8,150,110200
20240116,12:02:00,0.8,50,110200
20240116,12:02:01,0.8,50,110200
20240116,12:02:10,0.8,50,110200
20240116,12:02:12,0.8,50,110200
20240116,12:02:13,0.8,50,110200
20240116,12:02:14,0.8,50,110200
20240116,12:02:16,0.8,50,110200
20240116,12:02:18,0.8,50,110200
20240116,12:02:32,0.8,50,110200
20240116,12:02:34,0.8,50,110200
20240116,12:02:56,0.8,50,112550
20240116,12:03:03,0.8,50,112550
20240116,12:03:17,0.8,50,112550
20240116,12:03:25,0.8,400,112550
20240116,12:03:33,0.8,50,112550
20240116,12:03:36,0.8,50,112550
20240116,12:03:45,0.8,50,112550
20240116,12:03:55,0.8,50,112550
20240116,12:03:56,0.8,250,112550
20240116,12:04:00,0.8,50,112550
20240116,12:04:01,0.8,50,112550
20240116,12:04:04,0.8,50,112550
20240116,12:04:04,0.8,100,112550
20240116,12:04:05,0.8,50,112550
20240116,12:04:06,0.8,50,112550
20240116,12:04:07,0.75,300,112550
20240116,12:04:08,0.8,50,112550
20240116,12:04:09,0.8,50,112550
20240116,12:04:10,0.8,50,112550
20240116,12:04:11,0.8,50,112550
20240116,12:04:12,0.8,50,112550
20240116,12:04:13,0.8,50,112550
20240116,12:04:14,0.8,50,112550
20240116,12:04:18,0.8,50,112550
20240116,12:04:19,0.8,50,112550
20240116,12:04:20,0.8,50,112550
20240116,12:04:21,0.8,50,112550
20240116,12:04:24,0.8,400,112550
20240116,12:05:07,0.75,50,112550
20240116,12:05:13,0.8,50,112550
20240116,12:05:18,0.8,50,112550
20240116,12:05:20,0.8,50,112550
20240116,12:05:20,0.8,400,112550
20240116,12:05:24,0.8,50,112550
20240116,12:05:33,0.8,50,112550
20240116,12:05:43,0.75,50,112550
20240116,12:05:53,0.8,100,114250
20240116,12:05:54,0.8,50,114250
20240116,12:06:23,0.75,50,114250
20240116,12:06:30,0.8,250,114250
20240116,12:06:39,0.75,250,114250
20240116,12:06:57,0.8,250,114250
20240116,12:07:09,0.75,400,114250
20240116,12:07:21,0.8,350,114250
20240116,12:08:04,0.75,100,114250
20240116,12:08:23,0.8,50,114250
20240116,12:08:27,0.75,250,114250
20240116,12:09:32,0.75,50,114250
20240116,12:09:48,0.8,50,114750
20240116,12:10:24,0.8,50,114750
20240116,12:10:30,0.75,250,114750
20240116,12:10:31,0.75,50,114750
20240116,12:10:32,0.75,50,114750
20240116,12:10:33,0.75,50,114750
20240116,12:10:34,0.75,50,114750
20240116,12:10:35,0.75,50,114750
20240116,12:10:36,0.8,250,114750
20240116,12:10:37,0.75,200,114750
20240116,12:10:57,0.75,50,114750
20240116,12:11:14,0.75,50,114750
20240116,12:11:35,0.8,50,114750
20240116,12:11:36,0.8,50,114750
20240116,12:11:37,0.8,50,114750
20240116,12:11:37,0.75,50,114750
20240116,12:11:38,0.8,150,114750
20240116,12:11:39,0.8,150,114750
20240116,12:11:40,0.8,150,114750
20240116,12:11:41,0.8,150,114750
20240116,12:11:42,0.8,150,114750
20240116,12:11:44,0.8,50,114750
20240116,12:11:44,0.75,100,114750
20240116,12:11:45,0.8,50,114750
20240116,12:11:46,0.8,150,114750
20240116,12:11:47,0.8,150,114750
20240116,12:11:48,0.8,150,114750
20240116,12:11:49,0.8,150,114750
20240116,12:11:50,0.8,150,114750
20240116,12:11:51,0.8,150,114750
20240116,12:11:52,0.8,150,114750
20240116,12:11:53,0.8,150,114050
20240116,12:11:54,0.8,150,114050
20240116,12:11:56,0.8,50,114050
20240116,12:11:58,0.8,50,114050
20240116,12:11:59,0.8,50,114050
20240116,12:12:01,0.8,50,114050
20240116,12:12:02,0.8,50,114050
20240116,12:12:03,0.8,50,114050
20240116,12:12:04,0.8,50,114050
20240116,12:12:05,0.8,50,114050
20240116,12:12:06,0.8,50,114050
20240116,12:12:07,0.8,50,114050
20240116,12:12:08,0.75,100,114050
20240116,12:12:09,0.8,50,114050
20240116,12:12:10,0.8,50,114050
20240116,12:12:11,0.8,150,114050
20240116,12:12:12,0.8,150,114050
20240116,12:12:13,0.8,150,114050
20240116,12:12:26,0.8,50,114050
20240116,12:12:29,0.8,50,114050
20240116,12:12:30,0.8,50,114050
20240116,12:12:35,0.8,50,114050
20240116,12:12:36,0.8,50,114050
20240116,12:12:37,0.8,50,114050
20240116,12:12:38,0.8,50,114050
20240116,12:12:39,0.8,50,114050
20240116,12:12:40,0.8,50,114050
20240116,12:12:40,0.8,100,114050
20240116,12:12:41,0.8,50,114050
20240116,12:12:42,0.8,50,114050
20240116,12:12:43,0.8,50,114050
20240116,12:12:44,0.8,50,114050
20240116,12:12:45,0.8,50,114050
20240116,12:12:46,0.8,50,114050
20240116,12:12:47,0.8,50,114050
20240116,12:12:48,0.8,50,114050
20240116,12:12:49,0.8,50,114050
20240116,12:12:50,0.8,50,114050
20240116,12:12:51,0.8,50,114050
20240116,12:12:52,0.8,50,114050
20240116,12:12:53,0.8,50,114050
20240116,12:12:54,0.8,50,114050
20240116,12:12:55,0.8,50,114050
20240116,12:13:34,0.75,1000,114050
20240116,12:13:57,0.8,50,114050
20240116,12:13:58,0.8,50,114050
20240116,12:13:59,0.8,50,114050
20240116,12:14:00,0.8,50,114050
20240116,12:14:01,0.8,50,114050
20240116,12:14:02,0.8,50,114050
20240116,12:14:03,0.8,50,114050
20240116,12:14:04,0.8,50,114050
20240116,12:14:05,0.8,50,114050
20240116,12:14:06,0.8,50,114050
20240116,12:14:07,0.8,50,114050
20240116,12:14:08,0.8,50,114050
20240116,12:14:09,0.8,50,114050
20240116,12:14:10,0.8,250,114050
20240116,12:14:11,0.8,50,114050
20240116,12:14:12,0.8,50,114050
20240116,12:14:13,0.8,50,114050
20240116,12:14:14,0.8,50,114050
20240116,12:14:15,0.8,50,114050
20240116,12:14:16,0.8,50,114050
20240116,12:14:17,0.8,50,114050
20240116,12:14:18,0.8,50,114050
20240116,12:14:19,0.8,50,114050
20240116,12:14:20,0.8,50,114050
20240116,12:14:21,0.8,50,114050
20240116,12:14:22,0.8,50,114050
20240116,12:14:23,0.8,50,114050
20240116,12:14:24,0.8,50,114050
20240116,12:14:25,0.8,50,114050
20240116,12:14:26,0.8,50,114050
20240116,12:14:27,0.8,50,114050
20240116,12:14:28,0.8,50,114050
20240116,12:14:29,0.8,50,114050
20240116,12:14:31,0.8,50,114050
20240116,12:14:33,0.8,50,114050
20240116,12:14:34,0.8,50,114050
20240116,12:14:41,0.8,50,114050
20240116,12:14:45,0.8,50,114050
20240116,12:14:51,0.8,550,114050
20240116,12:15:18,0.8,50,114050
20240116,12:15:21,0.8,50,113100
20240116,12:15:22,0.8,50,113100
20240116,12:15:24,0.8,50,113100
20240116,12:15:25,0.8,50,113100
20240116,12:15:26,0.8,50,113100
20240116,12:15:27,0.8,50,113100
20240116,12:15:29,0.8,50,113100
20240116,12:15:29,0.75,50,113100
20240116,12:15:31,0.8,50,113100
20240116,12:15:32,0.8,50,113100
20240116,12:15:33,0.8,50,113100
20240116,12:15:34,0.8,50,113100
20240116,12:15:35,0.8,50,113100
20240116,12:15:36,0.8,50,113100
20240116,12:15:37,0.8,50,113100
20240116,12:15:38,0.8,50,113100
20240116,12:15:39,0.8,50,113100
20240116,12:15:40,0.8,50,113100
20240116,12:15:41,0.8,50,113100
20240116,12:15:42,0.8,50,113100
20240116,12:15:43,0.8,50,113100
20240116,12:15:44,0.8,50,113100
20240116,12:15:45,0.8,50,113100
20240116,12:15:46,0.8,50,113100
20240116,12:15:47,0.8,50,113100
20240116,12:15:48,0.8,50,113100
20240116,12:15:49,0.8,50,113100
20240116,12:15:50,0.8,50,113100
20240116,12:15:51,0.8,50,113100
20240116,12:15:52,0.8,50,113100
20240116,12:16:17,0.8,100,113100
20240116,12:16:26,0.75,500,113100
20240116,12:16:48,0.75,50,113100
20240116,12:17:12,0.8,50,113100
20240116,12:17:13,0.8,50,113100
20240116,12:17:14,0.8,50,113100
20240116,12:17:15,0.8,50,113100
20240116,12:17:16,0.8,50,113100
20240116,12:17:17,0.8,50,113100
20240116,12:17:19,0.8,100,113100
20240116,12:17:20,0.8,50,113100
20240116,12:17:21,0.8,50,113100
20240116,12:17:22,0.8,100,113100
20240116,12:17:23,0.8,50,113100
20240116,12:17:24,0.8,50,113100
20240116,12:17:25,0.8,50,113100
20240116,12:17:26,0.8,50,113100
20240116,12:17:27,0.8,850,113100
20240116,12:17:29,0.85,50,113100
20240116,12:17:30,0.8,200,113100
20240116,12:17:31,0.85,50,113100
20240116,12:17:32,0.8,200,113100
20240116,12:17:33,0.8,700,113100
20240116,12:17:34,0.8,500,113100
20240116,12:17:37,0.85,150,113100
20240116,12:17:42,0.85,150,113100
20240116,12:17:43,0.85,50,113100
20240116,12:17:44,0.85,50,113100
20240116,12:17:45,0.85,50,113100
20240116,12:17:46,0.85,50,113100
20240116,12:17:47,0.85,50,113100
20240116,12:17:48,0.85,50,113100
20240116,12:17:49,0.85,50,113100
20240116,12:17:50,0.85,50,113100
20240116,12:17:51,0.85,50,113100
20240116,12:17:52,0.85,50,113100
20240116,12:17:53,0.85,50,113100
20240116,12:17:54,0.85,50,113100
20240116,12:17:55,0.85,50,114100
20240116,12:17:56,0.85,50,114100
20240116,12:17:57,0.85,50,114100
20240116,12:17:58,0.85,50,114100
20240116,12:17:59,0.85,50,114100
20240116,12:18:00,0.85,50,114100
20240116,12:18:01,0.85,50,114100
20240116,12:18:02,0.85,50,114100
20240116,12:18:03,0.85,50,114100
20240116,12:18:04,0.85,50,114100
20240116,12:18:05,0.85,50,114100
20240116,12:18:06,0.85,50,114100
20240116,12:18:07,0.85,50,114100
20240116,12:18:08,0.85,50,114100
20240116,12:18:09,0.85,50,114100
20240116,12:18:10,0.85,50,114100
20240116,12:18:11,0.85,50,114100
20240116,12:18:12,0.85,50,114100
20240116,12:18:13,0.85,50,114100
20240116,12:18:14,0.85,50,114100
20240116,12:18:15,0.85,50,114100
20240116,12:18:16,0.85,50,114100
20240116,12:18:17,0.85,50,114100
20240116,12:18:18,0.85,50,114100
20240116,12:18:19,0.8,400,114100
20240116,12:18:20,0.85,50,114100
20240116,12:18:21,0.85,50,114100
20240116,12:18:22,0.85,50,114100
20240116,12:18:23,0.85,50,114100
20240116,12:18:24,0.85,50,114100
20240116,12:18:25,0.85,50,114100
20240116,12:18:26,0.85,50,114100
20240116,12:18:27,0.85,50,114100
20240116,12:18:28,0.85,50,114100
20240116,12:18:29,0.85,50,114100
20240116,12:18:30,0.85,50,114100
20240116,12:18:31,0.85,50,114100
20240116,12:18:32,0.85,50,114100
20240116,12:18:33,0.85,50,114100
20240116,12:18:34,0.85,100,114100
20240116,12:18:35,0.85,50,114100
20240116,12:18:38,0.8,50,114100
20240116,12:18:40,0.85,50,114100
20240116,12:18:47,0.85,50,114100
20240116,12:18:50,0.85,50,114100
20240116,12:18:55,0.85,50,114100
20240116,12:19:06,0.85,50,114100
20240116,12:19:07,0.85,50,114100
20240116,12:19:09,0.85,50,114100
20240116,12:19:38,0.8,50,114100
20240116,12:20:16,0.8,1800,114100
20240116,12:20:17,0.8,300,114100
20240116,12:20:23,0.8,150,114100
20240116,12:20:35,0.8,1000,114100
20240116,12:21:14,0.85,50,114100
20240116,12:21:21,0.75,550,115950
20240116,12:21:32,0.85,100,115950
20240116,12:21:36,0.75,50,115950
20240116,12:22:33,0.85,50,115950
20240116,12:22:36,0.75,300,115950
20240116,12:22:39,0.75,100,115950
20240116,12:22:58,0.8,50,115950
20240116,12:23:04,0.8,100,115950
20240116,12:23:33,0.75,50,115950
20240116,12:23:47,0.75,50,115950
20240116,12:24:15,0.8,50,115950
20240116,12:24:16,0.8,50,116100
20240116,12:24:17,0.8,50,116100
20240116,12:24:18,0.8,50,116100
20240116,12:24:19,0.8,50,116100
20240116,12:24:20,0.8,50,116100
20240116,12:24:21,0.8,50,116100
20240116,12:24:23,0.8,50,116100
20240116,12:24:24,0.8,50,116100
20240116,12:24:26,0.8,50,116100
20240116,12:24:28,0.8,50,116100
20240116,12:24:29,0.8,50,116100
20240116,12:24:30,0.8,50,116100
20240116,12:24:31,0.8,50,116100
20240116,12:24:32,0.8,50,116100
20240116,12:24:33,0.8,50,116100
20240116,12:24:36,0.8,50,116100
20240116,12:24:46,0.85,50,116100
20240116,12:24:49,0.8,50,116100
20240116,12:24:50,0.85,550,116100
20240116,12:24:53,0.75,50,116100
20240116,12:24:56,0.8,50,116100
20240116,12:24:59,0.8,50,116100
20240116,12:25:00,0.8,50,116100
20240116,12:25:01,0.8,50,116100
20240116,12:25:02,0.8,50,116100
20240116,12:25:03,0.8,50,116100
20240116,12:25:04,0.8,50,116100
20240116,12:25:05,0.8,50,116100
20240116,12:25:06,0.8,50,116100
20240116,12:25:06,0.75,50,116100
20240116,12:25:07,0.8,50,116100
20240116,12:25:13,0.8,50,116100
20240116,12:25:13,0.75,50,116100
20240116,12:25:16,0.8,50,116100
20240116,12:25:17,0.8,50,116100
20240116,12:25:18,0.8,50,116100
20240116,12:25:19,0.8,50,116100
20240116,12:25:23,0.8,50,116100
20240116,12:25:24,0.8,50,116100
20240116,12:25:25,0.8,50,116100
20240116,12:25:26,0.8,50,116100
20240116,12:25:27,0.8,50,116100
20240116,12:25:29,0.8,50,116100
20240116,12:25:30,0.8,50,116100
20240116,12:25:32,0.8,50,116100
20240116,12:25:33,0.8,50,116100
20240116,12:25:36,0.8,50,116100
20240116,12:25:38,0.8,50,116100
20240116,12:25:39,0.8,50,116100
20240116,12:25:40,0.8,50,116100
20240116,12:25:41,0.8,50,116100
20240116,12:25:42,0.8,50,116100
20240116,12:25:43,0.8,50,116100
20240116,12:25:44,0.8,50,116100
20240116,12:25:45,0.8,50,116100
20240116,12:25:46,0.8,50,116100
20240116,12:25:47,0.8,50,116100
20240116,12:25:48,0.8,50,116100
20240116,12:25:49,0.8,50,116100
20240116,12:25:50,0.8,50,116100
20240116,12:25:51,0.8,50,116100
20240116,12:25:52,0.8,50,116100
20240116,12:25:53,0.8,50,116100
20240116,12:25:54,0.8,50,116100
20240116,12:25:55,0.8,50,116100
20240116,12:25:56,0.8,50,116100
20240116,12:25:57,0.8,50,116100
20240116,12:25:59,0.8,100,116100
20240116,12:26:00,0.8,50,116100
20240116,12:26:01,0.8,50,116100
20240116,12:26:02,0.8,50,116100
20240116,12:26:03,0.8,50,116100
20240116,12:26:04,0.8,50,116100
20240116,12:26:05,0.8,50,116100
20240116,12:26:06,0.8,50,116100
20240116,12:26:07,0.8,50,116100
20240116,12:26:08,0.8,50,116100
20240116,12:26:09,0.8,50,116100
20240116,12:26:10,0.8,50,116100
20240116,12:26:11,0.8,50,116100
20240116,12:26:12,0.8,50,116100
20240116,12:26:13,0.8,50,116100
20240116,12:26:14,0.8,50,116100
20240116,12:26:15,0.8,50,116100
20240116,12:26:16,0.8,50,116100
20240116,12:26:17,0.8,50,116100
20240116,12:26:18,0.8,50,116100
20240116,12:26:20,0.8,100,116100
20240116,12:26:21,0.8,50,116100
20240116,12:26:22,0.8,50,116100
20240116,12:26:23,0.8,50,116100
20240116,12:26:24,0.8,50,116100
20240116,12:26:26,0.8,100,116100
20240116,12:26:27,0.8,50,116100
20240116,12:26:28,0.8,50,116100
20240116,12:26:31,0.85,50,116100
20240116,12:26:32,0.8,200,116100
20240116,12:26:35,0.85,50,116100
20240116,12:26:36,0.75,100,116100
20240116,12:26:37,0.75,350,116100
20240116,12:26:40,0.75,150,116100
20240116,12:26:40,0.75,100,116100
20240116,12:26:47,0.85,50,116100
20240116,12:26:57,0.75,500,120200
20240116,12:26:59,0.85,50,120200
20240116,12:27:02,0.85,50,120200
20240116,12:27:05,0.85,50,120200
20240116,12:27:10,0.85,50,120200
20240116,12:27:13,0.85,50,120200
20240116,12:27:45,0.8,100,120200
20240116,12:28:18,0.85,100,120200
20240116,12:28:58,0.8,2100,120200
20240116,12:29:32,0.75,50,120200
20240116,12:30:00,0.75,250,120200
20240116,12:30:53,0.75,50,122400
20240116,12:31:22,0.8,250,122400
20240116,12:31:35,0.75,250,122400
20240116,12:33:06,0.8,50,122400
20240116,12:33:11,0.75,100,122400
20240116,12:33:24,0.8,150,122400
20240116,12:34:38,0.8,500,122400
20240116,12:35:01,0.75,50,122400
20240116,12:35:02,0.75,50,122400
20240116,12:35:06,0.75,50,122400
20240116,12:35:49,0.75,150,122400
20240116,12:36:36,0.75,300,122400
20240116,12:37:26,0.75,50,122400
20240116,12:37:31,0.75,50,122400
20240116,12:37:34,0.75,50,122400
20240116,12:37:35,0.75,50,122400
20240116,12:37:36,0.75,50,122400
20240116,12:37:37,0.75,50,122400
20240116,12:37:38,0.75,50,122400
20240116,12:37:39,0.75,50,122400
20240116,12:37:39,0.8,150,122400
20240116,12:37:40,0.75,50,122400
20240116,12:37:41,0.75,50,122400
20240116,12:37:42,0.75,50,122400
20240116,12:37:43,0.75,50,122400
20240116,12:37:44,0.75,50,122400
20240116,12:37:45,0.75,50,122400
20240116,12:37:46,0.75,50,122400
20240116,12:37:47,0.75,50,122400
20240116,12:37:48,0.75,250,122400
20240116,12:37:49,0.75,250,122400
20240116,12:37:50,0.75,250,122400
20240116,12:37:51,0.75,50,122400
20240116,12:37:52,0.75,50,122400
20240116,12:37:53,0.75,50,122400
20240116,12:37:54,0.75,50,122400
20240116,12:37:55,0.75,50,122400
20240116,12:37:56,0.75,50,122400
20240116,12:37:57,0.75,50,122400
20240116,12:37:58,0.75,50,122400
20240116,12:37:59,0.75,50,122400
20240116,12:38:00,0.75,50,122400
20240116,12:38:01,0.75,50,122400
20240116,12:38:02,0.75,1000,122400
20240116,12:38:03,0.75,200,122400
20240116,12:38:04,0.75,200,122400
20240116,12:38:05,0.75,50,122400
20240116,12:38:06,0.75,50,122400
20240116,12:38:11,0.75,50,122400
20240116,12:38:15,0.75,50,122400
20240116,12:38:20,0.75,50,122400
20240116,12:38:23,0.8,50,122400
20240116,12:38:24,0.75,50,122400
20240116,12:38:25,0.75,50,122400
20240116,12:38:27,0.75,50,122400
20240116,12:38:28,0.75,50,122400
20240116,12:38:31,0.7,50,122400
20240116,12:38:34,0.7,50,122400
20240116,12:38:37,0.7,50,122400
20240116,12:38:38,0.75,200,122400
20240116,12:38:41,0.7,50,122400
20240116,12:38:42,0.75,200,122400
20240116,12:38:45,0.7,50,122400
20240116,12:38:48,0.7,50,122400
20240116,12:38:51,0.7,50,122400
20240116,12:38:52,0.75,100,122400
20240116,12:38:53,0.7,50,122400
20240116,12:38:54,0.7,50,122400
20240116,12:38:55,0.7,50,122400
20240116,12:38:56,0.7,50,122400
20240116,12:38:57,0.75,100,119400
20240116,12:38:58,0.7,50,119400
20240116,12:38:59,0.7,50,119400
20240116,12:39:00,0.7,50,119400
20240116,12:39:01,0.7,50,119400
20240116,12:39:02,0.7,50,119400
20240116,12:39:03,0.7,50,119400
20240116,12:39:04,0.7,50,119400
20240116,12:39:20,0.75,50,119400
20240116,12:40:11,0.7,100,119400
20240116,12:41:15,0.75,300,119400
20240116,12:41:53,0.75,50,119400
20240116,12:42:16,0.75,1650,119400
20240116,12:42:35,0.8,50,119400
20240116,12:42:46,0.75,50,119400
20240116,12:43:01,0.8,250,119400
20240116,12:43:01,0.8,100,119400
20240116,12:43:05,0.8,50,119400
20240116,12:43:06,0.75,350,119400
20240116,12:43:06,0.75,150,119400
20240116,12:43:52,0.8,200,119400
20240116,12:44:03,0.75,1650,119400
20240116,12:44:07,0.75,50,119400
20240116,12:44:09,0.75,50,119400
20240116,12:44:10,0.75,50,119400
20240116,12:44:12,0.75,50,119400
20240116,12:44:13,0.75,50,119400
20240116,12:44:14,0.75,50,119400
20240116,12:44:15,0.75,50,119400
20240116,12:44:17,0.75,50,119400
20240116,12:44:20,0.75,50,119400
20240116,12:44:58,0.75,50,119400
20240116,12:44:59,0.75,50,118950
20240116,12:45:00,0.75,50,118950
20240116,12:45:01,0.75,50,118950
20240116,12:45:02,0.75,50,118950
20240116,12:45:03,0.75,50,118950
20240116,12:45:04,0.75,50,118950
20240116,12:45:05,0.75,50,118950
20240116,12:45:07,0.75,50,118950
20240116,12:45:08,0.75,50,118950
20240116,12:45:09,0.75,50,118950
20240116,12:45:10,0.75,50,118950
20240116,12:45:11,0.75,50,118950
20240116,12:45:12,0.75,50,118950
20240116,12:45:14,0.75,50,118950
20240116,12:45:15,0.75,50,118950
20240116,12:45:16,0.75,50,118950
20240116,12:45:18,0.75,1650,118950
20240116,12:45:20,0.75,50,118950
20240116,12:45:21,0.75,50,118950
20240116,12:45:23,0.75,50,118950
20240116,12:45:26,0.7,50,118950
20240116,12:45:28,0.75,50,118950
20240116,12:45:39,0.75,50,118950
20240116,12:45:46,0.75,50,118950
20240116,12:46:08,0.75,200,118950
20240116,12:46:23,0.75,50,118950
20240116,12:47:16,0.75,50,118950
20240116,12:47:29,0.7,1600,118950
20240116,12:47:38,0.75,50,118950
20240116,12:48:13,0.7,50,119500
20240116,12:48:14,0.7,50,119500
20240116,12:48:15,0.7,50,119500
20240116,12:48:20,0.7,50,119500
20240116,12:48:21,0.7,200,119500
20240116,12:48:22,0.7,200,119500
20240116,12:48:23,0.7,200,119500
20240116,12:48:24,0.7,200,119500
20240116,12:48:25,0.7,200,119500
20240116,12:48:26,0.7,200,119500
20240116,12:48:27,0.7,200,119500
20240116,12:48:28,0.7,200,119500
20240116,12:48:29,0.7,200,119500
20240116,12:48:30,0.7,200,119500
20240116,12:48:35,0.75,1400,119500
20240116,12:48:39,0.75,850,119500
20240116,12:49:22,0.75,250,119500
20240116,12:49:49,0.8,50,119500
20240116,12:49:54,0.8,50,119500
20240116,12:50:09,0.75,50,119500
20240116,12:50:47,0.75,550,119500
20240116,12:50:49,0.8,50,119500
20240116,12:50:50,0.8,50,119500
20240116,12:50:51,0.8,50,119500
20240116,12:50:52,0.8,50,119500
20240116,12:50:53,0.8,150,119500
20240116,12:50:54,0.8,150,119500
20240116,12:50:55,0.8,150,119500
20240116,12:50:56,0.8,150,119500
20240116,12:50:57,0.8,150,119500
20240116,12:51:00,0.8,50,117150
20240116,12:51:03,0.85,150,117150
20240116,12:51:06,0.85,150,117150
20240116,12:51:07,0.85,50,117150
20240116,12:51:08,0.85,50,117150
20240116,12:51:09,0.85,50,117150
20240116,12:51:13,0.85,50,117150
20240116,12:51:20,0.75,200,117150
20240116,12:51:49,0.8,100,117150
20240116,12:52:16,0.8,50,117150
20240116,12:52:31,0.8,50,117150
20240116,12:52:32,0.8,50,117150
20240116,12:52:33,0.8,50,117150
20240116,12:52:34,0.8,50,117150
20240116,12:52:35,0.8,50,117150
20240116,12:52:36,0.8,50,117150
20240116,12:52:38,0.8,50,117150
20240116,12:52:39,0.8,50,117150
20240116,12:52:40,0.8,50,117150
20240116,12:52:41,0.8,50,117150
20240116,12:52:42,0.8,50,117150
20240116,12:52:43,0.8,300,117150
20240116,12:52:44,0.8,50,117150
20240116,12:52:45,0.8,150,117150
20240116,12:52:46,0.8,150,117150
20240116,12:52:47,0.8,150,117150
20240116,12:52:48,0.8,50,117150
20240116,12:52:49,0.8,50,117150
20240116,12:52:50,0.8,50,117150
20240116,12:52:51,0.8,50,117150
20240116,12:52:52,0.8,50,117150
20240116,12:52:53,0.8,50,117150
20240116,12:52:54,0.8,50,117150
20240116,12:52:55,0.8,50,117150
20240116,12:52:56,0.8,50,117150
20240116,12:52:57,0.8,50,117150
20240116,12:52:58,0.8,50,117150
20240116,12:52:59,0.8,50,117150
20240116,12:53:00,0.8,50,117150
20240116,12:53:01,0.8,50,117150
20240116,12:53:02,0.8,50,117150
20240116,12:53:03,0.8,50,117150
20240116,12:53:04,0.8,50,117150
20240116,12:53:05,0.8,50,117150
20240116,12:53:06,0.8,50,117150
20240116,12:53:07,0.8,650,117150
20240116,12:53:09,0.8,800,117150
20240116,12:53:12,0.85,150,117150
20240116,12:53:14,0.8,50,117150
20240116,12:53:17,0.85,50,117150
20240116,12:53:20,0.85,50,117150
20240116,12:53:22,0.8,450,117150
20240116,12:53:23,0.8,50,117150
20240116,12:53:24,0.8,50,117150
20240116,12:53:27,0.85,50,117150
20240116,12:53:30,0.85,50,117150
20240116,12:53:31,0.8,50,117150
20240116,12:53:32,0.8,50,117150
20240116,12:53:33,0.8,50,117150
20240116,12:53:34,0.8,50,117150
20240116,12:53:35,0.8,50,117150
20240116,12:53:36,0.8,50,117150
20240116,12:53:37,0.8,50,117150
20240116,12:53:39,0.8,50,117150
20240116,12:53:41,0.8,50,117150
20240116,12:53:42,0.8,50,117150
20240116,12:53:44,0.8,300,117150
20240116,12:53:45,0.8,150,117150
20240116,12:55:22,0.75,1050,119800
20240116,12:56:53,0.8,50,119800
20240116,12:57:08,0.75,750,119800
20240116,12:57:32,0.75,150,118900
20240116,12:58:02,0.75,50,118900
20240116,12:58:03,0.75,100,118900
20240116,12:58:04,0.75,50,118900
20240116,12:58:05,0.75,50,118900
20240116,12:58:06,0.75,50,118900
20240116,12:58:07,0.75,50,118900
20240116,12:58:08,0.75,50,118900
20240116,12:58:09,0.75,50,118900
20240116,12:58:10,0.75,50,118900
20240116,12:58:11,0.75,50,118900
20240116,12:58:12,0.75,50,118900
20240116,12:58:13,0.75,50,118900
20240116,12:58:14,0.75,50,118900
20240116,12:58:15,0.75,50,118900
