date,time,tick_price,volume,open_interest
20240213,12:16:21,3.0,100,100
20240213,13:35:48,3.0,100,100
20240213,13:39:05,2.95,50,200
20240213,13:43:10,2.95,100,250
20240213,14:06:28,3.0,100,350
20240213,14:49:58,2.95,50,450
20240213,14:55:15,2.95,500,500
20240213,14:56:44,2.7,600,1000
20240213,14:57:03,2.7,350,1000
20240213,14:58:04,2.7,250,1000
20240213,14:59:14,2.7,500,2200
20240213,14:59:39,2.7,800,2200
20240213,14:59:48,2.7,200,2200
20240213,14:59:55,2.6,350,2200
20240213,15:11:45,2.6,150,3250
20240213,15:11:56,2.75,50,3250
20240213,15:17:10,2.8,100,3350
20240213,15:17:52,2.8,1300,3350
20240213,15:19:18,2.8,200,3350
20240213,15:23:05,2.85,50,4450
20240213,15:23:40,2.85,50,4450
20240213,15:23:46,2.85,150,4450
20240213,15:24:09,2.85,50,4450
20240213,15:24:18,2.85,50,4450
20240213,15:24:25,2.85,50,4450
20240213,15:24:39,2.85,50,4450
20240213,15:24:54,2.85,50,4450
20240213,15:25:19,2.85,50,4450
20240213,15:26:50,2.9,500,4450
20240213,15:27:28,2.9,50,4450
20240213,15:27:47,2.9,300,4450
20240213,15:28:28,2.2,900,4400
20240213,15:28:46,2.2,700,4400
20240214,09:16:21,2.8,1,3650
20240214,09:16:21,2.75,250,3650
20240214,09:17:06,3.05,1800,3650
20240214,09:17:14,3.6,450,3650
20240214,09:19:03,3.2,50,4350
20240214,09:19:47,3.2,350,4350
20240214,09:19:59,3.2,50,4350
20240214,09:26:15,3.2,250,4300
20240214,09:26:42,3.2,250,4300
20240214,09:27:22,3.9,1000,4300
20240214,09:28:16,3.0,400,5100
20240214,09:28:38,3.05,250,5100
20240214,09:29:03,3.7,200,5100
20240214,09:29:44,3.4,50,5100
20240214,09:30:33,3.35,550,5100
20240214,09:30:53,3.4,200,5950
20240214,09:31:04,3.45,100,5950
20240214,09:31:35,3.45,50,5950
20240214,09:31:47,3.45,50,5950
20240214,09:31:53,3.45,250,5950
20240214,09:32:03,3.45,250,5950
20240214,09:33:19,3.55,150,5950
20240214,09:35:41,3.45,50,6300
20240214,09:36:29,3.35,550,6300
20240214,09:36:35,3.35,300,6300
20240214,09:37:08,3.4,50,6250
20240214,09:38:48,3.4,1450,6250
20240214,09:39:01,3.2,100,6250
20240214,09:39:15,3.2,50,6250
20240214,09:40:01,3.25,800,7150
20240214,09:40:17,3.25,50,7150
20240214,09:40:30,3.25,200,7150
20240214,09:40:42,3.25,600,7150
20240214,09:40:49,3.25,100,7150
20240214,09:40:55,3.2,100,7150
20240214,09:41:07,3.3,200,7150
20240214,09:41:14,3.25,150,7150
20240214,09:41:19,3.25,150,7150
20240214,09:41:56,3.3,800,7150
20240214,09:42:02,3.3,50,7150
20240214,09:42:08,3.3,250,7150
20240214,09:42:26,3.3,500,7150
20240214,09:43:00,3.25,550,7700
20240214,09:43:06,3.25,200,7700
20240214,09:43:22,3.2,100,7700
20240214,09:43:27,3.25,50,7700
20240214,09:43:55,3.2,450,7700
20240214,09:44:07,3.1,50,7700
20240214,09:44:57,3.05,350,7700
20240214,09:45:04,3.05,50,7700
20240214,09:45:30,3.05,250,7700
20240214,09:45:40,3.05,50,7700
20240214,09:45:53,3.05,950,8550
20240214,09:45:59,3.1,100,8550
20240214,09:46:50,2.95,500,8550
20240214,09:46:56,3.15,50,8550
20240214,09:47:29,3.1,400,8550
20240214,09:48:32,3.1,400,8550
20240214,09:48:36,3.05,50,8550
20240214,09:50:17,3.0,50,8900
20240214,09:50:22,3.0,50,8900
20240214,09:51:29,2.95,100,8900
20240214,09:51:36,3.0,50,8900
20240214,09:51:54,2.85,100,8800
20240214,09:52:02,2.9,50,8800
20240214,09:52:30,3.05,50,8800
20240214,09:52:36,3.1,50,8800
20240214,09:52:49,3.05,50,8800
20240214,09:53:14,3.05,100,8800
20240214,09:55:45,3.0,50,8800
20240214,09:56:17,2.9,100,8800
20240214,09:59:17,2.9,200,8800
20240214,10:00:49,2.9,50,8750
20240214,10:01:12,2.85,100,8750
20240214,10:01:20,2.85,100,8750
20240214,10:02:02,2.95,150,8750
20240214,10:02:18,2.7,100,8750
20240214,10:04:13,2.7,750,8750
20240214,10:04:39,2.8,200,8750
20240214,10:06:58,2.3,1050,9450
20240214,10:07:16,2.8,600,9450
20240214,10:08:56,2.9,50,9450
20240214,10:13:50,2.8,150,9350
20240214,10:14:20,2.8,50,9350
20240214,10:14:48,2.8,150,9350
20240214,10:15:14,2.6,1050,9350
20240214,10:27:10,2.7,50,9150
20240214,10:29:12,2.75,50,9150
20240214,10:40:07,2.85,50,9150
20240214,10:41:01,2.75,50,9150
20240214,10:41:49,2.7,100,9150
20240214,10:57:34,2.7,1050,9150
20240214,11:00:11,2.7,50,9150
20240214,11:02:43,2.7,50,9150
20240214,11:03:33,2.65,200,9150
20240214,11:04:47,2.65,850,9200
20240214,11:09:15,2.8,50,10050
20240214,11:09:24,2.8,300,10050
20240214,11:09:47,2.8,250,10050
20240214,11:12:34,2.85,50,10150
20240214,11:13:28,2.8,750,10200
20240214,11:13:59,2.85,50,10200
20240214,11:14:03,2.85,100,10200
20240214,11:14:10,2.85,50,10200
20240214,11:14:48,2.85,250,10200
20240214,11:14:59,2.85,200,10200
20240214,11:15:04,2.85,400,10200
20240214,11:18:12,2.85,50,10000
20240214,11:19:04,2.75,250,10000
20240214,11:20:34,2.85,50,10000
20240214,11:21:00,2.85,50,10000
20240214,11:25:26,2.8,50,10000
20240214,11:26:35,2.8,50,10000
20240214,11:30:31,2.8,50,10000
20240214,11:30:36,2.9,150,10000
20240214,11:35:20,2.85,250,10100
20240214,11:42:48,2.85,1150,10100
20240214,11:44:43,2.85,150,10950
20240214,11:46:41,2.95,100,11050
20240214,11:46:57,2.95,750,11050
20240214,11:48:25,2.8,50,11050
20240214,11:49:48,2.75,750,11050
20240214,11:52:14,2.9,50,10300
20240214,11:52:28,2.85,550,10300
20240214,11:52:52,2.85,250,10300
20240214,11:54:09,2.85,250,10300
20240214,11:57:54,2.85,1800,11050
20240214,11:57:58,2.85,50,11050
20240214,12:13:30,2.85,100,10950
20240214,12:13:40,2.85,150,10950
20240214,12:16:06,2.75,700,10700
20240214,12:16:53,2.75,400,10700
20240214,12:21:21,2.7,400,9950
20240214,12:24:11,2.6,200,10050
20240214,12:24:30,2.6,50,10050
20240214,12:24:59,2.65,50,10050
20240214,12:25:03,2.6,50,9950
20240214,12:25:13,2.6,50,9950
20240214,12:25:22,2.6,50,9950
20240214,12:26:46,2.55,100,9950
20240214,12:27:48,2.6,50,9950
20240214,12:28:08,2.6,50,9950
20240214,12:28:43,2.6,50,9650
20240214,12:28:56,2.6,200,9650
20240214,12:29:04,2.6,50,9650
20240214,12:29:11,2.6,100,9650
20240214,12:29:23,2.6,50,9650
20240214,12:29:30,2.6,150,9650
20240214,12:29:47,2.6,50,9650
20240214,12:29:53,2.6,50,9650
20240214,12:30:13,2.6,50,9650
20240214,12:30:19,2.6,100,9650
20240214,12:30:50,2.6,50,9650
20240214,12:30:56,2.6,50,9650
20240214,12:31:06,2.65,150,9000
20240214,12:31:45,2.75,250,9000
20240214,12:33:26,2.85,100,9000
20240214,12:33:32,2.85,50,9000
20240214,12:34:59,2.9,200,9000
20240214,12:41:35,2.85,50,8900
20240214,12:41:41,2.95,50,8900
20240214,12:52:43,3.1,100,8900
20240214,12:53:18,3.05,50,8900
20240214,12:54:02,2.85,100,8900
20240214,12:54:10,3.05,450,8900
20240214,12:54:18,3.05,50,8900
20240214,12:55:15,3.05,250,9300
20240214,12:55:49,3.05,250,9300
20240214,12:59:54,3.05,150,9550
20240214,13:00:23,3.0,250,9550
20240214,13:00:56,3.0,250,9550
20240214,13:02:06,2.95,50,10000
20240214,13:02:41,2.95,50,10000
20240214,13:02:47,3.0,250,10000
20240214,13:10:59,3.05,50,9800
20240214,13:14:31,3.0,250,9800
20240214,13:17:22,3.1,200,9550
20240214,13:18:59,2.95,50,9550
20240214,13:19:04,2.95,100,9550
20240214,13:20:10,3.0,200,9550
20240214,13:20:28,3.0,50,9550
20240214,13:22:40,3.0,50,9550
20240214,13:24:34,2.95,50,9550
20240214,13:25:35,2.9,200,9550
20240214,13:25:41,2.9,350,9550
20240214,13:26:25,2.85,900,9550
20240214,13:26:31,2.85,100,9550
20240214,13:27:28,2.85,550,9550
20240214,13:28:22,2.85,400,9650
20240214,13:30:56,2.85,400,9650
20240214,13:32:03,2.85,150,9650
20240214,13:33:56,2.85,50,9650
20240214,13:36:07,2.8,150,9850
20240214,13:37:39,2.8,250,9900
20240214,13:40:22,2.75,50,9950
20240214,13:46:27,2.75,100,10000
20240214,13:46:51,2.75,50,10000
20240214,13:50:32,2.8,50,10050
20240214,13:50:40,2.8,50,10050
20240214,13:52:01,2.8,150,10050
20240214,13:53:42,2.8,1450,9850
20240214,13:54:06,2.8,150,9850
20240214,13:54:11,2.8,50,9850
20240214,13:54:40,2.8,50,9850
20240214,13:54:50,2.8,50,9850
20240214,13:55:05,2.8,150,9850
20240214,13:55:35,2.8,50,10000
20240214,13:55:55,2.8,100,10000
20240214,13:56:17,2.8,50,10000
20240214,13:57:57,2.85,50,10000
20240214,13:58:14,2.75,450,10000
20240214,13:58:31,2.75,50,10100
20240214,13:58:59,2.7,400,10100
20240214,14:00:11,2.7,50,10100
20240214,14:00:16,2.75,50,10100
20240214,14:01:13,2.7,800,10100
20240214,14:01:22,2.65,1200,11100
20240214,14:01:29,2.65,150,11100
20240214,14:02:21,2.6,1050,11100
20240214,14:02:29,2.6,250,11100
20240214,14:02:45,2.6,250,11100
20240214,14:03:52,2.6,50,11100
20240214,14:04:11,2.6,700,11100
20240214,14:11:18,2.55,200,12300
20240214,14:18:07,2.65,250,12300
20240214,14:23:25,2.55,250,12300
20240214,14:28:13,2.55,550,12300
20240214,14:32:20,2.5,250,12250
20240214,14:32:29,2.5,350,12250
20240214,14:32:46,2.55,50,12250
20240214,14:34:02,2.4,250,12250
20240214,14:35:35,2.5,1800,12100
20240214,14:41:58,2.5,500,11350
20240214,14:42:07,2.5,400,11350
20240214,14:50:21,2.55,50,11300
20240214,14:52:22,2.55,200,11300
20240214,14:53:00,2.55,100,11100
20240214,14:56:59,2.55,1100,11000
20240214,15:01:57,2.4,250,10600
20240214,15:07:09,2.35,500,10400
20240214,15:07:42,2.35,50,10400
20240214,15:10:54,2.3,50,10450
20240214,15:15:20,2.25,400,10400
20240214,15:16:24,2.25,250,10400
20240214,15:17:59,2.2,100,10700
20240214,15:18:18,2.15,400,10700
20240214,15:18:34,2.15,200,10700
20240214,15:19:59,2.15,250,10900
20240214,15:20:30,2.15,100,10900
20240214,15:21:16,2.15,100,10900
20240214,15:21:54,2.15,4650,10900
20240214,15:22:02,2.35,400,10900
20240214,15:22:20,2.4,100,10900
20240214,15:22:27,2.5,1450,10900
20240214,15:22:34,2.5,100,15850
20240214,15:22:42,2.65,650,15850
20240214,15:23:06,2.5,50,15850
20240214,15:23:21,2.5,1050,15850
20240214,15:23:28,2.5,50,15850
20240214,15:23:36,2.5,50,15850
20240214,15:23:51,2.45,50,15850
20240214,15:23:58,2.45,650,15850
20240214,15:24:05,2.4,650,15850
20240214,15:24:28,2.45,50,15850
20240214,15:24:36,2.45,50,15850
20240214,15:24:45,2.45,50,15850
20240214,15:24:54,2.45,50,15850
20240214,15:25:43,2.45,200,14000
20240214,15:27:27,2.35,200,14000
20240214,15:27:34,2.3,250,14000
20240214,15:28:11,2.3,100,14000
20240214,15:28:19,2.2,1200,14000
20240214,15:28:26,2.25,50,14000
20240214,15:28:34,2.2,350,13000
20240214,15:28:41,2.15,500,13000
20240214,15:28:49,2.15,150,13000
20240214,15:29:04,2.05,900,13000
20240214,15:29:20,2.05,50,13000
20240214,15:29:35,2.05,550,13000
20240214,15:29:44,2.05,100,13000
20240215,09:15:06,2.8,1,13650
20240215,09:15:06,2.8,50,13650
20240215,09:15:17,2.05,50,13650
20240215,09:16:18,1.9,150,13750
20240215,09:16:28,2.2,200,13750
20240215,09:16:38,2.0,550,13750
20240215,09:16:47,2.1,200,13750
20240215,09:16:55,2.05,200,13750
20240215,09:17:03,1.7,550,13750
20240215,09:17:11,1.9,450,13750
20240215,09:17:19,1.95,600,13750
20240215,09:17:27,1.9,1050,13750
20240215,09:17:35,1.9,400,13750
20240215,09:18:19,1.85,650,13750
20240215,09:18:26,1.8,100,13750
20240215,09:18:34,1.8,850,14250
20240215,09:18:42,1.85,100,14250
20240215,09:18:57,1.85,150,14250
20240215,09:19:04,1.8,350,14250
20240215,09:19:12,1.85,250,14250
20240215,09:19:27,1.85,100,14250
20240215,09:19:35,1.85,250,14250
20240215,09:19:42,1.8,50,14250
20240215,09:20:05,1.85,300,14250
20240215,09:20:13,1.85,350,14250
20240215,09:20:40,1.8,250,14250
20240215,09:20:58,1.8,100,14250
20240215,09:21:06,1.8,50,14250
20240215,09:21:21,1.8,550,14250
20240215,09:21:34,1.75,50,14250
20240215,09:21:48,1.75,400,12850
20240215,09:22:50,1.6,200,12850
20240215,09:23:16,1.6,150,12850
20240215,09:23:23,1.6,100,12850
20240215,09:24:05,1.6,50,12850
20240215,09:24:19,1.65,50,12850
20240215,09:25:04,1.65,100,13100
20240215,09:25:41,1.7,400,13100
20240215,09:25:49,1.75,300,13100
20240215,09:25:56,1.75,700,13100
20240215,09:26:21,1.75,250,13100
20240215,09:26:27,1.75,50,13100
20240215,09:27:08,1.75,100,13100
20240215,09:27:14,1.75,200,13100
20240215,09:27:20,1.75,150,13100
20240215,09:27:41,1.7,1000,13200
20240215,09:28:24,1.8,2150,13200
20240215,09:28:29,1.8,500,13200
20240215,09:28:52,1.75,750,13200
20240215,09:30:12,1.75,100,13200
20240215,09:30:30,1.8,500,13200
20240215,09:30:51,1.8,300,14700
20240215,09:30:58,1.85,650,14700
20240215,09:31:28,1.85,250,14700
20240215,09:31:39,1.85,150,14700
20240215,09:31:44,1.85,100,14700
20240215,09:33:58,1.9,50,15900
20240215,09:35:32,1.8,600,15900
20240215,09:35:40,1.8,150,15900
20240215,09:35:47,1.75,100,15900
20240215,09:35:54,1.75,100,15900
20240215,09:36:00,1.75,100,15900
20240215,09:36:08,1.75,200,15900
20240215,09:36:15,1.75,150,15900
20240215,09:36:21,1.75,150,15900
20240215,09:36:28,1.75,100,15900
20240215,09:36:33,1.75,100,15900
20240215,09:36:39,1.75,50,15950
20240215,09:36:44,1.75,100,15950
20240215,09:37:01,1.75,50,15950
20240215,09:37:08,1.75,50,15950
20240215,09:37:14,1.75,50,15950
20240215,09:37:24,1.75,50,15950
20240215,09:37:30,1.75,50,15950
20240215,09:37:35,1.75,50,15950
20240215,09:37:41,1.75,50,15950
20240215,09:37:48,1.75,350,15950
20240215,09:37:54,1.75,50,15950
20240215,09:38:07,1.75,400,15950
20240215,09:38:28,1.8,50,15950
20240215,09:38:59,1.75,50,15950
20240215,09:39:06,1.75,250,15950
20240215,09:39:22,1.75,50,15950
20240215,09:39:30,1.75,250,15950
20240215,09:41:05,1.8,250,15900
20240215,09:44:13,1.85,150,16150
20240215,09:44:21,1.85,250,16150
20240215,09:46:00,1.85,200,15900
20240215,09:47:04,1.85,250,15900
20240215,09:47:30,1.9,50,15900
20240215,09:47:36,1.9,50,15900
20240215,09:49:03,1.85,50,15550
20240215,09:49:12,1.9,100,15550
20240215,09:51:45,1.9,450,15500
20240215,09:52:13,1.9,50,15500
20240215,09:55:11,1.85,50,15500
20240215,09:56:43,1.8,1200,15500
20240215,09:57:07,1.8,600,15500
20240215,09:59:10,1.8,2800,17300
20240215,09:59:50,1.75,2400,17300
20240215,09:59:57,1.75,3000,17300
20240215,10:00:19,1.75,200,17300
20240215,10:00:27,1.75,200,17300
20240215,10:00:33,1.75,400,17300
20240215,10:00:52,1.8,150,26250
20240215,10:01:11,1.75,1800,26250
20240215,10:01:17,1.75,2800,26250
20240215,10:01:32,1.75,1000,26250
20240215,10:02:30,1.7,600,26250
20240215,10:02:36,1.7,2200,26250
20240215,10:04:26,1.8,50,31800
20240215,10:05:41,1.8,1500,31800
20240215,10:05:49,1.8,50,31800
20240215,10:06:12,1.8,1500,31800
20240215,10:06:43,1.9,250,31800
20240215,10:07:04,1.9,100,31800
20240215,10:07:34,1.95,350,33250
20240215,10:07:43,1.95,100,33250
20240215,10:08:29,2.05,450,33250
20240215,10:08:48,2.0,1850,33250
20240215,10:08:53,2.05,450,33250
20240215,10:09:11,2.05,450,33250
20240215,10:09:18,2.05,100,33250
20240215,10:09:25,2.0,1950,33250
20240215,10:09:32,2.0,250,33250
20240215,10:09:39,1.95,250,33250
20240215,10:10:42,2.05,50,31900
20240215,10:10:50,1.9,1700,31900
20240215,10:10:59,1.9,950,31900
20240215,10:11:26,1.85,950,31900
20240215,10:11:48,1.9,50,31900
20240215,10:12:03,1.85,150,31900
20240215,10:12:17,1.9,50,31900
20240215,10:12:31,1.85,100,31900
20240215,10:13:07,1.9,100,30600
20240215,10:13:28,1.9,50,30600
20240215,10:14:06,1.85,450,30600
20240215,10:17:12,1.8,250,30700
20240215,10:17:40,1.8,1200,30700
20240215,10:17:55,1.8,1200,30700
20240215,10:18:01,1.8,600,30700
20240215,10:18:40,1.85,2150,30700
20240215,10:19:15,1.85,250,34400
20240215,10:20:19,1.85,200,34400
20240215,10:20:44,1.9,50,34400
20240215,10:22:48,1.8,50,34900
20240215,10:28:01,1.8,200,34900
20240215,10:33:49,1.8,250,34900
20240215,10:35:00,1.8,250,34900
20240215,10:35:28,1.8,50,34900
20240215,10:35:36,1.8,50,34900
20240215,10:36:50,1.8,50,34900
20240215,10:36:59,1.8,250,35550
20240215,10:37:59,1.8,50,35550
20240215,10:40:59,1.8,250,35850
20240215,10:42:45,1.8,50,35850
20240215,10:45:37,1.8,200,36150
20240215,10:45:54,1.8,250,36150
20240215,10:46:02,1.8,50,36150
20240215,10:47:18,1.85,1450,36150
20240215,10:49:50,1.85,1750,35250
20240215,10:49:58,1.85,50,35250
20240215,10:51:02,1.85,2900,35250
20240215,10:51:10,1.85,50,35250
20240215,10:51:48,1.8,50,34450
20240215,10:54:46,1.8,50,34450
20240215,10:55:42,1.8,500,34450
20240215,11:04:42,1.8,250,34450
20240215,11:06:37,1.8,7500,34450
20240215,11:07:35,1.85,450,42200
20240215,11:11:50,1.85,150,42050
20240215,11:12:05,1.85,250,42050
20240215,11:12:53,1.85,250,42050
20240215,11:16:05,1.85,50,42600
20240215,11:17:14,1.85,1500,42600
20240215,11:17:20,1.85,50,42600
20240215,11:19:56,1.85,250,44150
20240215,11:21:24,1.85,700,44150
20240215,11:33:07,1.85,100,43700
20240215,11:34:38,1.85,150,43700
20240215,11:38:27,1.85,1550,43700
20240215,11:44:15,1.85,50,42200
20240215,11:45:12,1.85,50,42200
20240215,11:46:41,1.8,200,42200
20240215,11:47:24,1.8,5400,42200
20240215,11:48:48,1.8,50,42200
20240215,11:48:56,1.8,1200,42200
20240215,11:49:05,1.85,5000,42200
20240215,11:49:32,1.8,1600,42200
20240215,11:52:40,1.8,600,45350
20240215,11:52:48,1.8,650,45350
20240215,11:57:03,1.75,50,45400
20240215,11:57:47,1.75,450,45400
20240215,12:01:46,1.75,50,45150
20240215,12:03:21,1.8,4400,45150
20240215,12:03:28,1.8,850,45150
20240215,12:04:11,1.8,250,48100
20240215,12:06:51,1.8,50,48100
20240215,12:10:16,1.8,250,48350
20240215,12:10:42,1.8,500,48350
20240215,12:14:44,1.8,2500,49100
20240215,12:15:54,1.85,250,49100
20240215,12:16:47,1.85,50,51850
20240215,12:30:17,1.85,50,51900
20240215,12:31:21,1.85,100,51900
20240215,12:32:45,1.85,350,51900
20240215,12:33:06,1.85,350,51900
20240215,12:33:18,1.85,250,51900
20240215,12:33:43,1.85,250,51900
20240215,12:37:48,1.85,400,51900
20240215,12:43:32,1.9,550,51900
20240215,12:43:40,1.9,100,51900
20240215,12:44:49,1.85,100,51900
20240215,12:44:56,1.9,50,51900
20240215,12:46:22,1.9,50,52400
20240215,12:49:02,1.85,50,52400
20240215,12:58:04,1.9,50,52400
20240215,12:59:38,1.85,150,52400
20240215,13:00:43,1.9,250,52400
20240215,13:01:18,1.8,1800,52400
20240215,13:01:47,1.8,400,52000
20240215,13:01:52,1.8,850,52000
20240215,13:02:05,1.8,200,52000
20240215,13:02:11,1.8,100,52000
20240215,13:02:18,1.8,200,52000
20240215,13:02:34,1.8,200,52000
20240215,13:02:52,1.75,50,52000
20240215,13:04:27,1.75,100,54650
20240215,13:04:36,1.8,100,54650
20240215,13:05:04,1.8,250,54650
20240215,13:05:25,1.8,500,54650
20240215,13:05:50,1.75,100,54650
20240215,13:06:40,1.75,250,54650
20240215,13:07:02,1.75,150,54650
20240215,13:08:11,1.8,50,54750
20240215,13:08:34,1.75,50,54750
20240215,13:09:21,1.75,50,54750
20240215,13:09:27,1.8,100,54750
20240215,13:09:31,1.8,50,54750
20240215,13:10:20,1.75,50,55000
20240215,13:10:26,1.75,300,55000
20240215,13:10:56,1.75,600,55000
20240215,13:15:53,1.7,1800,55950
20240215,13:16:38,1.75,850,57750
20240215,13:21:18,1.7,600,58050
20240215,13:21:37,1.75,50,58050
20240215,13:21:49,1.75,50,58050
20240215,13:22:08,1.7,650,58050
20240215,13:22:20,1.7,200,57200
20240215,13:23:14,1.7,900,57200
20240215,13:23:27,1.7,1550,57200
20240215,13:23:42,1.75,1900,57200
20240215,13:23:56,1.7,50,57200
20240215,13:28:02,1.75,750,54800
20240215,13:30:55,1.75,800,54800
20240215,13:33:55,1.75,50,55600
20240215,13:34:12,1.8,150,55600
20240215,13:34:46,1.8,250,55700
20240215,13:36:57,1.75,100,55700
20240215,13:38:40,1.8,300,55600
20240215,13:40:57,1.85,2050,55300
20240215,13:41:08,1.85,750,55300
20240215,13:42:01,1.9,10500,55300
20240215,13:42:12,1.9,450,55300
20240215,13:42:22,1.9,1800,55300
20240215,13:42:43,1.9,2000,55300
20240215,13:43:41,1.9,450,62350
20240215,13:43:50,1.9,100,62350
20240215,13:46:18,1.95,650,62350
20240215,13:46:35,1.95,150,62400
20240215,13:48:04,1.95,50,62400
20240215,13:50:16,2.0,1800,62400
20240215,13:50:31,2.0,1400,62400
20240215,13:50:38,2.0,50,62400
20240215,13:50:45,2.0,1000,62400
20240215,13:50:51,2.0,50,62400
20240215,13:51:20,2.05,9950,62400
20240215,13:51:29,2.0,2500,62400
20240215,13:51:38,2.0,300,62400
20240215,13:51:52,2.0,100,62400
20240215,13:51:58,2.0,800,62400
20240215,13:52:05,2.0,200,62400
20240215,13:52:12,2.0,250,62400
20240215,13:52:32,2.0,400,65700
20240215,13:52:40,2.0,250,65700
20240215,13:53:29,2.0,200,65700
20240215,13:53:44,2.05,200,65700
20240215,13:53:58,2.1,100,65700
20240215,13:55:03,1.95,500,65700
20240215,13:55:30,1.9,350,66300
20240215,13:55:54,1.95,1500,66300
20240215,13:56:03,1.95,1150,66300
20240215,13:56:42,1.95,350,66300
20240215,13:57:12,1.95,50,66300
20240215,13:57:31,1.95,50,66300
20240215,13:58:46,2.05,1200,66800
20240215,13:59:15,2.0,200,66800
20240215,14:01:07,1.95,1350,66800
20240215,14:03:10,1.95,50,67650
20240215,14:05:07,2.0,2800,67650
20240215,14:05:18,1.95,650,67650
20240215,14:05:29,1.95,650,67650
20240215,14:05:39,1.95,50,67650
20240215,14:06:07,1.95,3450,67650
20240215,14:06:16,1.95,1600,67650
20240215,14:06:42,1.95,2550,67650
20240215,14:07:30,1.95,50,72250
20240215,14:07:38,1.95,50,72250
20240215,14:08:49,2.0,3900,72250
20240215,14:09:39,2.0,1050,72250
20240215,14:09:45,2.0,600,72250
20240215,14:10:31,2.0,300,74050
20240215,14:11:34,2.05,200,74050
20240215,14:12:56,2.0,500,74050
20240215,14:13:32,2.0,150,73900
20240215,14:15:00,1.95,450,73900
20240215,14:15:10,1.95,350,73900
20240215,14:16:11,1.9,50,73900
20240215,14:16:19,1.85,50,73900
20240215,14:16:44,1.85,1300,74200
20240215,14:17:23,1.85,100,74200
20240215,14:18:01,1.9,1800,74200
20240215,14:18:32,1.9,850,74200
20240215,14:18:41,1.85,50,74200
20240215,14:20:43,1.9,300,77100
20240215,14:22:24,1.9,850,77200
20240215,14:22:40,1.9,1650,77200
20240215,14:23:37,2.0,550,77200
20240215,14:24:28,1.85,150,77200
20240215,14:24:38,1.9,150,77200
20240215,14:24:49,1.9,50,77200
20240215,14:25:20,1.8,300,77200
20240215,14:26:20,1.85,50,78750
20240215,14:27:37,1.85,100,78750
20240215,14:27:46,1.85,250,78750
20240215,14:28:02,1.85,600,78750
20240215,14:28:10,1.9,100,78750
20240215,14:28:35,1.85,100,79300
20240215,14:28:50,1.85,2800,79300
20240215,14:28:58,1.8,200,79300
20240215,14:29:06,1.8,50,79300
20240215,14:29:14,1.75,5250,79300
20240215,14:29:21,1.8,700,79300
20240215,14:29:27,1.8,900,79300
20240215,14:29:35,1.8,1800,79300
20240215,14:29:57,1.8,1800,79300
20240215,14:31:22,1.75,950,79300
20240215,14:32:13,1.75,850,85450
20240215,14:32:35,1.75,1900,85450
20240215,14:32:43,1.7,900,85450
20240215,14:32:53,1.75,50,85450
20240215,14:33:00,1.7,5550,85450
20240215,14:33:08,1.7,2050,85450
20240215,14:33:37,1.7,1250,85450
20240215,14:33:56,1.7,100,85450
20240215,14:34:03,1.7,1800,85450
20240215,14:34:10,1.7,1800,85450
20240215,14:34:37,1.7,250,97750
20240215,14:34:57,1.65,800,97750
20240215,14:35:16,1.7,16150,97750
20240215,14:35:23,1.75,950,97750
20240215,14:35:36,1.75,500,97750
20240215,14:35:57,1.7,200,97750
20240215,14:36:04,1.75,11900,97750
20240215,14:36:24,1.7,300,97750
20240215,14:36:30,1.7,50,97750
20240215,14:37:49,1.75,1800,125300
20240215,14:38:49,1.75,50,125300
20240215,14:39:17,1.75,100,125300
20240215,14:39:32,1.75,50,125300
20240215,14:39:42,1.75,1000,125300
20240215,14:39:49,1.75,3600,125300
20240215,14:39:56,1.75,7700,125300
20240215,14:41:02,1.75,850,138050
20240215,14:42:37,1.75,50,138050
20240215,14:43:35,1.8,100,138850
20240215,14:43:56,1.8,200,138850
20240215,14:44:23,1.8,3300,138850
20240215,14:44:30,1.8,100,138850
20240215,14:45:04,1.75,100,138850
20240215,14:45:39,1.75,50,138850
20240215,14:49:20,1.75,100,139650
20240215,14:50:36,1.75,50,139650
20240215,14:51:07,1.8,200,139650
20240215,14:51:15,1.8,1700,139650
20240215,14:51:24,1.8,3200,139650
20240215,14:51:32,1.8,1200,139650
20240215,14:51:47,1.8,600,139650
20240215,14:52:05,1.8,250,139650
20240215,14:52:24,1.8,3050,139650
20240215,14:52:35,1.8,300,144800
20240215,14:52:45,1.8,2000,144800
20240215,14:53:03,1.85,300,144800
20240215,14:54:07,1.9,1000,144800
20240215,14:54:14,1.9,50,144800
20240215,14:54:34,1.9,1100,144800
20240215,14:54:41,1.9,650,144800
20240215,14:54:55,1.85,3850,144800
20240215,14:55:02,1.85,500,144800
20240215,14:56:23,1.8,1850,145100
20240215,14:58:09,1.8,2150,145100
20240215,14:59:21,1.85,100,145100
20240215,15:00:19,1.85,250,145100
20240215,15:00:32,1.8,100,145100
20240215,15:00:40,1.85,500,145100
20240215,15:01:08,1.85,250,145100
20240215,15:01:52,1.8,50,144300
20240215,15:02:01,1.8,100,144300
20240215,15:02:10,1.8,700,144300
20240215,15:02:18,1.8,1050,144300
20240215,15:02:26,1.8,400,144300
20240215,15:02:36,1.8,1800,144300
20240215,15:03:09,1.8,250,144300
20240215,15:03:16,1.8,200,144300
20240215,15:03:24,1.8,50,144300
20240215,15:03:48,1.75,400,144300
20240215,15:03:57,1.75,300,144300
20240215,15:04:23,1.75,450,144300
20240215,15:04:48,1.75,350,144450
20240215,15:04:56,1.75,1650,144450
20240215,15:05:26,1.75,200,144450
20240215,15:06:13,1.75,1950,144450
20240215,15:07:41,1.7,200,147300
20240215,15:07:54,1.75,500,147300
20240215,15:08:39,1.7,450,147300
20240215,15:09:10,1.7,200,147300
20240215,15:09:34,1.7,9100,147300
20240215,15:10:11,1.7,550,147300
20240215,15:10:23,1.7,950,147300
20240215,15:10:48,1.75,800,157500
20240215,15:10:59,1.75,600,157500
20240215,15:11:06,1.75,850,157500
20240215,15:11:12,1.75,150,157500
20240215,15:11:18,1.75,2050,157500
20240215,15:11:50,1.75,150,157500
20240215,15:12:28,1.75,950,157500
20240215,15:12:41,1.75,250,157500
20240215,15:13:04,1.75,50,157500
20240215,15:13:16,1.8,2000,157500
20240215,15:13:29,1.75,950,157500
20240215,15:13:41,1.75,1500,162800
20240215,15:13:54,1.75,1150,162800
20240215,15:14:15,1.75,600,162800
20240215,15:14:22,1.75,150,162800
20240215,15:14:30,1.75,50,162800
20240215,15:14:37,1.75,1400,162800
20240215,15:14:45,1.8,4900,162800
20240215,15:14:59,1.8,3600,162800
20240215,15:15:06,1.75,5350,162800
20240215,15:15:14,1.8,4600,162800
20240215,15:15:21,1.8,100,162800
20240215,15:15:28,1.8,150,162800
20240215,15:15:36,1.85,2400,162800
20240215,15:15:43,1.85,1200,162800
20240215,15:15:50,1.85,5450,162800
20240215,15:15:57,1.85,3300,162800
20240215,15:16:04,1.85,2200,162800
20240215,15:16:11,1.8,1850,162800
20240215,15:16:18,1.8,200,162800
20240215,15:16:32,1.8,600,183800
20240215,15:16:54,1.8,1200,183800
20240215,15:17:55,1.8,100,183800
20240215,15:19:08,1.75,50,183800
20240215,15:19:42,1.75,250,183750
20240215,15:19:49,1.8,3800,183750
20240215,15:19:56,1.8,800,183750
20240215,15:20:02,1.75,750,183750
20240215,15:20:15,1.8,1900,183750
20240215,15:20:21,1.85,1150,183750
20240215,15:20:27,1.8,2050,183750
20240215,15:21:45,1.8,50,183750
20240215,15:21:52,1.75,50,183750
20240215,15:22:05,1.75,1550,183750
20240215,15:22:13,1.75,950,183750
20240215,15:22:35,1.75,800,188800
20240215,15:22:43,1.75,500,188800
20240215,15:22:51,1.8,250,188800
20240215,15:23:06,1.75,1750,188800
20240215,15:23:13,1.75,1200,188800
20240215,15:23:26,1.75,2050,188800
20240215,15:23:32,1.75,500,188800
20240215,15:23:40,1.75,250,188800
20240215,15:23:48,1.7,900,188800
20240215,15:23:57,1.7,700,188800
20240215,15:24:05,1.7,500,188800
20240215,15:24:13,1.7,300,188800
20240215,15:24:21,1.75,1000,188800
20240215,15:24:29,1.75,1400,188800
20240215,15:24:36,1.75,6400,188800
20240215,15:24:43,1.75,1850,188800
20240215,15:24:58,1.75,3000,188800
20240215,15:25:05,1.8,250,188800
20240215,15:25:47,1.75,50,198350
20240215,15:25:54,1.75,50,198350
20240215,15:26:08,1.75,3400,198350
20240215,15:26:15,1.75,500,198350
20240215,15:26:30,1.75,4000,198350
20240215,15:26:37,1.75,5650,198350
20240215,15:26:45,1.8,1150,198350
20240215,15:26:53,1.75,7250,198350
20240215,15:26:59,1.75,600,198350
20240215,15:27:06,1.75,4850,198350
20240215,15:27:12,1.75,550,198350
20240215,15:27:18,1.75,1350,198350
20240215,15:27:35,1.75,750,198350
20240215,15:27:42,1.8,4250,198350
20240215,15:27:58,1.8,200,198350
20240215,15:28:14,1.75,800,198350
20240215,15:28:21,1.75,100,198350
20240215,15:28:30,1.75,300,198350
20240215,15:28:39,1.75,100,223050
20240215,15:28:53,1.7,4900,223050
20240215,15:29:00,1.75,100,223050
20240215,15:29:08,1.75,300,223050
20240215,15:29:15,1.75,250,223050
20240215,15:29:22,1.75,100,223050
20240215,15:29:36,1.7,500,223050
20240215,15:29:44,1.7,350,223050
20240215,15:29:53,1.75,3350,223050
20240215,15:30:02,1.7,1100,223050
20240216,09:15:01,1.75,1,225200
20240216,09:15:01,1.75,50,225200
20240216,09:15:02,1.8,100,225200
20240216,09:15:04,1.8,500,225200
20240216,09:15:05,1.85,650,225200
20240216,09:15:06,1.5,4450,225200
20240216,09:15:07,1.55,4500,225200
20240216,09:15:08,1.65,1050,225200
20240216,09:15:09,1.6,800,225200
20240216,09:15:10,1.55,1800,225200
20240216,09:15:11,1.55,500,225200
20240216,09:15:13,1.45,500,225200
20240216,09:15:14,1.45,1000,225200
20240216,09:15:15,1.45,2500,225200
20240216,09:15:18,1.45,650,225200
20240216,09:15:19,1.5,500,225200
20240216,09:15:21,1.5,500,225200
20240216,09:15:22,1.5,50,225200
20240216,09:15:24,1.5,250,225200
20240216,09:15:29,1.55,50,227100
20240216,09:15:31,1.5,50,227100
20240216,09:15:36,1.5,50,227100
20240216,09:15:49,1.55,200,227100
20240216,09:15:50,1.5,1250,227100
20240216,09:16:00,1.55,50,227100
20240216,09:16:08,1.5,150,227100
20240216,09:16:09,1.55,1600,227100
20240216,09:16:10,1.55,700,227100
20240216,09:16:12,1.55,300,227100
20240216,09:16:13,1.6,100,227100
20240216,09:16:15,1.6,1200,227100
20240216,09:16:21,1.55,1150,227100
20240216,09:16:27,1.6,250,227100
20240216,09:16:28,1.6,300,227100
20240216,09:16:33,1.55,100,227100
20240216,09:16:34,1.55,300,227100
20240216,09:16:36,1.55,800,227100
20240216,09:16:37,1.55,250,227100
20240216,09:16:38,1.55,1200,227100
20240216,09:16:40,1.5,200,227100
20240216,09:16:43,1.5,50,227100
20240216,09:16:44,1.55,300,227100
20240216,09:16:45,1.5,800,227100
20240216,09:16:53,1.5,1000,227100
20240216,09:16:57,1.5,1000,227100
20240216,09:17:00,1.5,1450,227100
20240216,09:17:01,1.5,300,227100
20240216,09:17:09,1.55,50,227100
20240216,09:17:11,1.55,200,227100
20240216,09:17:13,1.55,1500,227100
20240216,09:17:15,1.55,300,227100
20240216,09:17:17,1.55,450,227100
20240216,09:17:17,1.5,150,227100
20240216,09:17:19,1.55,300,227100
20240216,09:17:21,1.5,1000,227100
20240216,09:17:23,1.55,450,227100
20240216,09:17:23,1.5,1200,227100
20240216,09:17:31,1.55,1250,227100
20240216,09:17:43,1.5,1800,227100
20240216,09:17:46,1.55,450,227100
20240216,09:17:47,1.5,150,227100
20240216,09:17:48,1.5,1500,227100
20240216,09:17:58,1.55,500,227100
20240216,09:18:05,1.5,250,227100
20240216,09:18:20,1.5,900,227100
20240216,09:18:21,1.55,450,227100
20240216,09:18:24,1.55,1050,227100
20240216,09:18:28,1.55,100,232200
20240216,09:18:42,1.5,500,232200
20240216,09:18:50,1.5,1800,232200
20240216,09:18:57,1.5,2500,232200
20240216,09:18:58,1.5,1800,232200
20240216,09:19:02,1.55,1200,232200
20240216,09:19:03,1.55,1500,232200
20240216,09:19:10,1.55,700,232200
20240216,09:19:17,1.5,250,232200
20240216,09:19:24,1.5,1650,232200
20240216,09:19:24,1.55,500,232200
20240216,09:19:34,1.55,1500,232200
20240216,09:19:45,1.5,1000,232200
20240216,09:19:51,1.5,2500,232200
20240216,09:20:00,1.5,250,232200
20240216,09:20:09,1.5,250,232200
20240216,09:20:10,1.5,500,232200
20240216,09:20:11,1.55,50,232200
20240216,09:20:15,1.55,350,232200
20240216,09:20:19,1.55,500,232200
20240216,09:20:24,1.5,300,232200
20240216,09:20:28,1.5,5700,232200
20240216,09:20:30,1.5,2000,232200
20240216,09:20:42,1.5,550,232200
20240216,09:20:48,1.5,1800,232200
20240216,09:20:49,1.5,3650,232200
20240216,09:20:52,1.5,3550,232200
20240216,09:20:57,1.5,2000,232200
20240216,09:21:03,1.45,200,232200
20240216,09:21:04,1.45,50,232200
20240216,09:21:09,1.5,50,232200
20240216,09:21:28,1.5,50,244200
20240216,09:21:30,1.5,500,244200
20240216,09:21:38,1.5,1150,244200
20240216,09:22:00,1.5,50,244200
20240216,09:22:12,1.5,1800,244200
20240216,09:22:15,1.45,200,244200
20240216,09:22:16,1.45,550,244200
20240216,09:22:19,1.5,100,244200
20240216,09:22:20,1.5,2900,244200
20240216,09:22:21,1.5,1500,244200
20240216,09:22:22,1.5,200,244200
20240216,09:22:24,1.5,800,244200
20240216,09:22:39,1.5,250,244200
20240216,09:22:40,1.5,550,244200
20240216,09:22:49,1.5,50,244200
20240216,09:22:53,1.5,200,244200
20240216,09:23:00,1.55,50,244200
20240216,09:23:01,1.5,250,244200
20240216,09:23:09,1.5,10500,244200
20240216,09:23:16,1.5,2350,244200
20240216,09:23:17,1.5,3400,244200
20240216,09:23:32,1.5,50,244200
20240216,09:23:40,1.5,50,244200
20240216,09:23:45,1.5,4550,244200
20240216,09:24:24,1.45,250,244200
20240216,09:24:40,1.5,100,244200
20240216,09:24:52,1.5,50,249450
20240216,09:25:05,1.5,450,249450
20240216,09:25:07,1.5,900,249450
20240216,09:25:10,1.5,550,249450
20240216,09:25:17,1.5,550,249450
20240216,09:25:36,1.45,250,249450
20240216,09:25:37,1.45,500,249450
20240216,09:25:38,1.45,650,249450
20240216,09:25:40,1.45,2550,249450
20240216,09:25:41,1.45,1150,249450
20240216,09:25:42,1.45,500,249450
20240216,09:25:43,1.45,1550,249450
20240216,09:25:44,1.45,1350,249450
20240216,09:25:45,1.45,1400,249450
20240216,09:25:46,1.45,350,249450
20240216,09:25:48,1.45,200,249450
20240216,09:25:49,1.45,350,249450
20240216,09:25:50,1.45,1350,249450
20240216,09:25:51,1.45,250,249450
20240216,09:25:52,1.45,50,249450
20240216,09:25:53,1.45,1750,249450
20240216,09:25:54,1.45,1300,249450
20240216,09:25:55,1.45,1900,249450
20240216,09:25:56,1.45,550,249450
20240216,09:25:57,1.45,3400,249450
20240216,09:25:58,1.45,100,249450
20240216,09:26:16,1.45,200,249450
20240216,09:26:22,1.45,800,249450
20240216,09:26:23,1.45,1800,249450
20240216,09:26:24,1.45,50,249450
20240216,09:26:25,1.45,3700,249450
20240216,09:26:27,1.5,550,249450
20240216,09:26:29,1.5,100,249450
20240216,09:26:31,1.5,550,249450
20240216,09:26:33,1.5,50,249450
20240216,09:27:01,1.45,1500,249450
20240216,09:27:20,1.45,4700,249450
20240216,09:27:35,1.5,1800,246400
20240216,09:27:36,1.5,1800,246400
20240216,09:27:37,1.5,1800,246400
20240216,09:27:38,1.5,1800,246400
20240216,09:27:39,1.5,3600,246400
20240216,09:27:40,1.45,100,246400
20240216,09:27:49,1.5,1800,246400
20240216,09:27:50,1.5,1800,246400
20240216,09:28:04,1.45,1000,246400
20240216,09:28:05,1.45,1800,246400
20240216,09:28:06,1.45,3750,246400
20240216,09:28:15,1.4,1800,246400
20240216,09:28:16,1.4,1800,246400
20240216,09:28:17,1.4,1800,246400
20240216,09:28:18,1.4,1800,246400
20240216,09:28:21,1.4,1800,246400
20240216,09:28:22,1.4,1800,246400
20240216,09:28:23,1.4,1800,246400
20240216,09:28:30,1.4,50,246400
20240216,09:28:43,1.45,50,246400
20240216,09:28:47,1.4,2900,246400
20240216,09:28:50,1.4,100,246400
20240216,09:28:58,1.4,50,246400
20240216,09:29:09,1.45,1000,246400
20240216,09:29:11,1.45,550,246400
20240216,09:29:13,1.45,800,246400
20240216,09:29:19,1.45,550,246400
20240216,09:29:21,1.45,900,246400
20240216,09:29:25,1.45,750,246400
20240216,09:29:27,1.45,550,246400
20240216,09:29:28,1.45,1800,246400
20240216,09:29:29,1.4,6000,246400
20240216,09:29:34,1.45,1850,246400
20240216,09:29:34,1.45,50,246400
20240216,09:29:36,1.45,1800,246400
20240216,09:29:37,1.45,1800,246400
20240216,09:29:38,1.45,2050,246400
20240216,09:29:44,1.45,100,246400
20240216,09:29:59,1.45,250,246400
20240216,09:30:24,1.45,300,246400
20240216,09:30:26,1.45,1000,246400
20240216,09:30:37,1.45,5300,246400
20240216,09:30:38,1.45,4550,257950
20240216,09:30:41,1.45,250,257950
20240216,09:30:43,1.45,400,257950
20240216,09:30:51,1.45,2900,257950
20240216,09:30:53,1.45,2250,257950
20240216,09:30:56,1.45,2050,257950
20240216,09:31:01,1.45,2300,257950
20240216,09:31:01,1.45,400,257950
20240216,09:31:25,1.45,2100,257950
20240216,09:31:29,1.45,100,257950
20240216,09:32:02,1.45,150,257950
20240216,09:32:07,1.4,800,257950
20240216,09:32:09,1.4,200,257950
20240216,09:32:10,1.4,550,257950
20240216,09:32:12,1.4,550,257950
20240216,09:32:14,1.4,550,257950
20240216,09:32:23,1.4,800,257950
20240216,09:32:28,1.4,950,257950
20240216,09:32:30,1.4,200,257950
20240216,09:32:32,1.4,850,257950
20240216,09:32:36,1.4,200,257950
20240216,09:32:40,1.4,100,257950
20240216,09:32:49,1.4,800,257950
20240216,09:33:17,1.4,50,257950
20240216,09:34:12,1.4,1800,257950
20240216,09:34:27,1.45,300,247950
20240216,09:35:01,1.4,50,247950
20240216,09:35:11,1.45,300,247950
20240216,09:35:21,1.45,150,247950
20240216,09:35:22,1.45,550,247950
20240216,09:35:34,1.4,50,247950
20240216,09:35:40,1.45,200,247950
20240216,09:35:42,1.45,550,247950
20240216,09:35:45,1.45,200,247950
20240216,09:35:47,1.45,900,247950
20240216,09:35:54,1.4,400,247950
20240216,09:35:55,1.45,200,247950
20240216,09:35:56,1.45,200,247950
20240216,09:35:59,1.45,3700,247950
20240216,09:36:00,1.45,1000,247950
20240216,09:36:01,1.45,1200,247950
20240216,09:36:02,1.45,150,247950
20240216,09:36:08,1.45,6650,247950
20240216,09:36:08,1.45,250,247950
20240216,09:36:10,1.45,2800,247950
20240216,09:36:57,1.4,200,249750
20240216,09:37:00,1.4,500,249750
20240216,09:37:26,1.45,50,249750
20240216,09:37:50,1.4,400,249750
20240216,09:37:58,1.4,1250,249750
20240216,09:37:59,1.4,950,249750
20240216,09:38:00,1.4,250,249750
20240216,09:38:01,1.4,500,249750
20240216,09:38:14,1.4,250,249750
20240216,09:38:15,1.4,100,249750
20240216,09:38:52,1.35,500,249750
20240216,09:39:28,1.35,1200,249750
20240216,09:39:35,1.35,50,248050
20240216,09:39:36,1.35,50,248050
20240216,09:39:37,1.35,50,248050
20240216,09:39:38,1.35,100,248050
20240216,09:39:39,1.35,100,248050
20240216,09:39:40,1.35,100,248050
20240216,09:39:41,1.35,50,248050
20240216,09:39:42,1.35,100,248050
20240216,09:39:43,1.35,100,248050
20240216,09:39:44,1.35,50,248050
20240216,09:39:45,1.35,300,248050
20240216,09:39:51,1.35,1950,248050
20240216,09:39:54,1.35,1050,248050
20240216,09:39:55,1.35,100,248050
20240216,09:39:56,1.35,300,248050
20240216,09:40:07,1.3,1800,248050
20240216,09:40:42,1.3,1800,248050
20240216,09:40:43,1.3,3050,248050
20240216,09:40:45,1.3,1800,248050
20240216,09:41:09,1.35,150,248050
20240216,09:41:44,1.35,200,248050
20240216,09:41:50,1.3,200,248050
20240216,09:41:53,1.3,850,248050
20240216,09:42:26,1.35,3000,248050
20240216,09:42:52,1.35,100,245150
20240216,09:43:05,1.3,200,245150
20240216,09:43:40,1.3,200,245150
20240216,09:44:02,1.3,850,245150
20240216,09:44:08,1.35,50,245150
20240216,09:44:28,1.3,200,245150
20240216,09:47:28,1.35,100,245200
20240216,09:47:48,1.3,1600,245200
20240216,09:47:49,1.3,14400,245200
20240216,09:47:50,1.35,450,245200
20240216,09:47:51,1.3,1150,245200
20240216,09:47:52,1.3,1300,245200
20240216,09:47:54,1.3,1850,245200
20240216,09:47:55,1.3,4300,245200
20240216,09:47:56,1.3,100,245200
20240216,09:47:57,1.3,4100,245200
20240216,09:47:59,1.25,150,245200
20240216,09:48:02,1.25,900,245200
20240216,09:48:08,1.3,600,245200
20240216,09:48:09,1.3,1400,245200
20240216,09:48:10,1.3,850,245200
20240216,09:48:12,1.3,1800,245200
20240216,09:48:56,1.25,50,226350
20240216,09:49:02,1.25,500,226350
20240216,09:49:10,1.25,5400,226350
20240216,09:49:25,1.25,250,226350
20240216,09:50:40,1.3,200,226350
20240216,09:51:26,1.25,850,226350
20240216,09:53:30,1.3,200,220150
20240216,09:54:39,1.3,50,220150
20240216,09:54:43,1.3,900,220150
20240216,09:54:53,1.25,200,220150
20240216,09:54:55,1.3,500,220150
20240216,09:55:10,1.3,500,220150
20240216,09:55:21,1.3,8900,220150
20240216,09:55:22,1.3,250,220150
20240216,09:55:24,1.3,250,220150
20240216,09:56:10,1.3,100,220150
20240216,09:56:23,1.35,50,220150
20240216,09:57:05,1.35,1150,220150
20240216,09:57:08,1.35,1900,220150
20240216,09:57:09,1.35,300,220150
20240216,09:57:11,1.35,250,220150
20240216,09:57:12,1.35,50,220150
20240216,09:57:30,1.35,1000,220150
20240216,09:58:04,1.35,50,220150
20240216,09:58:11,1.35,550,230450
20240216,09:58:20,1.35,550,230450
20240216,09:58:20,1.35,900,230450
20240216,09:58:22,1.4,1850,230450
20240216,09:58:23,1.4,1900,230450
20240216,09:58:25,1.35,550,230450
20240216,09:58:28,1.35,200,230450
20240216,09:58:30,1.35,850,230450
20240216,09:58:33,1.35,200,230450
20240216,09:58:34,1.35,800,230450
20240216,09:58:37,1.35,200,230450
20240216,09:58:38,1.35,200,230450
20240216,09:58:39,1.35,9000,230450
20240216,09:58:40,1.35,750,230450
20240216,09:58:42,1.3,50,230450
20240216,09:58:43,1.3,550,230450
20240216,09:58:44,1.35,950,230450
20240216,09:59:12,1.3,2400,230450
20240216,09:59:17,1.3,200,230450
20240216,09:59:18,1.3,900,230450
20240216,09:59:21,1.3,200,230450
20240216,09:59:23,1.3,200,230450
20240216,09:59:24,1.3,550,230450
20240216,09:59:28,1.3,900,230450
20240216,10:00:00,1.3,450,230450
20240216,10:01:05,1.35,50,225600
20240216,10:01:42,1.35,600,225600
20240216,10:02:48,1.35,550,225600
20240216,10:02:49,1.3,400,225600
20240216,10:05:05,1.35,1250,225600
20240216,10:05:31,1.3,200,225100
20240216,10:06:08,1.3,1800,225100
20240216,10:06:34,1.3,200,225100
20240216,10:06:44,1.35,1800,221850
20240216,10:06:47,1.35,13300,221850
20240216,10:06:51,1.3,2200,221850
20240216,10:06:54,1.3,800,221850
20240216,10:06:57,1.35,50,221850
20240216,10:07:00,1.35,1500,221850
20240216,10:07:02,1.3,3200,221850
20240216,10:07:03,1.3,15400,221850
20240216,10:07:23,1.3,400,221850
20240216,10:07:35,1.3,400,221850
20240216,10:07:40,1.35,150,221850
20240216,10:07:41,1.35,750,221850
20240216,10:07:41,1.35,350,221850
20240216,10:07:42,1.35,350,221850
20240216,10:07:45,1.35,1800,221850
20240216,10:07:46,1.3,1800,221850
20240216,10:07:47,1.35,2400,221850
20240216,10:07:54,1.35,450,221850
20240216,10:07:59,1.35,50,221850
20240216,10:08:01,1.4,50,221850
20240216,10:08:04,1.4,1800,221850
20240216,10:08:07,1.35,400,221850
20240216,10:08:09,1.4,1700,221850
20240216,10:08:18,1.35,50,221850
20240216,10:08:18,1.4,50,221850
20240216,10:08:22,1.35,1800,221850
20240216,10:08:43,1.4,300,221850
20240216,10:09:00,1.35,250,221850
20240216,10:09:28,1.4,200,221850
20240216,10:09:33,1.4,250,221850
20240216,10:09:50,1.4,9550,210650
20240216,10:09:51,1.4,1000,210650
20240216,10:10:08,1.4,50,210650
20240216,10:10:09,1.4,350,210650
20240216,10:10:13,1.4,700,210650
20240216,10:10:15,1.45,50,210650
20240216,10:10:31,1.4,300,210650
20240216,10:10:52,1.4,1400,210650
20240216,10:11:00,1.4,950,210650
20240216,10:12:18,1.4,450,210650
20240216,10:12:57,1.4,200,210650
20240216,10:13:14,1.4,250,202650
20240216,10:13:15,1.4,300,202650
20240216,10:13:16,1.4,2300,202650
20240216,10:13:17,1.4,1800,202650
20240216,10:13:18,1.4,700,202650
20240216,10:13:19,1.4,1500,202650
20240216,10:13:27,1.4,50,202650
20240216,10:14:04,1.4,450,202650
20240216,10:14:05,1.4,1800,202650
20240216,10:14:07,1.4,1500,202650
20240216,10:14:08,1.4,3050,202650
20240216,10:14:10,1.4,1000,202650
20240216,10:14:12,1.4,850,202650
20240216,10:14:20,1.4,50,202650
20240216,10:14:42,1.4,1800,202650
20240216,10:15:36,1.45,50,203400
20240216,10:15:37,1.4,4000,203400
20240216,10:16:26,1.45,50,203400
20240216,10:17:43,1.4,50,203400
20240216,10:18:15,1.45,400,203400
20240216,10:18:46,1.45,500,206100
20240216,10:19:10,1.45,50,206100
20240216,10:19:32,1.4,1800,206100
20240216,10:19:36,1.4,250,206100
20240216,10:20:43,1.4,1800,206100
20240216,10:20:44,1.4,1050,206100
20240216,10:20:47,1.4,1800,206100
20240216,10:20:50,1.4,5350,206100
20240216,10:21:24,1.35,1400,206100
20240216,10:21:26,1.4,100,206100
20240216,10:21:28,1.35,50,206100
20240216,10:21:34,1.4,50,206100
20240216,10:21:55,1.35,50,196500
20240216,10:26:00,1.4,150,196400
20240216,10:27:23,1.4,1050,196400
20240216,10:28:03,1.4,3200,196400
20240216,10:28:08,1.45,1800,197600
20240216,10:28:08,1.45,900,197600
20240216,10:32:19,1.4,950,197600
20240216,10:32:20,1.4,200,202050
20240216,10:33:16,1.4,150,202050
20240216,10:35:57,1.45,50,201350
20240216,10:39:16,1.4,250,201350
20240216,10:40:00,1.45,50,201400
20240216,10:41:14,1.4,350,201600
20240216,10:41:37,1.45,50,201600
20240216,10:41:38,1.45,50,201600
20240216,10:41:41,1.45,50,201600
20240216,10:41:43,1.45,50,201600
20240216,10:41:45,1.45,100,201600
20240216,10:41:46,1.45,50,201600
20240216,10:41:48,1.45,50,201600
20240216,10:42:46,1.45,50,201600
20240216,10:45:26,1.4,400,201700
20240216,10:45:47,1.4,150,201350
20240216,10:47:15,1.45,250,201350
20240216,10:47:47,1.4,50,201350
20240216,10:50:48,1.45,2550,201350
20240216,10:53:20,1.45,50,201150
20240216,10:53:56,1.4,750,199550
20240216,10:53:59,1.4,1800,199550
20240216,10:54:19,1.4,850,199550
20240216,10:55:08,1.45,100,199550
20240216,10:55:41,1.4,1800,197150
20240216,10:55:43,1.4,1800,197150
20240216,10:55:44,1.4,1800,197150
20240216,10:55:46,1.4,50,197150
20240216,10:55:47,1.4,1850,197150
20240216,10:55:52,1.4,50,197150
20240216,10:55:53,1.4,50,197150
20240216,10:55:55,1.4,50,197150
20240216,10:55:56,1.4,50,197150
20240216,10:55:59,1.4,50,197150
20240216,10:56:01,1.4,50,197150
20240216,10:56:15,1.4,1800,197150
20240216,10:56:35,1.4,600,197150
20240216,10:58:01,1.4,3600,188100
20240216,10:58:15,1.4,1800,188100
20240216,10:58:51,1.45,300,188100
20240216,11:00:33,1.4,1800,188100
20240216,11:00:36,1.4,1800,188100
20240216,11:00:37,1.35,4450,188100
20240216,11:00:38,1.4,1950,188100
20240216,11:00:40,1.45,50,188100
20240216,11:00:46,1.4,500,188100
20240216,11:00:52,1.4,1800,179150
20240216,11:00:53,1.4,3000,179150
20240216,11:01:39,1.35,200,179150
20240216,11:01:40,1.35,450,179150
20240216,11:01:41,1.4,100,179150
20240216,11:01:43,1.4,300,179150
20240216,11:01:48,1.4,250,179150
20240216,11:01:49,1.35,850,179150
20240216,11:01:50,1.4,100,179150
20240216,11:01:52,1.4,450,179150
20240216,11:02:17,1.4,100,179150
20240216,11:02:23,1.4,100,179150
20240216,11:02:25,1.4,100,179150
20240216,11:02:25,1.35,150,179150
20240216,11:02:26,1.4,100,179150
20240216,11:02:28,1.4,100,179150
20240216,11:02:29,1.4,100,179150
20240216,11:02:30,1.4,100,179150
20240216,11:02:34,1.4,100,179150
20240216,11:02:36,1.4,100,179150
20240216,11:02:38,1.4,450,179150
20240216,11:02:42,1.4,100,179150
20240216,11:02:43,1.35,1800,179150
20240216,11:02:44,1.4,100,179150
20240216,11:02:46,1.4,100,179150
20240216,11:02:48,1.4,450,179150
20240216,11:02:48,1.35,1800,179150
20240216,11:02:51,1.35,500,179150
20240216,11:02:54,1.4,450,179150
20240216,11:02:57,1.35,200,179150
20240216,11:02:58,1.35,50,179150
20240216,11:03:02,1.4,1500,179150
20240216,11:03:08,1.4,100,179150
20240216,11:03:09,1.4,300,179150
20240216,11:03:16,1.4,100,179150
20240216,11:03:21,1.4,100,179150
20240216,11:03:24,1.4,100,179150
20240216,11:03:26,1.35,1200,179150
20240216,11:03:41,1.35,100,177250
20240216,11:03:47,1.4,100,177250
20240216,11:03:50,1.4,450,177250
20240216,11:04:17,1.35,100,177250
20240216,11:04:31,1.35,150,177250
20240216,11:04:34,1.4,100,177250
20240216,11:04:46,1.35,1000,177250
20240216,11:04:48,1.35,50,177250
20240216,11:04:49,1.35,200,177250
20240216,11:04:58,1.35,350,177250
20240216,11:05:00,1.35,500,177250
20240216,11:05:01,1.35,200,177250
20240216,11:05:02,1.35,50,177250
20240216,11:05:14,1.35,50,177250
20240216,11:05:44,1.35,100,177250
20240216,11:06:01,1.3,50,177250
20240216,11:06:11,1.35,250,177250
20240216,11:06:14,1.35,1500,177250
20240216,11:06:15,1.35,1550,177250
20240216,11:06:22,1.35,200,177250
20240216,11:06:34,1.35,1900,177250
20240216,11:06:35,1.35,550,177250
20240216,11:06:36,1.3,5400,177250
20240216,11:06:37,1.3,400,177250
20240216,11:08:04,1.35,250,176050
20240216,11:08:17,1.35,250,176050
20240216,11:08:22,1.35,100,176050
20240216,11:08:25,1.35,4800,176050
20240216,11:08:26,1.35,1200,176050
20240216,11:08:27,1.35,250,176050
20240216,11:09:15,1.35,50,176050
20240216,11:10:28,1.35,7350,175600
20240216,11:10:28,1.35,500,175600
20240216,11:10:29,1.35,2250,175600
20240216,11:11:42,1.35,100,175600
20240216,11:12:08,1.35,50,175600
20240216,11:12:35,1.35,50,175600
20240216,11:12:44,1.35,300,175600
20240216,11:13:56,1.4,300,175450
20240216,11:14:03,1.4,450,175450
20240216,11:15:31,1.3,3350,175450
20240216,11:16:04,1.35,300,175450
20240216,11:16:12,1.35,100,174650
20240216,11:16:14,1.35,100,174650
20240216,11:16:15,1.35,300,174650
20240216,11:16:34,1.3,300,174650
20240216,11:16:38,1.3,50,174650
20240216,11:16:52,1.3,1800,174650
20240216,11:16:57,1.3,100,174650
20240216,11:17:00,1.3,1800,174650
20240216,11:18:07,1.3,400,174650
20240216,11:21:21,1.35,400,174650
20240216,11:23:12,1.35,1800,173750
20240216,11:23:13,1.35,1800,173750
20240216,11:23:14,1.35,1800,173750
20240216,11:23:16,1.35,600,173750
20240216,11:23:36,1.35,50,173750
20240216,11:24:54,1.3,250,169150
20240216,11:25:31,1.3,150,169150
20240216,11:26:08,1.3,600,169150
20240216,11:26:09,1.3,500,169150
20240216,11:26:41,1.3,50,169150
20240216,11:28:09,1.3,200,170050
20240216,11:28:22,1.3,200,170050
20240216,11:28:25,1.35,700,170050
20240216,11:29:22,1.3,100,170050
20240216,11:29:30,1.3,550,170050
20240216,11:30:53,1.3,200,170050
20240216,11:31:11,1.35,50,170050
20240216,11:31:15,1.3,550,170050
20240216,11:31:22,1.3,200,170050
20240216,11:31:23,1.3,200,170050
20240216,11:31:25,1.3,800,170050
20240216,11:31:28,1.3,200,170050
20240216,11:31:40,1.3,200,170050
20240216,11:31:54,1.3,50,170050
20240216,11:32:04,1.3,850,170050
20240216,11:32:13,1.3,200,170050
20240216,11:32:14,1.3,200,170050
20240216,11:32:15,1.3,550,170050
20240216,11:32:30,1.3,200,170050
20240216,11:32:36,1.3,800,170050
20240216,11:35:59,1.35,50,167250
20240216,11:37:12,1.3,50,167250
20240216,11:37:14,1.35,450,167250
20240216,11:37:46,1.35,100,167250
20240216,11:37:48,1.35,550,167250
20240216,11:37:50,1.35,100,167250
20240216,11:37:52,1.35,450,167250
20240216,11:38:05,1.35,100,167250
20240216,11:38:09,1.35,300,167250
20240216,11:39:03,1.35,350,167250
20240216,11:39:04,1.35,100,167250
20240216,11:39:06,1.35,300,167250
20240216,11:39:12,1.35,300,167250
20240216,11:39:22,1.35,600,167250
20240216,11:39:44,1.35,450,167250
20240216,11:40:02,1.35,800,167250
20240216,11:40:05,1.35,200,167200
20240216,11:40:29,1.3,1800,167200
20240216,11:40:31,1.3,1800,167200
20240216,11:40:32,1.3,1800,167200
20240216,11:40:49,1.35,4000,167200
20240216,11:40:51,1.35,1750,167200
20240216,11:42:09,1.35,200,167200
20240216,11:42:21,1.35,200,167200
20240216,11:42:23,1.35,200,167200
20240216,11:42:27,1.35,200,167200
20240216,11:42:50,1.35,550,167200
20240216,11:43:00,1.35,550,162050
20240216,11:43:02,1.35,200,162050
20240216,11:43:03,1.35,800,162050
20240216,11:43:05,1.3,600,162050
20240216,11:43:06,1.35,950,162050
20240216,11:43:08,1.3,250,162050
20240216,11:43:14,1.35,900,162050
20240216,11:43:24,1.35,200,162050
20240216,11:43:25,1.35,550,162050
20240216,11:43:55,1.35,50,162050
20240216,11:44:31,1.3,750,162050
20240216,11:51:38,1.35,3450,162050
20240216,11:51:43,1.35,1000,161450
20240216,11:53:10,1.3,1800,161850
20240216,11:53:42,1.3,1200,161850
20240216,11:54:47,1.3,400,161850
20240216,11:55:48,1.3,100,158450
20240216,11:55:52,1.35,100,158450
20240216,11:56:23,1.3,100,158450
20240216,11:57:29,1.3,200,158450
20240216,11:57:41,1.3,100,158450
20240216,11:58:02,1.3,100,158450
20240216,12:00:00,1.3,300,158450
20240216,12:01:14,1.3,100,158150
20240216,12:02:18,1.35,2000,158150
20240216,12:03:03,1.35,50,158150
20240216,12:03:04,1.3,50,158150
20240216,12:03:41,1.35,650,158150
20240216,12:03:57,1.35,50,159850
20240216,12:03:59,1.35,200,159850
20240216,12:04:45,1.3,50,159850
20240216,12:06:05,1.3,50,159850
20240216,12:09:04,1.3,800,159850
20240216,12:09:06,1.3,550,159750
20240216,12:09:08,1.3,800,159750
20240216,12:09:11,1.3,200,159750
20240216,12:09:32,1.35,100,159750
20240216,12:09:57,1.3,600,159750
20240216,12:10:06,1.35,100,157400
20240216,12:10:33,1.35,50,157400
20240216,12:11:14,1.35,50,157400
20240216,12:11:42,1.3,200,157400
20240216,12:12:03,1.3,1000,157400
20240216,12:12:04,1.35,50,157400
20240216,12:12:12,1.3,200,157400
20240216,12:13:00,1.35,500,157400
20240216,12:13:03,1.3,200,156200
20240216,12:13:04,1.3,200,156200
20240216,12:13:09,1.3,200,156200
20240216,12:13:11,1.3,200,156200
20240216,12:13:13,1.3,950,156200
20240216,12:13:17,1.3,950,156200
20240216,12:13:30,1.3,550,156200
20240216,12:13:59,1.3,2200,156200
20240216,12:14:05,1.3,250,156200
20240216,12:15:04,1.3,200,156200
20240216,12:17:25,1.35,300,156200
20240216,12:17:48,1.3,50,151650
20240216,12:18:19,1.3,400,151650
20240216,12:19:36,1.35,300,151650
20240216,12:19:43,1.35,100,151650
20240216,12:19:45,1.35,100,151650
20240216,12:19:46,1.35,450,151650
20240216,12:20:04,1.35,200,151650
20240216,12:20:05,1.3,200,151650
20240216,12:20:07,1.3,1800,151650
20240216,12:20:11,1.35,200,151650
20240216,12:20:13,1.35,200,151650
20240216,12:20:16,1.3,2200,151650
20240216,12:20:21,1.35,550,151650
20240216,12:20:32,1.3,100,151650
20240216,12:20:33,1.35,550,151650
20240216,12:20:44,1.35,200,151650
20240216,12:20:50,1.35,200,151650
20240216,12:20:52,1.35,200,151650
20240216,12:20:55,1.3,400,151650
20240216,12:21:10,1.35,550,151650
20240216,12:21:11,1.3,5100,151650
20240216,12:21:12,1.3,1150,151650
20240216,12:21:13,1.35,950,151650
20240216,12:21:14,1.3,600,151650
20240216,12:21:18,1.3,100,151650
20240216,12:21:27,1.35,200,151650
20240216,12:21:32,1.3,50,151650
20240216,12:21:35,1.35,550,151650
20240216,12:21:41,1.3,900,151650
20240216,12:22:03,1.3,1200,151650
20240216,12:22:06,1.3,900,153000
20240216,12:22:43,1.3,500,153000
20240216,12:22:56,1.3,3300,153000
20240216,12:22:57,1.3,200,153000
20240216,12:23:03,1.3,1800,153000
20240216,12:23:10,1.3,50,153000
20240216,12:23:11,1.3,1800,153000
20240216,12:23:12,1.3,500,153000
20240216,12:23:13,1.3,250,153000
20240216,12:23:14,1.3,900,153000
20240216,12:23:20,1.3,250,153000
20240216,12:23:45,1.3,1000,153000
20240216,12:23:48,1.3,50,153000
20240216,12:24:11,1.3,50,153000
20240216,12:24:17,1.35,350,153000
20240216,12:25:15,1.35,50,152550
20240216,12:26:07,1.3,500,152550
20240216,12:26:17,1.3,300,152550
20240216,12:26:52,1.3,1850,152550
20240216,12:27:27,1.3,2900,152550
20240216,12:28:05,1.3,1850,152550
20240216,12:28:05,1.3,5400,152500
20240216,12:28:06,1.3,1800,152500
20240216,12:28:13,1.3,1650,152500
20240216,12:28:37,1.3,100,152500
20240216,12:29:06,1.3,1500,152500
20240216,12:30:12,1.25,700,152500
20240216,12:31:01,1.3,1500,145350
20240216,12:31:09,1.25,500,145350
20240216,12:32:09,1.25,250,145350
20240216,12:32:58,1.25,4100,145350
20240216,12:33:08,1.25,50,145350
20240216,12:33:13,1.25,500,145350
20240216,12:33:17,1.25,1000,145350
20240216,12:34:03,1.25,1250,145350
20240216,12:34:19,1.3,300,143950
20240216,12:34:47,1.25,1000,143950
20240216,12:35:01,1.25,250,143950
20240216,12:35:10,1.25,1000,143950
20240216,12:35:16,1.25,250,143950
20240216,12:36:48,1.25,500,143950
20240216,12:36:50,1.25,500,143950
20240216,12:36:56,1.25,500,144000
20240216,12:37:18,1.25,250,144000
20240216,12:38:31,1.25,250,144000
20240216,12:38:48,1.25,1300,144000
20240216,12:39:26,1.25,500,144000
20240216,12:40:07,1.25,1000,144750
20240216,12:40:22,1.25,1000,144750
20240216,12:41:53,1.3,100,144750
20240216,12:47:15,1.3,1000,144950
20240216,12:47:41,1.3,1800,144950
20240216,12:48:31,1.3,1800,144950
20240216,12:48:37,1.3,2900,144950
20240216,12:48:43,1.3,1800,144950
20240216,12:48:51,1.3,150,144950
20240216,12:48:52,1.35,100,144950
20240216,12:50:55,1.3,250,143850
20240216,12:51:52,1.3,50,143850
20240216,12:52:04,1.3,50,143850
20240216,12:54:03,1.3,12800,143850
20240216,12:54:18,1.3,1250,143850
20240216,12:54:40,1.3,100,143850
20240216,12:57:46,1.3,150,143850
20240216,12:58:38,1.3,150,144050
20240216,13:00:16,1.3,600,144050
20240216,13:00:20,1.3,100,144050
20240216,13:05:16,1.3,100,144300
20240216,13:05:24,1.35,1850,144300
20240216,13:05:26,1.35,1050,144300
20240216,13:08:33,1.35,200,144300
20240216,13:10:38,1.3,200,143150
20240216,13:10:39,1.3,200,143150
20240216,13:10:40,1.3,200,143150
20240216,13:10:53,1.3,550,143150
20240216,13:11:00,1.3,200,143150
20240216,13:11:04,1.3,200,143150
20240216,13:11:06,1.3,200,143150
20240216,13:11:20,1.3,200,143150
20240216,13:11:49,1.3,200,143150
20240216,13:12:16,1.3,50,143150
20240216,13:12:57,1.3,200,143150
20240216,13:13:03,1.3,200,143150
20240216,13:13:04,1.3,200,143200
20240216,13:15:04,1.3,50,143200
20240216,13:16:50,1.3,200,143150
20240216,13:17:22,1.3,550,143150
20240216,13:18:08,1.3,50,143150
20240216,13:18:08,1.3,100,143150
20240216,13:19:35,1.3,250,143200
20240216,13:19:47,1.3,50,143200
20240216,13:21:29,1.3,250,143200
20240216,13:21:36,1.3,200,143200
20240216,13:21:56,1.3,1800,143200
20240216,13:21:57,1.3,200,143200
20240216,13:22:00,1.3,200,143200
20240216,13:22:15,1.3,4700,143300
20240216,13:22:16,1.3,50,143300
20240216,13:22:17,1.3,50,143300
20240216,13:22:18,1.3,50,143300
20240216,13:22:27,1.25,200,143300
20240216,13:22:29,1.25,550,143300
20240216,13:22:32,1.25,200,143300
20240216,13:22:34,1.25,550,143300
20240216,13:22:36,1.3,50,143300
20240216,13:25:07,1.25,200,139650
20240216,13:26:07,1.25,100,139650
20240216,13:26:12,1.25,50,139650
20240216,13:26:44,1.25,500,139650
20240216,13:26:50,1.25,50,139650
20240216,13:26:51,1.25,150,139650
20240216,13:26:52,1.25,50,139650
20240216,13:27:03,1.25,50,139650
20240216,13:27:34,1.25,50,139650
20240216,13:27:51,1.25,550,139650
20240216,13:28:23,1.25,1800,139650
20240216,13:28:24,1.25,1850,139250
20240216,13:29:22,1.25,300,139250
20240216,13:29:37,1.25,400,139250
20240216,13:29:56,1.25,150,139250
20240216,13:29:58,1.25,150,139250
20240216,13:30:00,1.25,200,139250
20240216,13:30:02,1.25,200,139250
20240216,13:30:21,1.25,50,139250
20240216,13:31:11,1.25,850,144050
20240216,13:31:13,1.25,550,144050
20240216,13:31:16,1.2,500,144050
20240216,13:31:17,1.2,1800,144050
20240216,13:31:18,1.2,850,144050
20240216,13:31:51,1.25,200,144050
20240216,13:31:53,1.25,900,144050
20240216,13:32:04,1.25,200,144050
20240216,13:32:08,1.2,250,144050
20240216,13:32:09,1.25,200,144050
20240216,13:32:10,1.2,250,144050
20240216,13:32:14,1.25,550,144050
20240216,13:32:56,1.2,50,144050
20240216,13:33:17,1.2,200,144050
20240216,13:33:17,1.2,300,144050
20240216,13:33:21,1.2,1800,144050
20240216,13:33:27,1.2,2800,144050
20240216,13:33:31,1.2,100,144050
20240216,13:33:37,1.2,550,144050
20240216,13:35:07,1.15,3600,146350
20240216,13:35:10,1.15,250,146350
20240216,13:35:21,1.2,900,146350
20240216,13:35:49,1.2,900,146350
20240216,13:36:04,1.15,1800,146350
20240216,13:37:43,1.15,200,146350
20240216,13:38:23,1.2,100,144600
20240216,13:39:02,1.2,50,144600
20240216,13:39:24,1.2,100,144600
20240216,13:39:25,1.2,50,144600
20240216,13:39:38,1.15,1800,144600
20240216,13:39:41,1.15,1800,144600
20240216,13:39:43,1.15,400,144600
20240216,13:39:50,1.15,1800,144600
20240216,13:39:58,1.2,50,144600
20240216,13:40:31,1.2,600,144600
20240216,13:40:32,1.2,2400,146250
20240216,13:40:34,1.2,4500,146250
20240216,13:40:39,1.2,200,146250
20240216,13:40:40,1.2,200,146250
20240216,13:40:46,1.2,200,146250
20240216,13:40:53,1.2,1900,146250
20240216,13:41:25,1.2,1750,146250
20240216,13:41:33,1.2,1800,146250
20240216,13:41:37,1.2,500,146250
20240216,13:41:39,1.2,250,146250
20240216,13:41:52,1.2,6250,146250
20240216,13:41:57,1.2,250,146250
20240216,13:41:58,1.2,1800,146250
20240216,13:42:21,1.25,250,146250
20240216,13:42:31,1.2,50,146250
20240216,13:42:41,1.2,50,146250
20240216,13:42:41,1.2,100,146250
20240216,13:43:42,1.25,50,148800
20240216,13:44:46,1.25,250,148800
20240216,13:44:51,1.25,1500,148800
20240216,13:45:07,1.2,500,148800
20240216,13:45:14,1.25,2250,148800
20240216,13:45:20,1.25,1800,148800
20240216,13:45:38,1.25,250,148800
20240216,13:45:39,1.25,250,148800
20240216,13:45:40,1.25,500,148800
20240216,13:45:45,1.25,250,148800
20240216,13:45:47,1.2,1800,148800
20240216,13:46:14,1.2,500,148800
20240216,13:46:32,1.2,1000,149100
20240216,13:47:31,1.2,3000,149100
20240216,13:47:35,1.2,300,149100
20240216,13:48:09,1.25,1800,149100
20240216,13:48:16,1.25,1800,149100
20240216,13:48:19,1.25,1800,149100
20240216,13:48:23,1.25,1150,149100
20240216,13:49:06,1.2,1850,150500
20240216,13:49:24,1.2,50,150500
20240216,13:49:25,1.15,5850,150500
20240216,13:49:26,1.2,50,150500
20240216,13:49:30,1.2,1500,150500
20240216,13:49:32,1.2,50,150500
20240216,13:49:33,1.2,1500,150500
20240216,13:50:05,1.15,50,150500
20240216,13:51:07,1.2,1000,150500
20240216,13:51:51,1.15,1800,150500
20240216,13:51:52,1.15,3600,150500
20240216,13:51:54,1.2,1000,150500
20240216,13:52:34,1.15,500,157000
20240216,13:52:49,1.15,1000,157000
20240216,13:53:48,1.15,500,157000
20240216,13:56:48,1.2,200,157000
20240216,14:01:21,1.15,50,157000
20240216,14:01:22,1.15,50,157000
20240216,14:01:32,1.15,200,157000
20240216,14:01:33,1.15,300,157000
20240216,14:02:01,1.15,500,157000
20240216,14:04:21,1.15,200,157550
20240216,14:10:12,1.15,50,157550
20240216,14:13:45,1.2,6300,157550
20240216,14:13:46,1.2,100,157550
20240216,14:13:47,1.2,50,157550
20240216,14:15:09,1.2,250,157550
20240216,14:15:10,1.2,500,157550
20240216,14:15:11,1.2,6750,157550
20240216,14:15:18,1.2,50,157550
20240216,14:15:21,1.2,50,157550
20240216,14:15:22,1.2,250,157550
20240216,14:15:27,1.15,50,157550
20240216,14:15:30,1.2,50,157550
20240216,14:15:55,1.2,250,157550
20240216,14:16:07,1.2,50,157550
20240216,14:16:25,1.2,50,155100
20240216,14:17:08,1.2,1000,155100
20240216,14:17:09,1.2,50,155100
20240216,14:17:10,1.15,50,155100
20240216,14:18:20,1.2,250,155100
20240216,14:18:37,1.2,1500,155100
20240216,14:19:44,1.15,900,155150
20240216,14:20:28,1.15,900,155150
20240216,14:22:19,1.15,900,153800
20240216,14:24:28,1.15,1800,153800
20240216,14:24:30,1.15,1800,153800
20240216,14:25:17,1.15,400,150100
20240216,14:26:14,1.2,50,150100
20240216,14:26:15,1.15,50,150100
20240216,14:26:52,1.15,1500,150100
20240216,14:27:44,1.2,50,150100
20240216,14:30:37,1.15,250,150100
20240216,14:31:10,1.15,900,148950
20240216,14:31:12,1.15,550,148700
20240216,14:31:13,1.15,200,148700
20240216,14:31:15,1.15,950,148700
20240216,14:31:17,1.15,550,148700
20240216,14:31:19,1.15,800,148700
20240216,14:31:21,1.15,550,148700
20240216,14:31:23,1.15,900,148700
20240216,14:31:25,1.15,200,148700
20240216,14:31:26,1.15,200,148700
20240216,14:31:28,1.15,550,148700
20240216,14:31:29,1.15,13900,148700
20240216,14:31:32,1.1,200,148700
20240216,14:31:35,1.1,200,148700
20240216,14:31:37,1.1,200,148700
20240216,14:31:41,1.1,200,148700
20240216,14:31:44,1.1,200,148700
20240216,14:31:46,1.1,200,148700
20240216,14:31:48,1.1,200,148700
20240216,14:31:59,1.1,200,148700
20240216,14:32:03,1.1,250,148700
20240216,14:32:04,1.1,200,148700
20240216,14:32:05,1.1,550,148700
20240216,14:32:07,1.1,550,148700
20240216,14:32:10,1.1,550,148700
20240216,14:32:13,1.1,900,148700
20240216,14:32:21,1.1,200,148700
20240216,14:32:25,1.1,200,148700
20240216,14:34:39,1.1,50,148700
20240216,14:35:35,1.1,500,142100
20240216,14:35:47,1.15,250,142100
20240216,14:35:48,1.15,3000,142100
20240216,14:35:54,1.15,1500,142100
20240216,14:36:07,1.15,1500,142100
20240216,14:36:08,1.15,2900,142100
20240216,14:36:12,1.15,250,142100
20240216,14:36:17,1.15,750,142100
20240216,14:36:33,1.15,250,142100
20240216,14:36:45,1.15,50,142100
20240216,14:38:09,1.15,50,139000
20240216,14:39:14,1.15,250,139000
20240216,14:39:15,1.15,50,139000
20240216,14:39:16,1.15,300,139000
20240216,14:39:19,1.15,250,139000
20240216,14:39:21,1.15,250,139000
20240216,14:39:22,1.15,550,139000
20240216,14:39:24,1.15,2650,139000
20240216,14:39:25,1.15,3900,139000
20240216,14:39:26,1.15,150,139000
20240216,14:40:05,1.15,250,139000
20240216,14:42:22,1.15,150,139000
20240216,14:42:22,1.15,150,139300
20240216,14:42:34,1.15,150,139300
20240216,14:42:35,1.15,150,139300
20240216,14:44:01,1.15,200,139300
20240216,14:47:56,1.15,6000,138350
20240216,14:47:56,1.15,50,138350
20240216,14:48:00,1.15,100,138350
20240216,14:49:24,1.15,100,138350
20240216,14:49:24,1.15,50,138500
20240216,14:50:42,1.1,400,138500
20240216,14:50:46,1.15,50,138500
20240216,14:50:48,1.1,50,138500
20240216,14:50:55,1.1,450,138500
20240216,14:51:01,1.15,400,138500
20240216,14:51:01,1.15,100,138500
20240216,14:51:04,1.15,300,138500
20240216,14:51:10,1.15,100,138500
20240216,14:52:01,1.15,450,138500
20240216,14:52:02,1.15,300,138500
20240216,14:53:01,1.15,600,138500
20240216,14:54:01,1.15,300,140350
20240216,14:54:09,1.15,100,140350
20240216,14:54:11,1.15,100,140350
20240216,14:54:14,1.15,300,140350
20240216,14:55:01,1.15,450,140350
20240216,14:56:01,1.15,100,140350
20240216,14:56:02,1.15,300,142200
20240216,14:56:04,1.15,300,142200
20240216,14:56:06,1.15,300,142200
20240216,14:56:40,1.1,900,142200
20240216,14:56:40,1.1,350,142200
20240216,14:57:01,1.15,450,142200
20240216,14:57:03,1.15,100,142200
20240216,14:57:32,1.1,900,142200
20240216,14:57:33,1.1,1800,142200
20240216,14:57:34,1.1,1800,142200
20240216,14:58:01,1.15,300,142200
20240216,14:58:02,1.15,500,142200
20240216,14:58:04,1.1,200,142200
20240216,14:58:23,1.15,250,140550
20240216,14:58:32,1.15,400,140550
20240216,14:58:33,1.1,3600,140550
20240216,14:58:34,1.1,1800,140550
20240216,14:58:46,1.1,50,140550
20240216,14:58:47,1.15,50,140550
20240216,14:59:08,1.1,400,140550
20240216,14:59:48,1.15,300,140550
20240216,15:00:00,1.1,1900,140550
20240216,15:00:02,1.1,800,140550
20240216,15:00:03,1.1,1800,140550
20240216,15:00:07,1.1,1050,140550
20240216,15:00:12,1.15,300,140550
20240216,15:00:41,1.15,50,140550
20240216,15:02:17,1.15,4050,130100
20240216,15:02:17,1.15,1000,130100
20240216,15:03:05,1.15,50,130100
20240216,15:03:07,1.1,50,130100
20240216,15:03:13,1.15,6200,130100
20240216,15:03:24,1.15,50,130100
20240216,15:03:28,1.15,300,130100
20240216,15:03:31,1.15,50,130100
20240216,15:03:34,1.15,50,130100
20240216,15:03:42,1.15,50,130100
20240216,15:04:41,1.15,50,130100
20240216,15:04:45,1.15,250,122300
20240216,15:04:54,1.15,50,122300
20240216,15:04:56,1.15,250,122300
20240216,15:05:15,1.15,100,122300
20240216,15:05:19,1.15,150,122300
20240216,15:05:21,1.15,2550,122300
20240216,15:05:22,1.15,250,122300
20240216,15:05:27,1.15,1800,122300
20240216,15:05:31,1.15,50,122300
20240216,15:05:37,1.15,50,122300
20240216,15:05:41,1.15,50,122300
20240216,15:05:48,1.15,8450,122300
20240216,15:05:50,1.15,250,122300
20240216,15:06:00,1.15,250,122300
20240216,15:06:28,1.15,250,122300
20240216,15:06:33,1.2,1150,122300
20240216,15:06:34,1.2,300,122300
20240216,15:06:41,1.15,250,122300
20240216,15:07:37,1.15,500,122300
20240216,15:09:01,1.15,250,122350
20240216,15:09:46,1.2,100,122350
20240216,15:10:26,1.15,250,122350
20240216,15:10:47,1.15,250,122450
20240216,15:11:13,1.15,150,122450
20240216,15:11:15,1.15,250,122450
20240216,15:11:41,1.15,1100,122450
20240216,15:11:44,1.15,350,122450
20240216,15:11:50,1.15,100,122450
20240216,15:11:52,1.15,150,122450
20240216,15:11:57,1.15,250,122450
20240216,15:12:19,1.15,250,122450
20240216,15:12:46,1.15,50,122450
20240216,15:12:49,1.15,50,122450
20240216,15:12:50,1.15,50,122450
20240216,15:13:30,1.15,250,121700
20240216,15:13:54,1.15,500,121700
20240216,15:14:00,1.15,50,121700
20240216,15:14:06,1.15,1100,121700
20240216,15:14:37,1.15,750,121700
20240216,15:14:40,1.15,50,121700
20240216,15:14:46,1.2,1000,121700
20240216,15:14:46,1.15,250,121700
20240216,15:14:48,1.15,50,121700
20240216,15:14:49,1.15,50,121700
20240216,15:15:00,1.15,250,121700
20240216,15:15:06,1.15,300,121700
20240216,15:15:12,1.15,2400,121700
20240216,15:15:13,1.15,8250,121700
20240216,15:15:19,1.1,50,121700
20240216,15:16:05,1.15,900,121700
20240216,15:18:53,1.1,100,121700
20240216,15:19:00,1.1,400,120600
20240216,15:19:04,1.1,50,120600
20240216,15:19:21,1.15,400,121000
20240216,15:19:29,1.1,8050,121000
20240216,15:19:31,1.1,50,121000
20240216,15:19:32,1.1,1650,121000
20240216,15:20:41,1.1,250,121000
20240216,15:20:43,1.1,1600,121000
20240216,15:21:08,1.1,1000,121000
20240216,15:22:30,1.1,500,121000
20240216,15:23:32,1.15,1800,120950
20240216,15:23:43,1.15,250,120950
20240216,15:23:43,1.15,1800,120950
20240216,15:24:08,1.15,250,120950
20240216,15:24:17,1.15,250,120950
20240216,15:24:18,1.15,250,120950
20240216,15:24:22,1.15,3450,120950
20240216,15:24:25,1.15,600,120950
20240216,15:25:06,1.2,600,120950
20240216,15:25:08,1.15,500,120950
20240216,15:25:22,1.15,50,120750
20240216,15:25:32,1.15,100,120750
20240216,15:25:41,1.15,500,120750
20240216,15:25:42,1.15,100,120750
20240216,15:25:50,1.2,1000,120750
20240216,15:25:58,1.15,250,120750
20240216,15:26:00,1.15,100,120750
20240216,15:26:01,1.15,1000,120750
20240216,15:26:19,1.2,500,120750
20240216,15:26:27,1.2,600,120750
20240216,15:26:27,1.2,500,120750
20240216,15:26:36,1.15,550,120750
20240216,15:26:38,1.25,9650,120750
20240216,15:26:39,1.25,50,120750
20240216,15:26:40,1.25,100,120750
20240216,15:26:41,1.25,50,120750
20240216,15:26:42,1.25,50,120750
20240216,15:26:44,1.25,50,120750
20240216,15:26:48,1.25,50,120750
20240216,15:26:49,1.25,100,120750
20240216,15:26:50,1.25,800,120750
20240216,15:27:11,1.3,1800,120750
20240216,15:27:12,1.3,1400,120750
20240216,15:27:18,1.3,50,120750
20240216,15:27:40,1.3,400,120750
20240216,15:28:02,1.35,500,120750
20240216,15:28:14,1.35,100,120750
20240216,15:28:16,1.3,1000,120750
20240216,15:28:26,1.25,500,118250
20240216,15:28:33,1.25,250,118250
20240216,15:28:57,1.3,50,118250
20240216,15:29:01,1.25,8000,118250
20240216,15:29:02,1.3,300,118250
20240216,15:29:03,1.25,200,118250
20240216,15:29:19,1.3,1000,118250
20240216,15:29:20,1.15,1800,118250
20240216,15:29:27,1.25,100,118250
20240216,15:29:35,1.25,600,118250
20240216,15:29:48,1.25,500,118250
20240216,15:29:55,1.2,100,118250
20240216,15:29:57,1.25,100,118250
20240219,09:15:01,1.25,1,118250
20240219,09:15:01,1.25,50,118250
20240219,09:15:02,1.15,200,121300
20240219,09:15:03,1.15,50,121300
20240219,09:15:05,1.15,1800,121300
20240219,09:15:05,1.15,2650,121300
20240219,09:15:07,1.1,3200,121300
20240219,09:15:08,1.05,13500,121300
20240219,09:15:09,1.1,1550,121300
20240219,09:15:10,1.1,200,121300
20240219,09:15:11,1.05,1100,121300
20240219,09:15:13,1.1,700,121300
20240219,09:15:16,1.1,1700,121300
20240219,09:15:19,1.1,100,121300
20240219,09:15:24,1.1,50,121300
20240219,09:15:25,1.1,1750,121300
20240219,09:15:29,1.1,1200,121300
20240219,09:15:33,1.1,50,121300
20240219,09:15:36,1.05,500,125500
20240219,09:15:53,1.05,50,125500
20240219,09:15:57,1.05,1800,125500
20240219,09:15:59,1.05,1000,125500
20240219,09:16:08,1.0,750,125500
20240219,09:16:10,1.0,5650,125500
20240219,09:16:11,1.0,400,125500
20240219,09:16:12,1.0,600,125500
20240219,09:16:13,1.0,300,125500
20240219,09:16:15,1.0,300,125500
20240219,09:16:15,1.0,2100,125500
20240219,09:16:19,1.0,1800,125500
20240219,09:16:32,1.0,250,125500
20240219,09:16:39,1.0,50,125500
20240219,09:17:02,1.0,500,125500
20240219,09:17:03,1.0,500,125500
20240219,09:17:04,1.0,500,125500
20240219,09:17:06,1.0,500,125500
20240219,09:17:07,1.0,500,125500
20240219,09:17:10,1.0,1000,125500
20240219,09:17:22,1.0,400,125500
20240219,09:17:30,1.05,50,125500
20240219,09:18:09,1.0,50,125500
20240219,09:18:11,1.05,50,125500
20240219,09:18:13,1.05,50,125500
20240219,09:18:35,1.05,50,125500
20240219,09:19:10,1.05,50,119050
20240219,09:19:14,1.0,700,119050
20240219,09:19:15,1.0,150,119050
20240219,09:19:16,1.0,50,119050
20240219,09:19:17,1.0,250,119050
20240219,09:19:21,1.05,900,119050
20240219,09:19:24,1.05,250,119050
20240219,09:19:49,1.05,600,119050
20240219,09:19:56,1.0,200,119050
20240219,09:20:01,1.05,1000,119050
20240219,09:20:02,1.05,150,119050
20240219,09:21:54,1.0,300,117850
20240219,09:22:07,1.05,100,117850
20240219,09:22:11,1.05,1000,117850
20240219,09:22:15,1.05,50,117850
20240219,09:22:21,1.05,100,117850
20240219,09:22:34,1.0,250,117850
20240219,09:22:35,1.05,400,117850
20240219,09:22:40,1.05,300,117850
20240219,09:23:00,1.05,50,117850
20240219,09:23:14,1.0,1800,117850
20240219,09:23:15,1.0,1900,117850
20240219,09:23:19,1.05,4650,117850
20240219,09:23:20,1.05,1500,117850
20240219,09:23:22,1.05,1500,117850
20240219,09:23:23,1.05,4750,117850
20240219,09:24:23,1.05,500,117850
20240219,09:24:31,1.1,200,123600
20240219,09:24:57,1.05,50,123600
20240219,09:26:02,1.1,50,123600
20240219,09:26:49,1.1,50,123600
20240219,09:26:52,1.1,100,123600
20240219,09:26:54,1.1,100,123600
20240219,09:27:29,1.1,250,123600
20240219,09:27:34,1.1,50,123600
20240219,09:27:38,1.1,50,123600
20240219,09:27:55,1.05,250,123600
20240219,09:27:56,1.1,100,123600
20240219,09:28:17,1.1,50,123600
20240219,09:28:30,1.05,250,123600
20240219,09:28:52,1.1,50,123600
20240219,09:29:24,1.05,500,123600
20240219,09:29:27,1.1,1800,123600
20240219,09:29:28,1.1,4350,123600
20240219,09:29:34,1.05,1800,123600
20240219,09:30:01,1.05,300,123600
20240219,09:30:02,1.05,100,123600
20240219,09:30:07,1.05,250,123600
20240219,09:30:13,1.05,2300,123600
20240219,09:30:29,1.05,1800,123600
20240219,09:30:30,1.05,250,123600
20240219,09:30:31,1.1,3050,123600
20240219,09:30:51,1.05,250,130750
20240219,09:31:12,1.05,250,130750
20240219,09:31:26,1.05,300,130750
20240219,09:31:48,1.0,5400,130750
20240219,09:31:49,1.05,100,130750
20240219,09:32:05,1.05,100,130750
20240219,09:32:30,1.05,200,130750
20240219,09:32:37,1.0,250,130750
20240219,09:32:40,1.0,1800,130750
20240219,09:33:28,1.0,350,130750
20240219,09:33:39,1.05,150,130850
20240219,09:33:44,1.0,50,130850
20240219,09:33:48,1.05,150,130850
20240219,09:33:49,1.05,150,130850
20240219,09:34:18,1.05,50,130850
20240219,09:36:07,1.0,500,130850
20240219,09:36:22,1.0,50,130850
20240219,09:36:24,1.0,150,130850
20240219,09:36:40,1.05,300,130650
20240219,09:37:42,1.05,500,130650
20240219,09:37:46,1.05,50,130650
20240219,09:38:10,1.0,100,130650
20240219,09:38:42,1.0,200,130650
20240219,09:38:47,1.05,150,130650
20240219,09:40:13,1.0,1000,130750
20240219,09:40:20,1.0,200,130750
20240219,09:40:21,1.0,900,130750
20240219,09:42:07,0.95,500,130750
20240219,09:42:53,0.95,500,130750
20240219,09:43:14,0.95,1800,130950
20240219,09:43:25,0.95,100,130950
20240219,09:43:26,1.0,1500,130950
20240219,09:44:07,0.95,250,130950
20240219,09:45:08,0.95,450,130950
20240219,09:46:11,0.9,400,129800
20240219,09:46:13,0.9,3150,129800
20240219,09:46:24,0.9,700,129800
20240219,09:46:41,0.9,250,129800
20240219,09:46:43,0.9,50,129800
20240219,09:46:57,0.9,300,129800
20240219,09:47:42,0.9,100,129800
20240219,09:47:57,0.9,900,129800
20240219,09:48:35,0.9,2100,129800
20240219,09:49:01,0.9,150,128000
20240219,09:49:07,0.9,1900,128000
20240219,09:49:54,0.9,1700,128000
20240219,09:50:05,0.95,50,128000
20240219,09:51:51,0.9,50,124700
20240219,09:53:13,0.9,1850,124700
20240219,09:54:00,0.9,50,124700
20240219,09:54:01,0.9,50,124700
20240219,09:54:57,0.9,50,123550
20240219,09:54:59,0.95,200,123550
20240219,09:55:05,0.9,400,123550
20240219,09:55:11,0.9,100,123550
20240219,09:57:04,0.9,350,123550
20240219,09:58:07,0.9,100,123550
20240219,09:58:09,0.9,500,124500
20240219,09:59:23,0.9,750,124500
20240219,10:01:14,0.9,1000,124500
20240219,10:03:45,0.9,5900,124450
20240219,10:06:10,0.9,5300,124450
20240219,10:08:57,0.95,900,123950
20240219,10:10:34,0.9,50,123950
20240219,10:12:01,0.95,150,123300
20240219,10:15:50,0.95,250,123350
20240219,10:16:02,0.95,150,123350
20240219,10:16:03,0.95,150,123350
20240219,10:16:05,0.95,50,123350
20240219,10:16:06,0.95,200,123350
20240219,10:16:07,0.95,150,123350
20240219,10:16:12,0.95,50,123350
20240219,10:18:22,0.95,1950,123350
20240219,10:18:54,0.9,50,123350
20240219,10:18:54,0.9,50,124000
20240219,10:21:29,0.95,1800,124000
20240219,10:22:02,0.95,2600,124000
20240219,10:22:02,0.95,50,124100
20240219,10:22:03,0.95,50,124100
20240219,10:22:05,0.95,100,124100
20240219,10:22:08,0.95,50,124100
20240219,10:22:09,0.95,100,124100
20240219,10:22:46,0.95,50,124100
20240219,10:23:08,1.0,1800,124100
20240219,10:23:50,1.0,1800,124100
20240219,10:23:52,1.0,550,124100
20240219,10:23:53,1.0,5050,124100
20240219,10:23:54,1.0,350,124100
20240219,10:24:00,1.0,50,124100
20240219,10:24:04,1.0,1800,124100
20240219,10:25:20,1.05,3550,125150
20240219,10:25:38,1.05,2100,125150
20240219,10:25:49,1.05,600,125150
20240219,10:27:17,1.05,500,125150
20240219,10:28:41,1.05,50,125150
20240219,10:28:49,1.05,50,123350
20240219,10:29:30,1.0,900,123350
20240219,10:29:37,1.0,500,123350
20240219,10:30:05,1.05,500,123350
20240219,10:31:22,1.0,500,124100
20240219,10:32:13,1.05,50,124100
20240219,10:32:33,1.05,50,124100
20240219,10:32:40,1.0,50,124100
20240219,10:32:57,1.05,50,124100
20240219,10:33:02,1.05,1800,124100
20240219,10:33:03,1.05,1800,124100
20240219,10:33:04,1.05,50,124100
20240219,10:33:35,1.05,50,124100
20240219,10:33:42,1.05,50,124100
20240219,10:34:27,1.0,3150,127800
20240219,10:34:28,1.0,50,127800
20240219,10:34:32,0.95,50,127800
20240219,10:34:33,1.0,100,127800
20240219,10:34:46,0.95,50,127800
20240219,10:35:01,1.0,50,127800
20240219,10:35:57,1.0,50,127800
20240219,10:36:06,1.0,50,127800
20240219,10:37:05,0.95,50,128700
20240219,10:39:26,0.95,50,128700
20240219,10:41:02,0.95,100,128700
20240219,10:41:04,0.95,50,128700
20240219,10:41:45,0.95,50,128700
20240219,10:42:14,0.95,50,128700
20240219,10:42:36,1.0,900,128700
20240219,10:45:03,1.0,500,128000
20240219,10:49:59,0.95,50,128000
20240219,10:53:30,0.95,50,128050
20240219,10:54:13,0.95,50,128050
20240219,10:54:30,1.0,50,128050
20240219,10:55:52,1.0,2050,128150
20240219,10:56:34,1.0,250,128150
20240219,10:56:46,1.0,250,128150
20240219,10:56:52,1.0,3600,128150
20240219,10:57:24,1.0,250,128150
20240219,10:57:37,1.0,1500,128150
20240219,10:57:47,0.95,150,128150
20240219,10:57:48,0.95,300,133000
20240219,10:58:41,1.0,1100,133000
20240219,10:58:50,1.0,50,133000
20240219,10:58:51,1.0,50,133000
20240219,11:00:05,1.05,5100,133000
20240219,11:00:06,1.05,50,133000
20240219,11:00:07,1.05,50,133000
20240219,11:00:12,1.05,50,133000
20240219,11:00:15,1.05,50,133000
20240219,11:00:21,1.05,50,133000
20240219,11:01:04,1.1,100,131250
20240219,11:01:36,1.1,500,131250
20240219,11:01:58,1.05,250,131250
20240219,11:02:54,1.05,500,131250
20240219,11:03:08,1.05,3750,131250
20240219,11:03:08,1.05,500,131250
20240219,11:07:00,1.0,50,131250
20240219,11:07:08,1.0,500,133750
20240219,11:07:25,1.05,100,133750
20240219,11:07:30,1.0,950,133750
20240219,11:07:56,1.0,500,133750
20240219,11:08:15,1.0,200,133750
20240219,11:08:40,1.05,50,133750
20240219,11:11:35,1.05,50,133750
20240219,11:12:15,1.0,50,133900
20240219,11:12:57,1.05,50,133900
20240219,11:13:51,1.05,50,133900
20240219,11:14:45,1.0,50,133900
20240219,11:15:08,1.05,6050,133900
20240219,11:15:10,1.05,250,133900
20240219,11:15:16,1.05,250,133900
20240219,11:15:17,1.1,3600,133900
20240219,11:15:36,1.05,100,133900
20240219,11:15:48,1.05,250,138150
20240219,11:15:50,1.05,100,138150
20240219,11:15:57,1.05,1800,138150
20240219,11:16:15,1.05,250,138150
20240219,11:16:30,1.05,500,138150
20240219,11:16:42,1.1,100,138150
20240219,11:16:46,1.1,15700,138150
20240219,11:17:15,1.1,350,138150
20240219,11:17:29,1.05,50,138150
20240219,11:18:04,1.1,1800,138150
20240219,11:18:08,1.1,200,138150
20240219,11:18:15,1.1,500,138150
20240219,11:18:16,1.05,500,138150
20240219,11:18:52,1.1,3150,134000
20240219,11:18:55,1.1,50,134000
20240219,11:19:03,1.1,50,134000
20240219,11:19:04,1.1,100,134000
20240219,11:19:23,1.1,500,134000
20240219,11:19:37,1.15,650,134000
20240219,11:19:38,1.15,100,134000
20240219,11:20:56,1.1,50,134000
20240219,11:21:09,1.1,200,134000
20240219,11:21:12,1.1,1000,134000
20240219,11:22:29,1.1,50,134000
20240219,11:22:34,1.1,350,136500
20240219,11:22:40,1.1,1300,136500
20240219,11:22:55,1.05,100,136500
20240219,11:23:39,1.1,50,136500
20240219,11:24:51,1.1,250,135950
20240219,11:25:25,1.1,300,135950
20240219,11:25:27,1.1,50,135950
20240219,11:25:29,1.1,50,135950
20240219,11:25:38,1.1,50,135950
20240219,11:26:00,1.1,50,135950
20240219,11:26:17,1.1,50,135950
20240219,11:26:42,1.1,50,135950
20240219,11:27:07,1.05,100,135950
20240219,11:27:10,1.1,50,135950
20240219,11:27:15,1.1,50,135950
20240219,11:27:25,1.1,3000,135950
20240219,11:30:05,1.1,50,136700
20240219,11:30:34,1.1,750,136700
20240219,11:31:09,1.1,50,137450
20240219,11:32:06,1.05,300,137450
20240219,11:33:31,1.1,50,137450
20240219,11:33:58,1.1,250,137550
20240219,11:34:20,1.1,500,137550
20240219,11:34:59,1.1,150,137550
20240219,11:35:00,1.1,300,137550
20240219,11:35:46,1.05,150,137550
20240219,11:36:24,1.1,500,137550
20240219,11:36:57,1.1,50,137550
20240219,11:36:57,1.1,250,138250
20240219,11:37:40,1.1,100,138250
20240219,11:39:08,1.05,250,138250
20240219,11:39:48,1.1,500,138250
20240219,11:42:16,1.1,100,138250
20240219,11:42:37,1.05,50,139150
20240219,11:45:43,1.1,250,139150
20240219,11:48:08,1.1,50,139250
20240219,11:48:13,1.05,1000,139500
20240219,11:50:02,1.05,50,139550
20240219,11:50:22,1.05,100,139550
20240219,11:50:37,1.05,800,139550
20240219,11:50:57,1.1,250,139550
20240219,11:51:17,1.05,100,139550
20240219,11:53:06,1.1,250,139550
20240219,11:54:08,1.1,250,139550
20240219,11:54:40,1.1,300,139550
20240219,11:54:54,1.1,100,139550
20240219,11:55:03,1.1,250,139550
20240219,11:55:43,1.1,200,139550
20240219,11:56:58,1.1,150,139550
20240219,11:57:07,1.05,150,139550
20240219,11:59:15,1.1,500,139550
20240219,12:00:27,1.1,10300,139650
20240219,12:00:49,1.1,1000,139650
20240219,12:00:50,1.1,1000,139650
20240219,12:00:52,1.1,1000,139650
20240219,12:00:54,1.1,1000,132800
20240219,12:01:55,1.1,2000,132800
20240219,12:02:13,1.1,1000,132800
20240219,12:02:57,1.1,50,132800
20240219,12:02:58,1.1,50,132800
20240219,12:03:08,1.1,100,132800
20240219,12:04:04,1.1,50,132800
20240219,12:05:08,1.15,1800,130750
20240219,12:06:56,1.1,1000,131300
20240219,12:06:58,1.15,1850,131300
20240219,12:09:08,1.1,50,131300
20240219,12:12:20,1.15,3050,131300
20240219,12:12:21,1.15,200,133050
20240219,12:12:23,1.15,50,133050
20240219,12:13:00,1.15,3200,133050
20240219,12:13:03,1.15,50,133050
20240219,12:13:04,1.15,50,133050
20240219,12:13:47,1.15,50,133050
20240219,12:14:03,1.15,50,133050
20240219,12:14:16,1.15,50,133050
20240219,12:14:22,1.1,50,133050
20240219,12:15:26,1.15,1800,133050
20240219,12:15:33,1.15,50,133050
20240219,12:15:37,1.15,3400,133050
20240219,12:18:29,1.2,50,134600
20240219,12:20:55,1.15,100,134600
20240219,12:22:09,1.15,50,134650
20240219,12:22:23,1.2,50,134650
20240219,12:26:34,1.2,250,134650
20240219,12:27:13,1.15,50,134650
20240219,12:28:20,1.15,50,134650
20240219,12:28:21,1.15,50,134900
20240219,12:29:29,1.15,1500,134900
20240219,12:29:30,1.15,50,134900
20240219,12:32:00,1.15,500,134900
20240219,12:39:29,1.2,50,134850
20240219,12:39:46,1.2,50,134850
20240219,12:39:47,1.2,100,134850
20240219,12:41:05,1.15,750,134950
20240219,12:44:50,1.2,100,134200
20240219,12:51:09,1.15,300,134200
20240219,12:59:21,1.2,50,134200
20240219,12:59:33,1.15,700,134200
20240219,13:01:08,1.15,500,133550
20240219,13:02:36,1.15,500,133550
20240219,13:03:16,1.15,50,133550
20240219,13:03:17,1.15,500,133550
20240219,13:03:28,1.15,1000,133550
20240219,13:03:28,1.15,5000,133550
20240219,13:03:30,1.15,250,133550
20240219,13:03:37,1.15,250,133550
20240219,13:03:44,1.15,250,133550
20240219,13:07:49,1.1,50,133550
20240219,13:08:07,1.1,50,136800
20240219,13:10:27,1.15,250,136900
20240219,13:11:29,1.15,7550,136900
20240219,13:11:30,1.15,50,136900
20240219,13:11:31,1.15,50,136900
20240219,13:11:33,1.15,50,136900
20240219,13:11:41,1.15,50,136900
20240219,13:14:08,1.2,50,137900
20240219,13:15:05,1.2,1800,137900
20240219,13:15:50,1.15,250,137900
20240219,13:15:51,1.15,3600,137900
20240219,13:15:52,1.15,50,137900
20240219,13:15:56,1.15,100,137900
20240219,13:16:12,1.15,4050,140350
20240219,13:16:13,1.15,50,140350
20240219,13:16:14,1.15,50,140350
20240219,13:16:21,1.15,50,140350
20240219,13:17:33,1.15,900,140350
20240219,13:17:41,1.15,100,140350
20240219,13:21:22,1.2,50,137850
20240219,13:23:39,1.15,50,137850
20240219,13:23:42,1.15,6300,137900
20240219,13:24:23,1.15,50,137900
20240219,13:24:27,1.15,50,137900
20240219,13:24:40,1.15,50,137900
20240219,13:25:52,1.15,50,136650
20240219,13:26:11,1.15,50,136650
20240219,13:28:13,1.15,100,136750
20240219,13:28:25,1.15,1100,136750
20240219,13:29:58,1.15,50,136750
20240219,13:30:42,1.1,900,136750
20240219,13:30:43,1.1,900,136750
20240219,13:35:00,1.15,50,136750
20240219,13:41:43,1.15,50,137250
20240219,13:42:26,1.15,5200,137250
20240219,13:42:26,1.15,250,137250
20240219,13:42:28,1.15,250,137250
20240219,13:42:33,1.15,200,137250
20240219,13:42:48,1.15,550,137250
20240219,13:43:10,1.15,50,137250
20240219,13:43:11,1.15,4100,137300
20240219,13:43:12,1.1,250,137300
20240219,13:43:17,1.15,50,137300
20240219,13:43:22,1.15,250,137300
20240219,13:45:53,1.15,50,137300
20240219,13:46:49,1.15,500,139400
20240219,13:47:36,1.15,100,139400
20240219,13:47:36,1.15,50,139400
20240219,13:47:52,1.15,200,139400
20240219,13:48:00,1.15,1850,139400
20240219,13:48:01,1.15,1200,139400
20240219,13:48:33,1.15,50,139400
20240219,13:48:37,1.2,8300,139400
20240219,13:48:50,1.15,250,139400
20240219,13:48:50,1.15,2600,139400
20240219,13:48:55,1.15,100,139400
20240219,13:49:02,1.15,50,139400
20240219,13:49:05,1.15,50,139400
20240219,13:49:06,1.15,200,139400
20240219,13:49:08,1.15,200,139400
20240219,13:49:14,1.15,50,139400
20240219,13:49:29,1.15,150,141000
20240219,13:50:42,1.1,200,141000
20240219,13:50:56,1.15,50,141000
20240219,13:51:16,1.15,50,141000
20240219,13:51:55,1.15,100,141000
20240219,13:52:08,1.15,100,141000
20240219,13:52:31,1.15,200,141000
20240219,13:52:48,1.15,50,141600
20240219,13:54:41,1.1,900,141600
20240219,13:55:02,1.15,500,141600
20240219,13:55:48,1.15,50,142250
20240219,13:56:26,1.15,50,142250
20240219,13:57:58,1.15,650,142250
20240219,13:57:58,1.15,50,142250
20240219,13:57:59,1.15,4550,142250
20240219,13:58:02,1.15,50,142250
20240219,13:58:09,1.2,3600,142250
20240219,13:59:11,1.15,50,145500
20240219,13:59:35,1.2,1150,145500
20240219,14:01:07,1.2,550,145500
20240219,14:01:08,1.2,50,145500
20240219,14:01:09,1.2,50,145500
20240219,14:01:48,1.2,50,145500
20240219,14:02:07,1.2,400,145500
20240219,14:02:16,1.2,50,145500
20240219,14:02:43,1.25,250,145500
20240219,14:02:50,1.25,800,145500
20240219,14:02:53,1.2,50,145500
20240219,14:03:07,1.2,1100,145500
20240219,14:03:24,1.2,100,145500
20240219,14:03:46,1.2,250,145500
20240219,14:04:07,1.25,300,145500
20240219,14:04:21,1.2,100,145500
20240219,14:04:55,1.2,50,145400
20240219,14:05:07,1.25,600,145400
20240219,14:05:16,1.2,2300,145400
20240219,14:06:07,1.25,1000,145400
20240219,14:07:07,1.2,1350,145400
20240219,14:07:19,1.25,100,143400
20240219,14:07:29,1.25,100,143400
20240219,14:07:33,1.25,100,143400
20240219,14:07:55,1.25,100,143400
20240219,14:07:57,1.25,500,143400
20240219,14:07:57,1.25,4250,143400
20240219,14:07:58,1.3,1850,143400
20240219,14:08:06,1.3,1800,143400
20240219,14:08:30,1.3,1800,143400
20240219,14:08:37,1.3,200,143400
20240219,14:09:07,1.25,50,143400
20240219,14:09:37,1.25,100,143400
20240219,14:09:46,1.3,150,143400
20240219,14:09:58,1.3,400,143400
20240219,14:10:01,1.25,2300,143400
20240219,14:10:05,1.3,50,143400
20240219,14:10:41,1.25,1000,143400
20240219,14:11:26,1.3,200,146600
20240219,14:12:37,1.3,800,146600
20240219,14:12:38,1.3,500,146600
20240219,14:13:11,1.3,1500,146600
20240219,14:14:00,1.25,250,146600
20240219,14:14:07,1.3,8400,145800
20240219,14:14:32,1.3,3800,145800
20240219,14:14:33,1.3,350,145800
20240219,14:14:51,1.3,50,145800
20240219,14:15:07,1.3,250,145800
20240219,14:15:19,1.3,500,145800
20240219,14:16:18,1.3,17100,144800
20240219,14:16:19,1.3,50,144800
20240219,14:16:20,1.3,100,144800
20240219,14:16:27,1.3,50,144800
20240219,14:16:50,1.3,300,144800
20240219,14:16:57,1.3,50,144800
20240219,14:17:43,1.3,50,144800
20240219,14:17:45,1.3,50,144800
20240219,14:17:46,1.3,50,144800
20240219,14:18:42,1.3,1500,144800
20240219,14:18:46,1.3,500,144800
20240219,14:18:47,1.3,7500,144800
20240219,14:18:48,1.3,850,144800
20240219,14:18:49,1.25,200,144800
20240219,14:19:02,1.3,850,144800
20240219,14:19:05,1.3,50,144800
20240219,14:19:06,1.3,650,144800
20240219,14:19:07,1.3,650,144800
20240219,14:19:07,1.3,50,144800
20240219,14:19:09,1.3,1250,144800
20240219,14:19:26,1.3,1400,156650
20240219,14:19:28,1.3,700,156650
20240219,14:19:37,1.3,3650,156650
20240219,14:19:38,1.3,50,156650
20240219,14:19:42,1.3,50,156650
20240219,14:19:43,1.3,250,156650
20240219,14:19:50,1.35,50,156650
20240219,14:19:59,1.35,3650,156650
20240219,14:20:01,1.3,50,156650
20240219,14:20:03,1.25,200,156650
20240219,14:20:03,1.3,50,156650
20240219,14:20:04,1.3,50,156650
20240219,14:20:06,1.3,2100,156650
20240219,14:20:07,1.3,1000,156650
20240219,14:20:31,1.3,100,156650
20240219,14:20:35,1.25,150,156650
20240219,14:20:43,1.3,4550,156650
20240219,14:20:43,1.3,1150,156650
20240219,14:21:15,1.3,2800,156650
20240219,14:21:16,1.3,1150,156650
20240219,14:21:17,1.3,150,156650
20240219,14:21:42,1.3,2900,156650
20240219,14:21:43,1.3,1250,156650
20240219,14:22:06,1.3,500,156650
20240219,14:22:37,1.3,350,154700
20240219,14:22:42,1.3,350,154700
20240219,14:22:56,1.3,300,154700
20240219,14:23:07,1.3,250,154700
20240219,14:23:42,1.3,2500,154700
20240219,14:24:08,1.3,3000,154700
20240219,14:24:09,1.3,800,154700
20240219,14:24:22,1.3,250,154700
20240219,14:24:37,1.3,2100,154700
20240219,14:24:45,1.35,400,154700
20240219,14:26:32,1.35,400,154400
20240219,14:27:31,1.35,50,154400
20240219,14:27:47,1.35,500,154400
20240219,14:27:59,1.3,200,154400
20240219,14:28:00,1.3,5700,154400
20240219,14:28:30,1.35,50,154400
20240219,14:28:32,1.35,100,154450
20240219,14:28:34,1.3,2400,154450
20240219,14:28:37,1.3,500,154450
20240219,14:28:38,1.3,15750,154450
20240219,14:28:38,1.3,300,154450
20240219,14:28:39,1.3,14500,154450
20240219,14:28:40,1.3,7300,154450
20240219,14:28:41,1.3,50,154450
20240219,14:28:53,1.3,50,154450
20240219,14:29:55,1.3,50,154450
20240219,14:29:59,1.35,850,154450
20240219,14:30:02,1.3,50,154450
20240219,14:30:03,1.3,50,154450
20240219,14:30:05,1.3,50,154450
20240219,14:30:06,1.3,50,154450
20240219,14:31:16,1.35,1000,154450
20240219,14:31:33,1.35,500,148550
20240219,14:31:34,1.35,5900,148550
20240219,14:31:35,1.35,1150,148550
20240219,14:31:44,1.3,50,148550
20240219,14:33:20,1.35,800,148550
20240219,14:33:21,1.35,3100,148550
20240219,14:33:36,1.35,1800,148550
20240219,14:33:44,1.35,400,148550
20240219,14:33:46,1.35,100,148550
20240219,14:34:02,1.35,600,148550
20240219,14:34:05,1.35,1500,148550
20240219,14:34:07,1.35,100,148550
20240219,14:34:08,1.35,250,148550
20240219,14:34:29,1.35,500,147000
20240219,14:34:40,1.35,3600,147000
20240219,14:34:41,1.35,50,147000
20240219,14:34:41,1.35,700,147000
20240219,14:35:04,1.35,2350,147000
20240219,14:35:05,1.35,150,147000
20240219,14:35:07,1.35,950,147000
20240219,14:35:08,1.35,50,147000
20240219,14:35:09,1.35,100,147000
20240219,14:35:32,1.35,750,147000
20240219,14:35:55,1.35,500,147000
20240219,14:36:48,1.35,300,147000
20240219,14:36:52,1.35,50,147000
20240219,14:37:51,1.35,50,147000
20240219,14:38:13,1.3,400,147450
20240219,14:38:39,1.3,200,147450
20240219,14:39:21,1.3,200,147450
20240219,14:40:58,1.3,1500,147450
20240219,14:41:01,1.3,200,147500
20240219,14:41:03,1.3,100,147500
20240219,14:41:04,1.3,100,147500
20240219,14:41:23,1.3,3500,147500
20240219,14:41:24,1.3,750,147500
20240219,14:41:25,1.3,500,147500
20240219,14:41:37,1.3,10800,147500
20240219,14:41:40,1.3,500,147500
20240219,14:41:40,1.3,250,147500
20240219,14:41:41,1.3,7400,147500
20240219,14:41:49,1.35,5750,147500
20240219,14:41:53,1.35,50,147500
20240219,14:41:55,1.35,50,147500
20240219,14:42:09,1.3,7450,147500
20240219,14:42:56,1.25,50,147500
20240219,14:44:29,1.3,50,147500
20240219,14:45:07,1.3,50,159750
20240219,14:45:09,1.25,3200,159750
20240219,14:45:24,1.25,4600,159750
20240219,14:45:29,1.25,50,159750
20240219,14:45:32,1.25,50,159750
20240219,14:45:57,1.25,50,159750
20240219,14:45:58,1.25,50,159750
20240219,14:46:01,1.25,1450,159750
20240219,14:48:25,1.2,450,159750
20240219,14:48:48,1.2,450,161950
20240219,14:48:53,1.2,450,161950
20240219,14:49:24,1.2,50,161950
20240219,14:49:36,1.25,6450,160600
20240219,14:49:37,1.25,50,160600
20240219,14:49:38,1.25,600,160600
20240219,14:49:47,1.25,250,160600
20240219,14:50:01,1.25,50,160600
20240219,14:50:02,1.25,250,160600
20240219,14:50:22,1.25,250,160600
20240219,14:50:51,1.3,39450,160600
20240219,14:50:52,1.3,5450,160600
20240219,14:50:55,1.3,250,160600
20240219,14:51:02,1.3,1500,160600
20240219,14:51:03,1.3,1800,160600
20240219,14:51:04,1.3,1500,160600
20240219,14:51:07,1.3,1800,160600
20240219,14:51:11,1.3,1500,160600
20240219,14:51:12,1.3,11350,160600
20240219,14:51:13,1.3,750,160600
20240219,14:51:14,1.3,4900,160600
20240219,14:51:23,1.3,600,160600
20240219,14:51:23,1.3,3000,160600
20240219,14:51:25,1.3,200,160600
20240219,14:51:26,1.3,200,160600
20240219,14:51:26,1.3,50,160600
20240219,14:51:27,1.3,200,160600
20240219,14:51:28,1.3,200,160600
20240219,14:51:29,1.3,250,160600
20240219,14:51:30,1.3,200,160600
20240219,14:51:31,1.3,2000,160600
20240219,14:52:14,1.3,100,160600
20240219,14:52:16,1.3,3800,160600
20240219,14:52:17,1.3,50,160600
20240219,14:52:19,1.3,50,160600
20240219,14:52:25,1.3,1500,141200
20240219,14:52:26,1.3,50,141200
20240219,14:52:30,1.3,200,141200
20240219,14:52:31,1.3,200,141200
20240219,14:52:51,1.3,200,141200
20240219,14:52:52,1.35,150,141200
20240219,14:52:53,1.3,200,141200
20240219,14:52:54,1.3,200,141200
20240219,14:52:55,1.3,200,141200
20240219,14:52:56,1.3,400,141200
20240219,14:53:15,1.3,2450,141200
20240219,14:53:15,1.3,17300,141200
20240219,14:53:16,1.3,1200,141200
20240219,14:53:17,1.3,1750,141200
20240219,14:53:18,1.3,1750,141200
20240219,14:53:19,1.3,2250,141200
20240219,14:53:42,1.3,3000,141200
20240219,14:53:43,1.3,2300,141200
20240219,14:57:19,1.25,50,141200
20240219,14:57:20,1.25,3700,147600
20240219,14:57:21,1.25,50,147600
20240219,14:57:30,1.25,2900,147600
20240219,14:57:51,1.25,900,147600
20240219,14:58:17,1.2,650,147600
20240219,14:58:19,1.25,900,147600
20240219,14:58:22,1.2,900,155150
20240219,14:59:20,1.25,50,155150
20240219,14:59:35,1.2,500,155150
20240219,14:59:36,1.2,7100,155150
20240219,14:59:40,1.15,500,155150
20240219,14:59:42,1.2,3950,155150
20240219,14:59:43,1.2,50,155150
20240219,14:59:50,1.2,500,155150
20240219,15:00:10,1.2,100,155150
20240219,15:00:36,1.2,100,155150
20240219,15:01:04,1.25,11450,155150
20240219,15:01:05,1.25,500,155150
20240219,15:01:10,1.2,100,155150
20240219,15:01:21,1.25,50,143150
20240219,15:01:42,1.2,800,143150
20240219,15:02:13,1.25,550,143150
20240219,15:02:19,1.2,50,143150
20240219,15:02:20,1.25,1500,143150
20240219,15:02:22,1.25,1500,143150
20240219,15:02:23,1.25,1500,143150
20240219,15:02:24,1.25,1750,143150
20240219,15:02:26,1.25,50,143150
20240219,15:02:27,1.25,50,143150
20240219,15:02:41,1.25,250,143150
20240219,15:02:47,1.25,250,143150
20240219,15:02:51,1.25,6700,143150
20240219,15:03:15,1.2,1800,143150
20240219,15:03:16,1.2,3800,143150
20240219,15:03:23,1.2,200,143150
20240219,15:03:24,1.2,200,143150
20240219,15:03:25,1.2,200,143150
20240219,15:03:51,1.25,13400,143150
20240219,15:03:52,1.25,250,143150
20240219,15:03:53,1.25,5400,143150
20240219,15:03:54,1.25,1650,143150
20240219,15:04:06,1.2,4000,143150
20240219,15:04:07,1.15,2100,143150
20240219,15:04:14,1.15,900,143150
20240219,15:04:16,1.2,350,143150
20240219,15:04:32,1.2,2100,159600
20240219,15:05:05,1.2,450,159600
20240219,15:05:11,1.2,50,159600
20240219,15:05:23,1.2,1000,159600
20240219,15:05:25,1.2,500,159600
20240219,15:05:33,1.15,1050,159600
20240219,15:05:51,1.2,500,159600
20240219,15:05:55,1.15,150,159600
20240219,15:06:06,1.15,2000,159600
20240219,15:06:11,1.15,450,159600
20240219,15:06:16,1.2,2000,159600
20240219,15:06:18,1.2,500,159600
20240219,15:06:31,1.15,50,159600
20240219,15:06:55,1.2,500,159600
20240219,15:07:43,1.2,250,159600
20240219,15:08:12,1.2,400,158650
20240219,15:08:20,1.2,400,158650
20240219,15:08:44,1.15,250,158650
20240219,15:08:46,1.15,250,158650
20240219,15:08:47,1.15,250,158650
20240219,15:08:48,1.15,250,158650
20240219,15:08:55,1.15,50,158650
20240219,15:09:00,1.15,250,158650
20240219,15:09:02,1.15,50,158650
20240219,15:09:04,1.15,500,158650
20240219,15:09:15,1.15,800,158650
20240219,15:09:16,1.15,50,158650
20240219,15:09:25,1.15,250,158650
20240219,15:09:32,1.15,250,158650
20240219,15:09:37,1.15,9450,158650
20240219,15:11:23,1.15,250,161250
20240219,15:11:36,1.15,500,161250
20240219,15:11:55,1.15,1500,161250
20240219,15:12:01,1.15,650,161250
20240219,15:12:19,1.15,250,161250
20240219,15:12:27,1.1,250,161250
20240219,15:12:56,1.15,500,161250
20240219,15:13:22,1.15,3850,161250
20240219,15:13:32,1.15,200,161250
20240219,15:13:48,1.15,14550,160100
20240219,15:13:48,1.15,250,160100
20240219,15:13:49,1.15,250,160100
20240219,15:13:59,1.15,50,160100
20240219,15:14:06,1.15,2050,160100
20240219,15:14:23,1.15,12150,160100
20240219,15:14:33,1.15,6650,160100
20240219,15:14:48,1.15,500,160100
20240219,15:14:52,1.15,100,160100
20240219,15:14:54,1.15,50,160100
20240219,15:14:54,1.15,100,160100
20240219,15:14:55,1.15,300,160100
20240219,15:14:56,1.15,100,160100
