date,time,tick_price,volume,open_interest
20240207,09:15:08,3.05,50,1250
20240207,09:15:20,3.0,450,1250
20240207,09:15:32,3.05,300,1250
20240207,09:15:47,3.0,350,1250
20240207,09:16:15,3.05,100,1250
20240207,09:17:05,3.05,100,1250
20240207,09:17:17,3.0,500,1250
20240207,09:17:29,3.0,250,1250
20240207,09:17:40,3.0,100,1250
20240207,09:17:52,3.05,400,1250
20240207,09:18:05,3.0,1150,1250
20240207,09:18:16,3.0,50,1250
20240207,09:18:49,3.05,100,1250
20240207,09:19:56,3.0,50,3500
20240207,09:20:06,3.05,500,3500
20240207,09:21:36,3.05,450,3500
20240207,09:24:18,3.05,450,4200
20240207,09:24:40,3.05,50,4200
20240207,09:25:14,3.05,50,4200
20240207,09:25:25,3.05,100,4200
20240207,09:25:36,3.05,100,4550
20240207,09:27:03,3.05,100,4550
20240207,09:27:59,3.0,50,4550
20240207,09:56:40,2.95,50,4650
20240207,10:03:54,2.9,50,4650
20240207,10:11:27,2.85,50,4700
20240207,10:32:21,2.8,50,4700
20240207,10:32:28,2.8,300,4700
20240207,10:34:25,2.7,50,4700
20240207,10:35:47,2.7,50,4650
20240207,10:36:08,2.7,100,4650
20240207,10:36:23,2.7,50,4650
20240207,10:37:00,2.7,50,4650
20240207,10:37:08,2.7,50,4650
20240207,10:37:22,2.7,50,4650
20240207,10:40:54,2.7,200,4650
20240207,10:42:23,2.7,50,4600
20240207,10:47:43,2.7,500,4450
20240207,10:54:28,2.7,200,4450
20240207,10:54:32,2.9,50,4450
20240207,10:55:13,2.85,50,4450
20240207,10:56:37,2.8,50,4350
20240207,10:56:54,2.8,50,4350
20240207,10:57:36,2.8,50,4350
20240207,10:57:42,2.85,50,4350
20240207,11:20:33,2.7,150,4200
20240207,11:34:15,3.0,50,4050
20240207,11:35:55,3.0,500,4100
20240207,11:38:46,3.0,150,4100
20240207,11:47:00,2.75,50,4100
20240207,11:47:16,2.75,50,4100
20240207,11:47:24,2.75,50,4100
20240207,12:10:23,2.7,50,4100
20240207,12:27:06,2.7,100,4050
20240207,12:29:17,2.65,100,4050
20240207,12:31:46,2.65,50,4050
20240207,12:32:00,2.6,100,4000
20240207,12:33:07,2.55,100,4000
20240207,12:35:14,2.5,100,4000
20240207,12:35:21,2.45,300,4000
20240207,12:35:28,2.45,50,4000
20240207,12:35:36,2.55,50,4000
20240207,12:35:59,2.6,500,4000
20240207,12:36:06,2.45,100,4000
20240207,12:36:19,2.5,150,4000
20240207,12:36:26,2.4,500,4000
20240207,12:37:02,2.45,150,4000
20240207,12:37:09,2.5,200,4000
20240207,12:37:29,2.5,200,4000
20240207,12:37:36,2.5,150,4000
20240207,12:37:51,2.5,50,4000
20240207,12:40:14,2.5,100,4800
20240207,12:40:47,2.55,200,4800
20240207,12:41:07,2.55,50,4950
20240207,12:43:04,2.55,300,4950
20240207,12:44:27,2.6,50,4900
20240207,12:48:59,2.7,50,4950
20240207,13:21:35,2.45,150,5000
20240207,13:42:27,2.35,50,5050
20240207,13:42:37,2.35,50,5050
20240207,13:57:57,2.3,100,4950
20240207,14:02:08,2.3,50,4950
20240207,14:09:02,2.2,50,4900
20240207,14:12:21,2.2,50,4850
20240207,14:13:13,2.45,150,4850
20240207,14:20:35,2.15,50,4750
20240207,14:26:51,2.15,50,4700
20240207,14:28:00,2.2,50,4700
20240207,14:28:07,2.2,50,4700
20240207,14:28:28,2.2,600,4700
20240207,14:28:35,2.2,50,4700
20240207,14:28:50,2.25,250,4700
20240207,14:28:57,2.25,400,4700
20240207,14:29:18,2.25,50,4700
20240207,14:29:34,2.25,50,3950
20240207,14:29:42,2.25,50,3950
20240207,14:29:49,2.35,50,3950
20240207,14:29:56,2.35,1200,3950
20240207,14:30:04,2.25,50,3950
20240207,14:30:20,2.2,50,3950
20240207,14:30:26,2.35,150,3950
20240207,14:30:40,2.35,500,3950
20240207,14:30:47,2.35,500,3950
20240207,14:31:38,2.25,150,3950
20240207,14:31:55,2.25,200,3950
20240207,14:32:10,2.25,200,3950
20240207,14:34:30,2.3,50,5100
20240207,14:35:09,2.3,50,5100
20240207,14:35:38,2.3,100,5100
20240207,14:35:44,2.3,50,5100
20240207,14:35:59,2.3,50,5100
20240207,14:39:08,2.3,50,4900
20240207,14:39:15,2.3,300,4900
20240207,14:40:02,2.25,50,4900
20240207,14:40:55,2.3,100,4900
20240207,14:41:07,2.3,50,4900
20240207,14:41:12,2.35,100,4900
20240207,14:49:15,2.25,50,4650
20240207,14:49:46,2.25,50,4650
20240207,14:51:14,2.2,50,4550
20240207,14:51:52,2.2,100,4550
20240207,14:54:15,2.15,150,4550
20240207,14:54:47,2.15,50,4550
20240207,14:56:36,2.15,1300,4500
20240207,14:57:29,2.15,50,4500
20240207,14:57:52,2.15,50,4500
20240207,14:58:04,2.15,100,4500
20240207,14:58:11,2.15,650,4500
20240207,14:58:34,2.1,800,4500
20240207,14:59:32,2.1,50,4650
20240207,14:59:43,2.15,50,4650
20240207,14:59:50,2.15,50,4650
20240207,15:00:09,2.15,1150,4650
20240207,15:01:11,2.1,50,4650
20240207,15:01:35,2.15,500,4650
20240207,15:03:40,2.1,50,5450
20240207,15:05:09,2.1,50,5450
20240207,15:05:34,2.1,50,5500
20240207,15:08:23,2.05,400,5500
20240207,15:08:57,2.05,100,5500
20240207,15:09:26,2.1,50,5500
20240207,15:10:17,2.1,150,5500
20240207,15:10:23,2.1,700,5500
20240207,15:11:45,2.0,200,5800
20240207,15:12:29,1.95,700,5800
20240207,15:13:37,1.95,50,5800
20240207,15:13:59,2.0,50,5800
20240207,15:14:03,1.95,400,5800
20240207,15:14:22,2.0,400,5800
20240207,15:14:43,2.0,200,6200
20240207,15:16:56,2.0,50,6200
20240207,15:18:18,2.05,450,6250
20240207,15:18:44,2.05,50,6250
20240207,15:19:07,2.05,200,6250
20240207,15:19:21,2.1,200,6250
20240207,15:20:55,2.05,50,6650
20240207,15:21:44,2.1,100,6650
20240207,15:22:13,2.1,150,6650
20240207,15:22:44,2.1,250,6650
20240207,15:23:11,2.1,50,6650
20240207,15:23:16,2.1,50,6650
20240207,15:24:04,2.1,50,6650
20240207,15:24:13,2.1,300,6650
20240207,15:24:18,2.1,50,6650
20240207,15:24:27,2.1,50,6650
20240207,15:24:33,2.1,250,6650
20240207,15:24:38,2.1,50,6650
20240207,15:24:44,2.1,250,6650
20240207,15:25:11,2.1,600,6650
20240207,15:25:44,2.05,100,6650
20240207,15:26:02,2.05,400,6650
20240207,15:26:37,1.95,300,6700
20240207,15:26:46,2.0,50,6700
20240207,15:27:21,2.0,50,6700
20240207,15:28:22,2.0,200,6700
20240208,09:21:18,1.55,1,6950
20240208,09:21:18,1.6,150,6950
20240208,09:21:29,1.7,300,6950
20240208,09:22:12,1.7,300,6950
20240208,09:24:46,1.85,100,7700
20240208,09:24:57,1.85,50,7700
20240208,09:25:08,1.9,1850,7700
20240208,09:25:19,1.9,350,7700
20240208,09:27:47,2.0,2900,8200
20240208,09:29:05,2.0,450,10500
20240208,09:29:42,2.0,250,10500
20240208,09:31:10,1.95,350,10500
20240208,09:32:04,1.9,150,11100
20240208,09:32:50,1.9,500,11100
20240208,09:37:50,1.95,200,10450
20240208,09:38:29,1.95,300,10450
20240208,09:38:40,1.95,100,10450
20240208,09:39:09,1.95,100,10450
20240208,09:41:50,1.95,500,10450
20240208,09:43:12,1.95,50,10350
20240208,09:43:41,1.9,50,10350
20240208,09:44:18,1.95,200,10250
20240208,09:44:38,1.95,200,10250
20240208,09:44:48,1.95,100,10250
20240208,09:46:37,1.95,50,10250
20240208,09:47:08,1.95,100,10200
20240208,09:48:35,1.9,100,10200
20240208,09:51:47,1.95,50,10000
20240208,09:52:33,1.95,100,10000
20240208,09:52:41,1.9,50,10000
20240208,09:52:48,1.9,100,9950
20240208,09:57:58,1.9,50,9950
20240208,09:58:15,1.9,550,9950
20240208,09:58:43,1.9,50,9950
20240208,09:58:52,1.9,50,10050
20240208,10:01:08,1.9,50,10050
20240208,10:02:03,1.9,50,10150
20240208,10:02:12,1.9,100,10150
20240208,10:04:59,1.9,50,10200
20240208,10:05:12,1.9,150,10200
20240208,10:05:24,1.9,100,10200
20240208,10:07:24,1.9,300,10200
20240208,10:08:00,1.95,250,10800
20240208,10:08:18,1.9,50,10800
20240208,10:08:27,1.9,50,10800
20240208,10:09:12,1.95,300,10800
20240208,10:09:24,1.95,100,10800
20240208,10:09:34,1.95,150,10800
20240208,10:10:11,1.95,100,10800
20240208,10:10:30,1.95,550,10800
20240208,10:10:48,1.95,400,10850
20240208,10:10:57,1.95,150,10850
20240208,10:11:15,1.95,350,10850
20240208,10:13:25,1.95,150,10850
20240208,10:14:17,1.9,50,10550
20240208,10:15:35,1.95,600,10550
20240208,10:15:46,1.95,50,10550
20240208,10:15:56,1.95,150,10550
20240208,10:16:07,1.95,50,10550
20240208,10:16:16,1.95,300,10550
20240208,10:16:26,1.95,100,10550
20240208,10:21:02,1.95,50,10550
20240208,10:21:11,1.95,50,10550
20240208,10:22:20,1.95,100,10550
20240208,10:23:02,1.95,100,10550
20240208,10:23:12,1.95,400,10550
20240208,10:23:45,1.95,50,10550
20240208,10:24:01,1.95,50,10550
20240208,10:24:17,1.95,50,10550
20240208,10:25:06,1.95,150,10550
20240208,10:25:23,1.95,50,10550
20240208,10:25:32,1.95,50,10550
20240208,10:26:20,1.95,50,10450
20240208,10:26:31,1.95,50,10450
20240208,10:26:40,1.95,100,10450
20240208,10:27:26,1.85,100,10450
20240208,10:27:44,1.85,50,10450
20240208,10:28:33,1.9,650,10450
20240208,10:28:42,1.9,150,10450
20240208,10:28:58,1.9,50,10500
20240208,10:29:22,1.95,100,10500
20240208,10:29:39,1.95,100,10500
20240208,10:29:47,1.95,250,10500
20240208,10:29:55,1.95,100,10500
20240208,10:30:02,1.95,300,10500
20240208,10:30:10,1.95,100,10500
20240208,10:32:22,1.9,1100,10650
20240208,10:35:16,1.85,1000,11700
20240208,10:36:58,1.9,1900,11700
20240208,10:37:14,1.9,50,11700
20240208,10:37:38,1.9,100,11700
20240208,10:37:47,1.9,500,11700
20240208,10:40:37,1.85,700,13450
20240208,10:41:18,1.85,3550,14150
20240208,10:41:26,1.9,50,14150
20240208,10:41:36,1.9,50,14150
20240208,10:41:46,1.9,200,14150
20240208,10:42:16,1.85,1050,14150
20240208,10:43:14,1.9,100,14150
20240208,10:43:44,1.9,50,14150
20240208,10:43:54,1.9,50,14150
20240208,10:45:17,1.75,2750,17900
20240208,10:45:35,1.8,100,17900
20240208,10:45:54,1.8,500,17900
20240208,10:46:04,1.8,50,17900
20240208,10:46:38,1.8,50,17900
20240208,10:47:28,1.8,600,18350
20240208,10:47:36,1.8,300,18350
20240208,10:47:46,1.8,450,18350
20240208,10:49:52,1.8,300,18350
20240208,10:50:34,1.8,200,18350
20240208,10:50:52,1.8,200,18350
20240208,10:51:18,1.8,200,18350
20240208,10:52:16,1.85,50,18350
20240208,10:53:43,1.9,2550,18050
20240208,10:55:20,1.8,50,18050
20240208,10:55:43,1.8,300,18050
20240208,10:55:59,1.8,400,17900
20240208,10:56:07,1.75,500,17900
20240208,10:56:49,1.8,250,17900
20240208,10:57:18,1.8,200,17900
20240208,10:57:29,1.8,300,17900
20240208,10:57:39,1.7,8250,17900
20240208,10:57:51,1.7,800,17900
20240208,10:58:14,1.7,500,17900
20240208,10:58:37,1.7,1000,17900
20240208,10:59:18,1.75,300,24700
20240208,10:59:49,1.75,50,24700
20240208,11:00:31,1.85,10750,24700
20240208,11:00:43,1.85,350,24700
20240208,11:00:54,1.85,250,24700
20240208,11:01:04,1.85,50,24700
20240208,11:01:52,1.9,300,24700
20240208,11:02:22,1.9,2900,28450
20240208,11:02:51,1.95,200,28450
20240208,11:03:02,1.95,150,28450
20240208,11:03:35,2.0,100,28450
20240208,11:04:23,2.0,100,28450
20240208,11:04:33,2.0,50,28450
20240208,11:04:42,2.05,150,28450
20240208,11:05:09,2.05,250,31000
20240208,11:05:45,2.05,300,31000
20240208,11:06:05,2.05,1050,31000
20240208,11:06:14,2.0,100,31000
20240208,11:06:24,1.95,50,31000
20240208,11:06:35,1.95,900,31000
20240208,11:08:06,1.9,150,30200
20240208,11:08:25,2.0,200,30200
20240208,11:08:44,2.0,500,30200
20240208,11:08:54,2.0,150,30200
20240208,11:09:03,2.05,1800,30200
20240208,11:09:12,2.05,50,30200
20240208,11:09:31,2.05,50,30200
20240208,11:09:59,2.1,50,30200
20240208,11:10:08,2.15,150,30200
20240208,11:10:17,2.35,350,30200
20240208,11:10:27,2.2,100,30200
20240208,11:11:20,2.2,50,32500
20240208,11:11:30,2.25,550,32500
20240208,11:11:40,2.25,350,32500
20240208,11:11:49,2.25,300,32500
20240208,11:12:17,2.2,1200,32500
20240208,11:13:02,2.2,800,32500
20240208,11:13:11,2.2,50,32500
20240208,11:13:20,2.2,150,32500
20240208,11:13:37,2.2,1000,32500
20240208,11:13:45,2.2,100,32500
20240208,11:13:53,2.25,200,32500
20240208,11:14:20,2.25,1300,31700
20240208,11:14:28,2.2,50,31700
20240208,11:15:01,2.2,1000,31700
20240208,11:15:09,2.2,200,31700
20240208,11:16:02,2.2,50,31700
20240208,11:16:18,2.2,150,31700
20240208,11:16:44,2.2,100,31700
20240208,11:17:01,2.15,500,31700
20240208,11:17:27,2.1,500,32600
20240208,11:17:44,2.15,1100,32600
20240208,11:18:00,2.05,1300,32600
20240208,11:18:07,2.1,3350,32600
20240208,11:18:23,2.1,900,32600
20240208,11:18:31,2.1,150,32600
20240208,11:18:56,2.05,500,32600
20240208,11:19:05,2.1,1350,32600
20240208,11:19:21,2.05,400,32600
20240208,11:19:29,2.05,150,32600
20240208,11:19:38,2.0,2400,32600
20240208,11:19:46,2.0,600,32600
20240208,11:19:55,2.0,150,32600
20240208,11:20:03,2.05,100,32600
20240208,11:21:18,2.05,100,33600
20240208,11:21:27,2.05,100,33600
20240208,11:21:44,2.05,2550,33600
20240208,11:22:16,1.95,600,33600
20240208,11:22:33,2.0,50,33600
20240208,11:24:01,2.0,50,32900
20240208,11:24:32,2.0,100,32900
20240208,11:25:12,2.0,500,32900
20240208,11:25:47,2.0,200,32900
20240208,11:26:13,2.0,100,32900
20240208,11:27:37,1.95,150,32900
20240208,11:28:15,1.95,100,32900
20240208,11:28:40,1.9,100,32900
20240208,11:28:58,1.9,100,32900
20240208,11:29:08,1.9,150,33100
20240208,11:29:17,1.9,50,33100
20240208,11:29:25,1.95,650,33100
20240208,11:29:33,1.95,200,33100
20240208,11:29:40,1.95,50,33100
20240208,11:31:53,2.0,250,33100
20240208,11:32:25,2.0,100,33200
20240208,11:32:58,2.0,50,33200
20240208,11:33:14,2.0,200,33200
20240208,11:34:06,1.9,1500,33200
20240208,11:34:35,1.95,800,33200
20240208,11:34:43,1.9,500,33200
20240208,11:34:51,1.9,200,33200
20240208,11:35:06,1.9,200,36200
20240208,11:35:29,1.95,200,36200
20240208,11:35:45,1.9,950,36200
20240208,11:37:08,1.9,100,36200
20240208,11:37:16,1.9,50,36200
20240208,11:37:23,1.9,100,36200
20240208,11:37:31,1.9,2100,36200
20240208,11:38:03,1.85,50,36200
20240208,11:38:11,1.9,150,37950
20240208,11:38:27,1.9,300,37950
20240208,11:38:49,1.9,50,37950
20240208,11:39:25,1.95,1000,37950
20240208,11:39:32,2.0,500,37950
20240208,11:40:10,1.9,3500,37950
20240208,11:40:26,1.95,50,37950
20240208,11:41:20,1.95,300,40650
20240208,11:42:09,1.95,100,40650
20240208,11:42:30,1.95,250,40650
20240208,11:42:37,1.95,50,40650
20240208,11:42:45,1.95,100,40650
20240208,11:42:59,1.95,500,40650
20240208,11:44:31,1.95,300,40400
20240208,11:47:09,1.95,100,40100
20240208,11:48:25,1.95,100,40100
20240208,11:49:17,1.95,50,40100
20240208,11:50:49,1.9,3300,40100
20240208,11:51:50,1.9,200,40100
20240208,11:53:30,1.9,50,43200
20240208,11:53:55,1.85,250,43200
20240208,11:54:39,1.9,1050,43200
20240208,11:54:46,1.95,400,43200
20240208,11:54:54,1.95,750,43200
20240208,11:55:10,1.9,600,43200
20240208,11:55:41,1.9,100,43200
20240208,11:57:12,1.95,250,44900
20240208,11:57:59,1.9,150,44900
20240208,11:58:17,1.9,100,44900
20240208,11:58:24,1.95,50,44900
20240208,12:00:48,1.9,100,44650
20240208,12:02:18,1.9,250,44750
20240208,12:04:40,1.9,50,44750
20240208,12:06:29,1.9,50,45000
20240208,12:08:18,1.9,200,45000
20240208,12:08:44,1.9,2000,45000
20240208,12:09:57,1.9,400,45000
20240208,12:10:03,1.9,400,45000
20240208,12:11:55,1.9,50,45500
20240208,12:12:08,1.9,50,45500
20240208,12:12:16,1.9,50,45500
20240208,12:12:29,1.9,150,45500
20240208,12:12:43,1.9,50,45500
20240208,12:12:56,1.9,100,45500
20240208,12:13:14,1.9,50,45500
20240208,12:14:56,1.9,100,45750
20240208,12:15:08,1.95,1950,45750
20240208,12:15:27,1.95,50,45750
20240208,12:15:38,1.95,250,45750
20240208,12:16:27,1.95,1050,45750
20240208,12:16:33,1.95,250,45750
20240208,12:17:07,1.95,4000,45750
20240208,12:18:44,1.95,100,51200
20240208,12:20:33,1.95,50,51200
20240208,12:23:03,2.0,150,51200
20240208,12:23:09,2.0,800,51200
20240208,12:26:18,1.95,50,51850
20240208,12:26:31,1.95,50,51850
20240208,12:26:49,1.95,50,51850
20240208,12:31:37,1.9,100,52000
20240208,12:32:14,1.9,100,52050
20240208,12:47:31,1.95,2800,52100
20240208,12:47:54,1.9,3150,52100
20240208,12:48:10,1.9,1550,52100
20240208,12:51:34,1.9,1450,55150
20240208,12:51:39,1.9,100,55150
20240208,12:52:40,1.9,250,55150
20240208,12:52:53,1.9,300,55150
20240208,12:55:39,1.9,500,55400
20240208,12:55:44,1.9,100,55400
20240208,12:58:48,1.9,50,56000
20240208,12:59:16,1.9,50,56000
20240208,12:59:29,1.8,650,56100
20240208,12:59:37,1.8,100,56100
20240208,13:00:09,1.8,50,56100
20240208,13:01:29,1.8,1500,56100
20240208,13:01:46,1.75,950,56100
20240208,13:01:52,1.75,1500,56100
20240208,13:02:22,1.8,2050,54650
20240208,13:05:27,1.85,700,54650
20240208,13:07:41,1.85,250,54650
20240208,13:08:05,1.85,50,54650
20240208,13:08:51,1.85,50,54650
20240208,13:09:03,1.85,50,54650
20240208,13:09:47,1.8,100,54650
20240208,13:09:55,1.8,50,54650
20240208,13:10:49,1.8,50,54650
20240208,13:13:09,1.9,3850,54550
20240208,13:13:14,1.9,350,54550
20240208,13:13:19,1.9,300,54550
20240208,13:13:44,1.9,150,54550
20240208,13:13:48,1.9,2000,54550
20240208,13:13:53,1.9,2400,54550
20240208,13:14:08,1.9,300,54550
20240208,13:15:38,1.85,1200,59650
20240208,13:21:56,1.9,100,60800
20240208,13:22:34,1.9,500,60800
20240208,13:23:56,1.9,500,60800
20240208,13:24:31,1.9,250,60800
20240208,13:24:37,1.9,100,60800
20240208,13:24:43,1.9,1200,60800
20240208,13:24:50,1.85,600,60800
20240208,13:25:33,1.85,3000,60800
20240208,13:26:39,1.85,2000,65000
20240208,13:26:43,1.85,50,65000
20240208,13:28:16,1.75,3100,65000
20240208,13:29:35,1.8,1850,67550
20240208,13:29:40,1.8,50,67550
20240208,13:29:50,1.85,1500,67550
20240208,13:30:58,1.85,1300,67550
20240208,13:31:03,1.85,400,67550
20240208,13:31:35,1.85,4000,67550
20240208,13:31:43,1.85,700,67550
20240208,13:32:06,1.8,2800,67550
20240208,13:32:34,1.85,4000,71800
20240208,13:32:38,1.8,7250,71800
20240208,13:33:28,1.85,4750,71800
20240208,13:34:10,1.9,1500,71800
20240208,13:35:58,1.9,3300,82200
20240208,13:39:45,1.9,450,83600
20240208,13:39:56,1.9,1800,83600
20240208,13:40:43,1.95,800,83600
20240208,13:41:00,2.0,3300,83600
20240208,13:41:06,2.0,200,83600
20240208,13:41:51,1.95,2200,85350
20240208,13:41:56,1.95,2250,85350
20240208,13:42:00,1.9,800,85350
20240208,13:42:03,1.9,2600,85350
20240208,13:42:08,1.95,1750,85350
20240208,13:45:22,1.95,1200,88850
20240208,13:45:45,2.1,6150,88850
20240208,13:45:53,2.05,300,88850
20240208,13:45:57,2.05,400,88850
20240208,13:46:19,2.05,150,88850
20240208,13:46:25,2.05,300,88850
20240208,13:46:37,2.05,50,88850
20240208,13:47:06,2.0,14400,88850
20240208,13:47:15,2.05,4550,88850
20240208,13:47:54,2.05,3750,102400
20240208,13:48:02,2.05,800,102400
20240208,13:48:06,2.05,1200,102400
20240208,13:48:10,2.05,800,102400
20240208,13:48:14,2.1,1800,102400
20240208,13:48:41,2.05,900,102400
20240208,13:48:45,2.05,100,102400
20240208,13:48:49,2.05,150,102400
20240208,13:48:54,2.05,400,102400
20240208,13:49:43,2.05,50,102400
20240208,13:49:54,2.05,2750,102400
20240208,13:49:57,2.05,1550,102400
20240208,13:50:04,2.05,1850,102400
20240208,13:50:07,2.05,300,102400
20240208,13:50:11,2.05,200,102400
20240208,13:50:25,2.05,200,102400
20240208,13:50:47,2.05,50,106900
20240208,13:50:51,2.05,50,106900
20240208,13:51:08,2.05,300,106900
20240208,13:51:33,2.05,2700,106900
20240208,13:52:03,2.05,300,106900
20240208,13:52:13,2.05,1200,106900
20240208,13:52:22,2.05,200,106900
20240208,13:52:36,2.05,2400,106900
20240208,13:52:53,2.05,700,106900
20240208,13:53:13,2.05,250,106900
20240208,13:53:47,2.05,1850,109100
20240208,13:53:53,2.05,100,109100
20240208,13:54:06,1.95,6650,109100
20240208,13:54:43,2.05,450,109100
20240208,13:54:57,1.95,800,109100
20240208,13:55:02,1.95,1350,109100
20240208,13:55:08,1.95,200,109100
20240208,13:55:31,1.95,300,109100
20240208,13:55:44,1.95,50,109100
20240208,13:56:17,1.85,2650,109100
20240208,13:56:22,1.9,750,109100
20240208,13:56:27,1.85,4900,115400
20240208,13:56:33,1.9,2200,115400
20240208,13:56:37,1.9,50,115400
20240208,13:56:45,1.85,200,115400
20240208,13:57:10,1.9,100,115400
20240208,13:59:15,1.9,1650,115400
20240208,14:00:40,1.9,100,119600
20240208,14:00:43,1.9,50,119600
20240208,14:01:43,1.95,1800,119600
20240208,14:02:06,1.95,100,119600
20240208,14:02:29,1.9,3800,119500
20240208,14:03:28,1.95,300,119500
20240208,14:03:37,1.95,4250,119500
20240208,14:03:44,1.95,100,119500
20240208,14:04:06,1.95,250,119500
20240208,14:04:14,1.95,50,119500
20240208,14:04:47,1.95,200,119500
20240208,14:05:05,1.9,800,119500
20240208,14:05:12,1.9,2550,119500
20240208,14:05:50,1.9,100,122450
20240208,14:06:58,1.95,5100,122450
20240208,14:07:59,2.0,2400,122450
20240208,14:08:25,2.0,150,122450
20240208,14:08:51,2.0,100,127300
20240208,14:09:15,2.05,5400,127300
20240208,14:09:40,2.05,1800,127300
20240208,14:11:35,2.0,400,131000
20240208,14:11:54,2.0,50,131000
20240208,14:12:12,2.05,800,131000
20240208,14:13:40,2.1,450,131000
20240208,14:13:53,2.15,1700,131000
20240208,14:14:09,2.15,2250,131000
20240208,14:14:35,2.15,2700,131650
20240208,14:14:43,2.15,3500,131650
20240208,14:15:17,2.1,3850,131650
20240208,14:15:26,2.15,400,131650
20240208,14:15:43,2.2,450,131650
20240208,14:15:59,2.25,4150,131650
20240208,14:16:07,2.3,6400,131650
20240208,14:16:31,2.25,550,131650
20240208,14:16:39,2.3,1450,131650
20240208,14:16:47,2.3,50,131650
20240208,14:16:55,2.3,150,131650
20240208,14:17:28,2.3,50,131650
20240208,14:17:36,2.25,1100,141250
20240208,14:17:45,2.25,900,141250
20240208,14:17:53,2.25,150,141250
20240208,14:18:01,2.3,2350,141250
20240208,14:18:09,2.3,450,141250
20240208,14:18:16,2.3,100,141250
20240208,14:19:02,2.4,1250,141250
20240208,14:19:10,2.25,1850,141250
20240208,14:19:17,2.25,50,141250
20240208,14:19:25,2.25,500,141250
20240208,14:19:38,2.25,50,141250
20240208,14:20:05,2.25,100,141250
20240208,14:20:12,2.25,50,141250
20240208,14:20:40,2.25,650,144600
20240208,14:20:47,2.25,50,144600
20240208,14:20:54,2.25,2500,144600
20240208,14:21:09,2.3,750,144600
20240208,14:21:16,2.25,950,144600
20240208,14:21:36,2.3,150,144600
20240208,14:21:43,2.3,200,144600
20240208,14:21:49,2.25,100,144600
20240208,14:22:17,2.25,50,144600
20240208,14:22:46,2.3,150,144600
20240208,14:23:00,2.3,50,144600
20240208,14:23:07,2.3,1050,144600
20240208,14:23:20,2.35,2200,144600
20240208,14:23:27,2.35,150,144600
20240208,14:23:34,2.35,50,145650
20240208,14:23:48,2.35,50,145650
20240208,14:24:03,2.35,500,145650
20240208,14:24:18,2.3,700,145650
20240208,14:25:25,2.2,1200,145650
20240208,14:25:33,2.2,600,145650
20240208,14:25:40,2.2,2200,145650
20240208,14:26:32,2.25,6950,150600
20240208,14:26:51,2.3,350,150600
20240208,14:27:00,2.3,2100,150600
20240208,14:27:17,2.2,1350,150600
20240208,14:27:26,2.2,200,150600
20240208,14:27:34,2.25,1050,150600
20240208,14:27:51,2.25,1850,150600
20240208,14:27:59,2.2,1200,150600
20240208,14:28:07,2.25,50,150600
20240208,14:28:16,2.3,400,150600
20240208,14:28:31,2.35,1650,150600
20240208,14:28:40,2.3,2700,150600
20240208,14:29:03,2.3,950,150600
20240208,14:29:40,2.3,2200,157050
20240208,14:29:47,2.35,250,157050
20240208,14:30:25,2.35,1000,157050
20240208,14:30:32,2.35,250,157050
20240208,14:31:21,2.45,1500,157050
20240208,14:31:30,2.45,1850,157050
20240208,14:31:47,2.45,350,157050
20240208,14:31:56,2.45,200,157050
20240208,14:32:05,2.45,3100,157050
20240208,14:32:13,2.5,100,157050
20240208,14:32:22,2.5,1850,157050
20240208,14:32:31,2.45,3000,162600
20240208,14:32:39,2.4,1050,162600
20240208,14:32:46,2.45,1400,162600
20240208,14:32:54,2.45,1750,162600
20240208,14:33:02,2.4,1400,162600
20240208,14:33:17,2.6,3250,162600
20240208,14:33:32,2.5,100,162600
20240208,14:33:40,2.5,3450,162600
20240208,14:33:55,2.5,100,162600
20240208,14:34:18,2.35,2750,162600
20240208,14:34:26,2.35,2350,162600
20240208,14:34:33,2.4,600,162600
20240208,14:34:40,2.35,4800,162600
20240208,14:34:47,2.4,1650,162600
20240208,14:35:02,2.4,500,162600
20240208,14:35:32,2.45,2150,162600
20240208,14:35:41,2.5,1200,171100
20240208,14:35:49,2.5,600,171100
20240208,14:35:57,2.45,850,171100
20240208,14:36:30,2.45,1150,171100
20240208,14:36:37,2.45,900,171100
20240208,14:36:46,2.45,1700,171100
20240208,14:37:06,2.45,1000,171100
20240208,14:37:24,2.45,50,171100
20240208,14:37:41,2.4,7500,171100
20240208,14:37:50,2.45,150,171100
20240208,14:38:08,2.35,4150,171100
20240208,14:38:25,2.4,300,171100
20240208,14:38:33,2.35,450,171100
20240208,14:38:42,2.35,1900,174000
20240208,14:39:10,2.35,3550,174000
20240208,14:39:36,2.3,700,174000
20240208,14:39:45,2.3,1750,174000
20240208,14:39:53,2.4,2000,174000
20240208,14:40:01,2.35,1300,174000
20240208,14:40:10,2.3,500,174000
20240208,14:40:26,2.35,300,174000
20240208,14:40:35,2.4,50,174000
20240208,14:40:43,2.4,1000,174000
20240208,14:41:16,2.4,300,174000
20240208,14:41:25,2.35,250,174000
20240208,14:41:34,2.4,800,174000
20240208,14:41:42,2.35,1400,176050
20240208,14:41:59,2.35,1200,176050
20240208,14:42:15,2.3,500,176050
20240208,14:42:24,2.35,50,176050
20240208,14:42:34,2.4,1450,176050
20240208,14:43:23,2.25,500,176050
20240208,14:43:32,2.25,2550,176050
20240208,14:43:41,2.3,50,176050
20240208,14:44:14,2.3,400,176050
20240208,14:45:17,2.25,1500,176100
20240208,14:47:36,2.3,100,176850
20240208,14:50:26,2.25,50,176850
20240208,14:50:41,2.25,50,176800
20240208,14:50:48,2.25,150,176800
20240208,14:52:13,2.25,650,176800
20240208,14:52:20,2.25,50,176800
20240208,14:52:27,2.2,250,176800
20240208,14:52:34,2.3,700,176800
20240208,14:53:27,2.25,50,176800
20240208,14:53:35,2.25,50,176800
20240208,14:53:50,2.25,50,177300
20240208,14:54:20,2.35,200,177300
20240208,14:57:53,2.35,50,177400
20240208,14:58:02,2.3,350,177400
20240208,14:58:10,2.3,150,177400
20240208,14:58:25,2.3,300,177400
20240208,14:58:33,2.3,1750,177400
20240208,14:58:43,2.3,250,177400
20240208,14:58:53,2.3,700,177400
20240208,14:59:03,2.3,50,177400
20240208,14:59:30,2.3,50,177400
20240208,14:59:48,2.35,600,176300
20240208,14:59:56,2.3,100,176300
20240208,15:00:05,2.3,100,176300
20240208,15:00:14,2.35,2200,176300
20240208,15:00:23,2.25,1350,176300
20240208,15:00:32,2.25,2000,176300
20240208,15:00:49,2.2,800,176300
20240208,15:00:58,2.35,3200,176300
20240208,15:01:17,2.3,800,176300
20240208,15:01:26,2.3,600,176300
20240208,15:01:54,2.3,1400,176300
20240208,15:02:04,2.35,2500,176300
20240208,15:02:14,2.4,1700,176300
20240208,15:02:23,2.45,550,176300
20240208,15:02:33,2.45,900,176300
20240208,15:02:43,2.45,1750,180100
20240208,15:03:02,2.5,500,180100
20240208,15:03:12,2.55,1100,180100
20240208,15:03:22,2.45,2750,180100
20240208,15:03:32,2.45,100,180100
20240208,15:03:41,2.4,850,180100
20240208,15:03:50,2.4,50,180100
20240208,15:04:00,2.45,100,180100
20240208,15:04:10,2.45,50,180100
20240208,15:04:19,2.45,50,180100
20240208,15:04:36,2.45,50,180100
20240208,15:05:03,2.35,750,180100
20240208,15:05:14,2.3,150,180100
20240208,15:06:07,2.3,100,182450
20240208,15:06:16,2.25,850,182450
20240208,15:06:42,2.25,500,182450
20240208,15:06:59,2.25,350,182450
20240208,15:07:35,2.3,50,182450
20240208,15:07:45,2.25,50,182450
20240208,15:07:54,2.25,450,182450
20240208,15:08:03,2.3,550,182450
20240208,15:08:11,2.35,50,182450
20240208,15:08:28,2.25,500,182450
20240208,15:08:55,2.2,100,182650
20240208,15:09:12,2.2,50,182650
20240208,15:09:21,2.25,450,182650
20240208,15:09:30,2.25,850,182650
20240208,15:09:40,2.25,800,182650
20240208,15:09:49,2.25,100,182650
20240208,15:09:58,2.2,200,182650
20240208,15:10:15,2.3,2300,182650
20240208,15:10:23,2.3,3300,182650
20240208,15:10:32,2.3,1800,182650
20240208,15:10:41,2.25,1250,182650
20240208,15:10:50,2.3,1000,182650
20240208,15:11:07,2.3,50,182650
20240208,15:11:16,2.3,100,182650
20240208,15:11:49,2.3,300,188050
20240208,15:11:57,2.25,3900,188050
20240208,15:12:05,2.25,1150,188050
20240208,15:12:14,2.2,150,188050
20240208,15:12:22,2.2,1000,188050
20240208,15:12:30,2.2,1100,188050
20240208,15:12:38,2.25,150,188050
20240208,15:12:46,2.2,1800,188050
20240208,15:12:54,2.25,4400,188050
20240208,15:13:02,2.25,450,188050
20240208,15:13:10,2.25,100,188050
20240208,15:13:34,2.25,1700,188050
20240208,15:13:59,2.2,50,188050
20240208,15:14:07,2.25,2450,188050
20240208,15:14:16,2.25,250,188050
20240208,15:14:32,2.25,950,188050
20240208,15:14:58,2.25,100,188700
20240208,15:15:07,2.2,600,188700
20240208,15:15:16,2.25,300,188700
20240208,15:15:24,2.25,2000,188700
20240208,15:15:41,2.25,100,188700
20240208,15:15:49,2.2,3400,188700
20240208,15:16:05,2.25,2350,188700
20240208,15:16:14,2.2,5250,188700
20240208,15:16:22,2.25,3450,188700
20240208,15:16:29,2.25,10550,188700
20240208,15:16:45,2.25,4000,188700
20240208,15:16:53,2.25,250,188700
20240208,15:17:01,2.25,2000,188700
20240208,15:17:08,2.25,100,188700
20240208,15:17:24,2.25,300,188700
20240208,15:17:32,2.25,450,188700
20240208,15:17:40,2.3,2050,188700
20240208,15:18:04,2.25,1300,188700
20240208,15:18:11,2.25,3600,187700
20240208,15:18:19,2.2,2150,187700
20240208,15:18:34,2.2,950,187700
20240208,15:18:50,2.25,350,187700
20240208,15:18:57,2.25,1100,187700
20240208,15:19:05,2.25,1450,187700
20240208,15:19:28,2.25,2050,187700
20240208,15:19:36,2.25,750,187700
20240208,15:19:53,2.25,1000,187700
20240208,15:20:11,2.25,1050,187700
20240208,15:20:19,2.25,400,187700
20240208,15:20:35,2.25,50,187700
20240208,15:20:43,2.25,250,187700
20240208,15:20:52,2.25,100,188800
20240208,15:21:00,2.2,3000,188800
20240208,15:21:08,2.2,550,188800
20240208,15:21:15,2.2,1100,188800
20240208,15:21:24,2.2,900,188800
20240208,15:21:31,2.25,50,188800
20240208,15:21:47,2.2,1200,188800
20240208,15:21:56,2.2,450,188800
20240208,15:22:04,2.2,50,188800
20240208,15:22:12,2.15,800,188800
20240208,15:22:29,2.15,700,188800
20240208,15:22:37,2.15,600,188800
20240208,15:22:54,2.15,550,188800
20240208,15:23:02,2.15,200,188800
20240208,15:23:10,2.2,1300,188800
20240208,15:23:18,2.15,500,188800
20240208,15:23:26,2.1,900,188800
20240208,15:23:48,2.1,1100,188850
20240208,15:24:03,2.1,350,188850
20240208,15:24:10,2.1,500,188850
20240208,15:24:18,2.1,150,188850
20240208,15:24:25,2.1,450,188850
20240208,15:24:33,2.1,50,188850
20240208,15:25:03,2.1,1000,188850
20240208,15:25:12,2.1,150,188850
20240208,15:25:20,2.1,50,188850
20240208,15:25:45,2.05,50,188850
20240208,15:25:52,2.15,1850,188850
20240208,15:26:00,2.1,250,188850
20240208,15:26:34,2.15,200,188850
20240208,15:26:42,2.1,50,188850
20240208,15:27:07,2.1,2200,191300
20240208,15:27:16,2.1,300,191300
20240208,15:27:25,2.1,1700,191300
20240208,15:27:34,2.1,900,191300
20240208,15:27:43,2.1,300,191300
20240208,15:27:52,2.05,150,191300
20240208,15:28:11,2.1,4350,191300
20240208,15:28:29,2.05,300,191300
20240208,15:28:38,2.1,500,191300
20240208,15:28:56,2.15,1700,191300
20240208,15:29:05,2.15,300,191300
20240208,15:29:13,2.15,50,191300
20240208,15:29:21,2.2,3250,191300
20240208,15:29:30,2.15,4000,191300
20240208,15:29:40,2.1,200,191300
20240208,15:29:49,2.2,400,190750
20240208,15:29:58,2.0,9100,190750
20240209,09:15:03,2.25,1,193850
20240209,09:15:03,2.25,50,193850
20240209,09:15:04,2.4,850,193850
20240209,09:15:05,2.0,1200,193850
20240209,09:15:06,1.95,5800,193850
20240209,09:15:07,2.15,11200,193850
20240209,09:15:08,2.2,6000,193850
20240209,09:15:09,2.1,3750,193850
20240209,09:15:10,2.1,1050,193850
20240209,09:15:11,2.1,4950,193850
20240209,09:15:12,2.1,750,193850
20240209,09:15:15,2.0,2950,193850
20240209,09:15:16,2.05,3650,193850
20240209,09:15:18,2.05,350,193850
20240209,09:15:22,2.05,3300,193850
20240209,09:15:23,2.05,1800,193850
20240209,09:15:24,2.05,150,193850
20240209,09:15:30,2.0,6100,193850
20240209,09:15:31,2.0,950,193850
20240209,09:15:33,2.05,300,193850
20240209,09:15:35,2.0,500,193850
20240209,09:15:37,2.0,200,193850
20240209,09:15:39,2.0,50,193850
20240209,09:15:41,2.0,250,193850
20240209,09:15:42,1.95,4750,193850
20240209,09:15:43,1.9,1000,193850
20240209,09:15:44,1.9,850,193850
20240209,09:15:45,2.0,7150,193850
20240209,09:15:46,2.05,100,193850
20240209,09:15:47,2.05,300,193850
20240209,09:15:49,2.0,100,193850
20240209,09:15:51,2.05,5400,193850
20240209,09:15:52,2.0,1650,193850
20240209,09:15:54,2.0,1000,193850
20240209,09:15:56,1.95,100,193850
20240209,09:15:57,2.0,1050,193850
20240209,09:15:58,2.0,1650,193850
20240209,09:15:59,2.0,4000,193850
20240209,09:16:02,2.0,550,193850
20240209,09:16:03,1.95,900,193850
20240209,09:16:11,1.95,500,193850
20240209,09:16:13,2.0,1150,193850
20240209,09:16:15,2.0,350,193850
20240209,09:16:16,2.0,1650,193850
20240209,09:16:17,2.0,1700,193850
20240209,09:16:25,1.95,450,213550
20240209,09:16:26,1.95,1200,213550
20240209,09:16:27,2.0,1800,213550
20240209,09:16:28,1.95,250,213550
20240209,09:16:29,1.95,150,213550
20240209,09:16:30,1.95,900,213550
20240209,09:16:31,1.95,1900,213550
20240209,09:16:36,2.0,200,213550
20240209,09:16:41,1.95,7200,213550
20240209,09:16:42,1.95,4850,213550
20240209,09:16:43,1.95,50,213550
20240209,09:16:44,1.95,150,213550
20240209,09:16:46,1.95,50,213550
20240209,09:16:48,1.95,200,213550
20240209,09:16:49,1.95,50,213550
20240209,09:16:54,1.95,200,213550
20240209,09:17:00,1.95,2200,213550
20240209,09:17:05,1.95,50,213550
20240209,09:17:06,1.95,350,213550
20240209,09:17:07,1.95,6250,213550
20240209,09:17:10,1.95,50,213550
20240209,09:17:15,2.0,700,213550
20240209,09:17:17,2.0,300,213550
20240209,09:17:22,1.95,250,213550
20240209,09:17:23,1.95,2050,213550
20240209,09:17:25,2.05,5200,213550
20240209,09:17:27,2.0,1800,213550
20240209,09:17:31,2.0,600,213550
20240209,09:17:32,2.0,1800,213550
20240209,09:17:34,2.05,1050,213550
20240209,09:17:35,2.05,1800,213550
20240209,09:17:36,2.05,4400,213550
20240209,09:17:37,2.05,2200,213550
20240209,09:17:38,2.1,50,213550
20240209,09:17:39,2.1,2600,213550
20240209,09:17:41,2.1,1800,213550
20240209,09:17:42,2.1,1800,213550
20240209,09:17:43,2.1,1800,213550
20240209,09:17:44,2.1,3300,213550
20240209,09:17:45,2.1,3650,213550
20240209,09:17:46,2.1,3600,213550
20240209,09:17:47,2.1,2200,213550
20240209,09:17:49,2.05,1050,213550
20240209,09:17:53,2.15,3000,213550
20240209,09:17:54,2.15,2250,213550
20240209,09:17:55,2.15,6200,213550
20240209,09:17:56,2.15,2350,213550
20240209,09:17:57,2.15,2250,213550
20240209,09:17:58,2.15,100,213550
20240209,09:18:00,2.15,100,213550
20240209,09:18:07,2.15,200,213550
20240209,09:18:10,2.1,100,213550
20240209,09:18:16,2.1,150,213550
20240209,09:18:18,2.1,1900,213550
20240209,09:18:21,2.05,100,213550
20240209,09:18:22,2.05,1800,213550
20240209,09:18:23,2.1,200,213550
20240209,09:18:28,2.1,200,213550
20240209,09:18:32,2.05,50,213550
20240209,09:18:35,2.1,3100,213550
20240209,09:18:38,2.05,2800,213550
20240209,09:18:39,2.05,2600,213550
20240209,09:18:41,2.05,200,213550
20240209,09:18:47,2.05,3900,213550
20240209,09:18:48,2.05,2850,213550
20240209,09:18:49,2.0,1800,213550
20240209,09:18:50,2.0,1800,213550
20240209,09:18:52,2.0,1800,213550
20240209,09:18:54,2.0,1800,213550
20240209,09:18:55,2.05,50,213550
20240209,09:18:56,2.0,6950,213550
20240209,09:18:59,2.0,250,213550
20240209,09:19:00,2.0,50,213550
20240209,09:19:04,1.95,250,213550
20240209,09:19:08,1.95,850,213550
20240209,09:19:10,1.9,350,213550
20240209,09:19:12,1.95,50,213550
20240209,09:19:14,1.9,250,213550
20240209,09:19:16,1.9,50,213550
20240209,09:19:17,1.9,300,213550
20240209,09:19:20,1.95,4300,224000
20240209,09:19:21,1.9,100,224000
20240209,09:19:22,1.9,50,224000
20240209,09:19:33,1.9,8600,224000
20240209,09:19:34,1.9,1800,224000
20240209,09:19:40,1.9,150,224000
20240209,09:19:41,1.9,50,224000
20240209,09:19:44,1.9,50,224000
20240209,09:19:46,1.85,50,224000
20240209,09:19:47,1.85,250,224000
20240209,09:19:49,1.95,2550,224000
20240209,09:20:01,1.9,250,224000
20240209,09:20:02,1.9,1300,224000
20240209,09:20:03,1.9,500,224000
20240209,09:20:04,1.85,400,224000
20240209,09:20:20,1.9,250,224000
20240209,09:20:22,1.9,50,224000
20240209,09:20:28,1.9,200,224000
20240209,09:20:29,1.85,100,224000
20240209,09:20:32,1.9,1600,224000
20240209,09:20:33,1.9,2650,224000
20240209,09:20:34,1.9,2000,224000
20240209,09:20:35,1.85,500,224000
20240209,09:20:37,1.9,100,224000
20240209,09:20:42,1.9,450,224000
20240209,09:20:51,1.85,650,224000
20240209,09:21:01,1.9,1200,224000
20240209,09:21:01,1.9,650,224000
20240209,09:21:07,1.9,50,224000
20240209,09:21:12,1.85,50,224000
20240209,09:21:16,1.85,200,224000
20240209,09:21:24,1.9,550,224000
20240209,09:21:26,1.9,650,224000
20240209,09:21:28,1.9,400,224000
20240209,09:21:29,1.9,750,224000
20240209,09:21:30,1.9,1000,224000
20240209,09:21:32,1.9,1300,224000
20240209,09:21:33,1.9,500,224000
20240209,09:21:35,1.9,200,224000
20240209,09:21:36,1.9,350,224000
20240209,09:21:38,1.9,200,224000
20240209,09:21:39,1.9,2300,224000
20240209,09:21:40,1.95,200,224000
20240209,09:21:41,1.9,150,224000
20240209,09:21:43,1.95,450,224000
20240209,09:21:44,1.95,100,224000
20240209,09:21:45,1.95,450,224000
20240209,09:21:47,1.95,3550,224000
20240209,09:21:48,1.9,50,224000
20240209,09:21:49,1.95,3150,224000
20240209,09:21:50,1.95,250,224000
20240209,09:21:51,1.95,150,224000
20240209,09:21:52,1.95,850,224000
20240209,09:21:54,2.0,850,224000
20240209,09:21:56,2.0,1050,224000
20240209,09:21:57,2.0,200,224000
20240209,09:21:59,2.0,1050,224000
20240209,09:22:00,2.0,250,224000
20240209,09:22:02,2.0,900,224000
20240209,09:22:14,1.95,2450,224000
20240209,09:22:15,1.95,350,224000
20240209,09:22:20,1.9,50,224000
20240209,09:22:21,1.9,1500,236550
20240209,09:22:29,1.9,6400,236550
20240209,09:22:31,1.9,8700,236550
20240209,09:22:32,1.85,150,236550
20240209,09:22:38,1.9,50,236550
20240209,09:22:40,1.85,50,236550
20240209,09:22:47,1.85,1800,236550
20240209,09:22:48,1.85,2600,236550
20240209,09:22:49,1.85,50,236550
20240209,09:22:55,1.85,50,236550
20240209,09:22:57,1.85,200,236550
20240209,09:22:58,1.85,1400,236550
20240209,09:22:59,1.85,2600,236550
20240209,09:23:00,1.8,1200,236550
20240209,09:23:01,1.8,50,236550
20240209,09:23:02,1.85,50,236550
20240209,09:23:11,1.8,1350,236550
20240209,09:23:15,1.85,50,236550
20240209,09:23:17,1.85,100,236550
20240209,09:23:24,1.85,150,236550
20240209,09:23:44,1.85,500,236550
20240209,09:23:51,1.8,1500,236550
20240209,09:23:52,1.85,50,236550
20240209,09:24:04,1.85,50,236550
20240209,09:24:07,1.8,1350,236550
20240209,09:24:08,1.85,50,236550
20240209,09:24:10,1.8,1850,236550
20240209,09:24:11,1.8,8000,236550
20240209,09:24:12,1.8,50,236550
20240209,09:24:13,1.8,100,236550
20240209,09:24:26,1.8,2000,236550
20240209,09:24:37,1.8,100,236550
20240209,09:24:49,1.8,100,236550
20240209,09:24:51,1.75,50,236550
20240209,09:24:53,1.75,1300,236550
20240209,09:24:57,1.7,7650,236550
20240209,09:25:01,1.75,1800,236550
20240209,09:25:02,1.75,2300,236550
20240209,09:25:06,1.75,4200,236550
20240209,09:25:10,1.7,50,236550
20240209,09:25:14,1.7,700,236550
20240209,09:25:21,1.7,350,233700
20240209,09:25:23,1.75,3500,233700
20240209,09:25:23,1.75,1100,233700
20240209,09:25:24,1.8,11750,233700
20240209,09:25:25,1.8,600,233700
20240209,09:25:30,1.75,1500,233700
20240209,09:25:37,1.75,1500,233700
20240209,09:25:40,1.75,3600,233700
20240209,09:25:41,1.75,200,233700
20240209,09:25:44,1.75,1800,233700
20240209,09:25:54,1.7,200,233700
20240209,09:26:05,1.75,100,233700
20240209,09:26:10,1.7,600,233700
20240209,09:26:22,1.75,13250,233700
20240209,09:26:36,1.75,1550,233700
20240209,09:26:47,1.75,900,233700
20240209,09:27:35,1.8,500,233700
20240209,09:27:52,1.75,450,233700
20240209,09:27:53,1.75,200,233700
20240209,09:28:10,1.75,500,233700
20240209,09:28:16,1.8,50,233700
20240209,09:28:18,1.8,50,233700
20240209,09:28:28,1.75,50,246300
20240209,09:28:29,1.8,1800,246300
20240209,09:28:30,1.8,1800,246300
20240209,09:28:31,1.8,6500,246300
20240209,09:28:32,1.8,1800,246300
20240209,09:28:33,1.8,8050,246300
20240209,09:28:34,1.8,250,246300
20240209,09:28:36,1.8,1800,246300
20240209,09:28:37,1.8,1800,246300
20240209,09:28:46,1.8,250,246300
20240209,09:28:48,1.8,250,246300
20240209,09:28:49,1.85,50,246300
20240209,09:28:51,1.85,50,246300
20240209,09:29:01,1.8,250,246300
20240209,09:29:02,1.8,250,246300
20240209,09:29:04,1.8,50,246300
20240209,09:29:07,1.8,50,246300
20240209,09:29:11,1.8,100,246300
20240209,09:29:13,1.8,50,246300
20240209,09:29:14,1.8,900,246300
20240209,09:29:15,1.8,2550,246300
20240209,09:29:21,1.8,150,246300
20240209,09:29:22,1.8,2550,246300
20240209,09:29:27,1.8,4050,246300
20240209,09:29:28,1.8,9400,246300
20240209,09:29:32,1.8,50,246300
20240209,09:29:44,1.8,50,246300
20240209,09:30:26,1.8,50,246300
20240209,09:30:49,1.8,600,246300
20240209,09:30:52,1.8,400,246300
20240209,09:31:02,1.75,250,246300
20240209,09:31:05,1.8,300,246300
20240209,09:31:07,1.8,600,246300
20240209,09:31:11,1.8,250,246300
20240209,09:31:16,1.75,6500,246300
20240209,09:31:16,1.75,1500,246300
20240209,09:31:25,1.75,400,245000
20240209,09:31:28,1.75,50,245000
20240209,09:31:29,1.7,100,245000
20240209,09:31:33,1.7,1850,245000
20240209,09:31:37,1.65,1800,245000
20240209,09:31:38,1.65,1800,245000
20240209,09:31:43,1.65,1500,245000
20240209,09:31:46,1.65,1800,245000
20240209,09:31:58,1.65,1800,245000
20240209,09:32:12,1.65,50,245000
20240209,09:32:17,1.7,450,245000
20240209,09:32:20,1.65,1000,245000
20240209,09:32:22,1.7,3450,245000
20240209,09:32:23,1.7,4500,245000
20240209,09:32:24,1.7,4200,245000
20240209,09:32:26,1.7,450,245000
20240209,09:32:32,1.65,300,245000
20240209,09:33:13,1.65,50,245000
20240209,09:33:15,1.7,150,245000
20240209,09:33:37,1.65,600,245000
20240209,09:33:39,1.65,400,245000
20240209,09:33:53,1.65,500,245000
20240209,09:34:32,1.65,50,241300
20240209,09:34:33,1.7,5000,241300
20240209,09:34:37,1.7,350,241300
20240209,09:34:38,1.65,50,241300
20240209,09:34:40,1.65,1050,241300
20240209,09:35:07,1.7,100,241300
20240209,09:35:22,1.65,850,241300
20240209,09:35:27,1.65,2750,241300
20240209,09:35:42,1.7,50,241300
20240209,09:36:09,1.7,2550,241300
20240209,09:36:10,1.7,1650,241300
20240209,09:36:16,1.7,9600,241300
20240209,09:36:17,1.65,50,241300
20240209,09:36:19,1.65,350,241300
20240209,09:36:44,1.65,100,241300
20240209,09:36:46,1.65,100,241300
20240209,09:36:57,1.7,7650,241300
20240209,09:36:58,1.7,50,241300
20240209,09:36:59,1.75,300,241300
20240209,09:37:00,1.7,50,241300
20240209,09:37:04,1.7,50,241300
20240209,09:37:11,1.75,250,241300
20240209,09:37:15,1.7,50,241300
20240209,09:37:24,1.7,250,252550
20240209,09:37:33,1.7,250,252550
20240209,09:37:35,1.7,50,252550
20240209,09:37:50,1.75,100,252550
20240209,09:37:59,1.75,18450,252550
20240209,09:38:01,1.75,250,252550
20240209,09:38:02,1.75,50,252550
20240209,09:38:05,1.75,3000,252550
20240209,09:38:06,1.75,250,252550
20240209,09:38:25,1.7,2000,252550
20240209,09:38:37,1.75,50,252550
20240209,09:38:40,1.7,100,252550
20240209,09:38:43,1.75,50,252550
20240209,09:38:44,1.75,50,252550
20240209,09:38:45,1.75,50,252550
20240209,09:38:46,1.75,50,252550
20240209,09:38:58,1.75,50,252550
20240209,09:39:24,1.75,50,252550
20240209,09:39:28,1.75,250,252550
20240209,09:39:38,1.7,1500,252550
20240209,09:39:45,1.7,1500,252550
20240209,09:39:47,1.75,250,252550
20240209,09:39:49,1.75,350,252550
20240209,09:39:52,1.75,50,252550
20240209,09:39:53,1.7,17850,252550
20240209,09:39:54,1.7,750,252550
20240209,09:39:55,1.75,50,252550
20240209,09:39:56,1.75,50,252550
20240209,09:39:57,1.75,50,252550
20240209,09:39:58,1.75,100,252550
20240209,09:39:59,1.75,1900,252550
20240209,09:40:00,1.75,50,252550
20240209,09:40:01,1.75,50,252550
20240209,09:40:02,1.75,50,252550
20240209,09:40:03,1.75,50,252550
20240209,09:40:04,1.75,50,252550
20240209,09:40:05,1.75,50,252550
20240209,09:40:06,1.75,100,252550
20240209,09:40:07,1.75,100,252550
20240209,09:40:08,1.75,50,252550
20240209,09:40:09,1.75,50,252550
20240209,09:40:10,1.8,3950,252550
20240209,09:40:11,1.8,150,252550
20240209,09:40:12,1.8,150,252550
20240209,09:40:13,1.8,150,252550
20240209,09:40:14,1.8,150,252550
20240209,09:40:15,1.8,150,252550
20240209,09:40:16,1.8,200,252550
20240209,09:40:17,1.8,1300,252550
20240209,09:40:18,1.8,150,252550
20240209,09:40:19,1.8,1950,252550
20240209,09:40:20,1.8,200,252550
20240209,09:40:21,1.8,150,252550
20240209,09:40:22,1.8,150,249800
20240209,09:40:23,1.8,150,249800
20240209,09:40:24,1.8,250,249800
20240209,09:40:25,1.8,150,249800
20240209,09:40:26,1.8,150,249800
20240209,09:40:27,1.8,150,249800
20240209,09:40:28,1.8,150,249800
20240209,09:40:29,1.8,150,249800
20240209,09:40:30,1.8,500,249800
20240209,09:40:31,1.8,150,249800
20240209,09:40:32,1.8,500,249800
20240209,09:40:33,1.8,150,249800
20240209,09:40:34,1.8,1750,249800
20240209,09:40:35,1.8,2650,249800
20240209,09:40:36,1.8,1850,249800
20240209,09:40:37,1.8,2450,249800
20240209,09:40:38,1.85,17800,249800
20240209,09:40:39,1.85,2050,249800
20240209,09:40:40,1.85,600,249800
20240209,09:40:41,1.85,50,249800
20240209,09:40:42,1.85,50,249800
20240209,09:40:43,1.85,50,249800
20240209,09:40:44,1.85,50,249800
20240209,09:40:45,1.85,50,249800
20240209,09:40:46,1.85,50,249800
20240209,09:40:47,1.85,50,249800
20240209,09:40:48,1.85,50,249800
20240209,09:40:49,1.85,50,249800
20240209,09:40:54,1.85,50,249800
20240209,09:40:55,1.85,50,249800
20240209,09:40:56,1.85,50,249800
20240209,09:40:57,1.85,50,249800
20240209,09:40:58,1.85,50,249800
20240209,09:40:59,1.85,50,249800
20240209,09:41:02,1.85,50,249800
20240209,09:41:03,1.85,50,249800
20240209,09:41:04,1.85,50,249800
20240209,09:41:05,1.85,50,249800
20240209,09:41:06,1.8,1650,249800
20240209,09:41:07,1.85,8400,249800
20240209,09:41:08,1.85,2050,249800
20240209,09:41:09,1.85,50,249800
20240209,09:41:10,1.85,50,249800
20240209,09:41:11,1.85,50,249800
20240209,09:41:12,1.85,100,249800
20240209,09:41:13,1.85,50,249800
20240209,09:41:14,1.85,50,249800
20240209,09:41:15,1.85,50,249800
20240209,09:41:16,1.85,50,249800
20240209,09:41:17,1.85,50,249800
20240209,09:41:18,1.85,50,249800
20240209,09:41:19,1.85,50,249800
20240209,09:41:20,1.85,50,249800
20240209,09:41:21,1.85,50,249800
20240209,09:41:22,1.85,50,249800
20240209,09:41:23,1.85,50,249800
20240209,09:41:24,1.85,50,249800
20240209,09:41:25,1.8,2500,249800
20240209,09:41:26,1.8,4100,249800
20240209,09:41:27,1.8,1800,249800
20240209,09:41:29,1.8,5900,249800
20240209,09:41:30,1.8,200,249800
20240209,09:41:33,1.8,50,249800
20240209,09:41:34,1.75,400,249800
20240209,09:41:37,1.8,50,249800
20240209,09:41:42,1.85,3300,249800
20240209,09:41:56,1.8,3650,249800
20240209,09:41:59,1.8,450,249800
20240209,09:42:03,1.85,1800,249800
20240209,09:42:08,1.85,150,249800
20240209,09:42:10,1.85,900,249800
20240209,09:42:11,1.85,50,249800
20240209,09:42:12,1.85,50,249800
20240209,09:42:13,1.8,650,249800
20240209,09:42:14,1.8,50,249800
20240209,09:42:14,1.85,3600,249800
20240209,09:42:16,1.8,4050,249800
20240209,09:42:17,1.85,6150,249800
20240209,09:42:17,1.8,350,249800
20240209,09:42:18,1.8,450,249800
20240209,09:42:23,1.85,900,249800
20240209,09:42:28,1.8,100,249800
20240209,09:42:28,1.85,100,249800
20240209,09:42:31,1.8,50,249800
20240209,09:42:32,1.8,1000,249800
20240209,09:42:34,1.85,50,249800
20240209,09:42:44,1.8,4650,249800
20240209,09:42:50,1.75,400,249800
20240209,09:43:05,1.8,50,249800
20240209,09:43:19,1.8,50,249800
20240209,09:43:32,1.8,4850,237350
20240209,09:43:33,1.8,500,237350
20240209,09:43:39,1.75,600,237350
20240209,09:43:39,1.75,50,237350
20240209,09:43:40,1.75,400,237350
20240209,09:43:52,1.8,50,237350
20240209,09:44:16,1.8,1000,237350
20240209,09:44:20,1.8,1000,237350
20240209,09:44:26,1.8,50,237350
20240209,09:44:27,1.8,50,237350
20240209,09:44:43,1.8,1800,237350
20240209,09:44:49,1.8,100,237350
20240209,09:44:50,1.75,50,237350
20240209,09:44:52,1.75,50,237350
20240209,09:44:54,1.75,50,237350
20240209,09:44:55,1.75,50,237350
20240209,09:44:57,1.75,450,237350
20240209,09:45:04,1.75,300,237350
20240209,09:45:14,1.75,50,237350
20240209,09:45:23,1.75,50,237350
20240209,09:45:37,1.75,50,237350
20240209,09:45:40,1.75,50,237350
20240209,09:45:49,1.75,1200,237350
20240209,09:45:50,1.75,1800,237350
20240209,09:45:50,1.75,950,237350
20240209,09:45:51,1.75,800,237350
20240209,09:45:58,1.75,3700,237350
20240209,09:46:25,1.75,500,240800
20240209,09:46:27,1.75,250,240800
20240209,09:46:30,1.75,3300,240800
20240209,09:46:44,1.75,200,240800
20240209,09:47:00,1.8,50,240800
20240209,09:47:02,1.8,50,240800
20240209,09:47:03,1.8,50,240800
20240209,09:47:04,1.8,200,240800
20240209,09:47:05,1.8,200,240800
20240209,09:47:06,1.8,200,240800
20240209,09:47:09,1.8,50,240800
20240209,09:47:11,1.85,8300,240800
20240209,09:47:12,1.85,200,240800
20240209,09:47:13,1.85,200,240800
20240209,09:47:14,1.85,200,240800
20240209,09:47:16,1.85,200,240800
20240209,09:47:29,1.8,5150,240800
20240209,09:48:58,1.8,50,240800
20240209,09:48:59,1.8,50,240800
20240209,09:49:00,1.8,50,240800
20240209,09:49:02,1.8,100,240800
20240209,09:49:03,1.8,50,240800
20240209,09:49:04,1.8,50,240800
20240209,09:49:05,1.8,50,240800
20240209,09:49:06,1.8,200,240800
20240209,09:49:07,1.8,200,240800
20240209,09:49:08,1.8,50,240800
20240209,09:49:10,1.8,3800,240800
20240209,09:49:11,1.85,50,240800
20240209,09:49:12,1.8,400,240800
20240209,09:49:14,1.85,100,240800
20240209,09:49:15,1.85,50,240800
20240209,09:49:16,1.85,50,240800
20240209,09:49:17,1.85,50,240800
20240209,09:49:18,1.85,50,240800
20240209,09:49:18,1.8,50,240800
20240209,09:49:19,1.85,50,240800
20240209,09:49:21,1.85,100,240800
20240209,09:49:22,1.85,50,240800
20240209,09:49:23,1.85,50,249150
20240209,09:49:24,1.85,50,249150
20240209,09:49:25,1.85,50,249150
20240209,09:49:26,1.85,50,249150
20240209,09:49:27,1.85,100,249150
20240209,09:49:28,1.85,300,249150
20240209,09:49:29,1.85,50,249150
20240209,09:49:30,1.85,50,249150
20240209,09:49:31,1.85,50,249150
20240209,09:49:32,1.85,50,249150
20240209,09:49:33,1.85,50,249150
20240209,09:49:38,1.85,1000,249150
20240209,09:49:39,1.85,50,249150
20240209,09:49:50,1.8,11150,249150
20240209,09:49:51,1.8,2150,249150
20240209,09:50:06,1.85,50,249150
20240209,09:50:07,1.85,50,249150
20240209,09:50:08,1.85,50,249150
20240209,09:50:09,1.85,50,249150
20240209,09:50:10,1.85,50,249150
20240209,09:50:11,1.85,50,249150
20240209,09:50:12,1.85,50,249150
20240209,09:50:13,1.85,50,249150
20240209,09:50:14,1.85,50,249150
20240209,09:50:15,1.85,50,249150
20240209,09:50:25,1.85,100,249150
20240209,09:50:36,1.85,150,249150
20240209,09:50:50,1.8,50,249150
20240209,09:50:51,1.8,500,249150
20240209,09:51:00,1.85,350,249150
20240209,09:51:01,1.85,100,249150
20240209,09:51:04,1.85,50,249150
20240209,09:51:05,1.85,50,249150
20240209,09:51:06,1.85,250,249150
20240209,09:51:07,1.85,250,249150
20240209,09:51:08,1.85,300,249150
20240209,09:51:09,1.85,200,249150
20240209,09:51:10,1.85,200,249150
20240209,09:51:11,1.85,200,249150
20240209,09:51:12,1.85,200,249150
20240209,09:51:13,1.85,600,249150
20240209,09:51:14,1.85,200,249150
20240209,09:51:15,1.85,200,249150
20240209,09:51:16,1.85,5400,249150
20240209,09:51:25,1.9,200,249150
20240209,09:51:31,1.9,150,249150
20240209,09:51:32,1.85,3600,249150
20240209,09:51:40,1.85,500,249150
20240209,09:51:42,1.9,50,249150
20240209,09:51:43,1.9,250,249150
20240209,09:51:44,1.9,250,249150
20240209,09:51:45,1.9,50,249150
20240209,09:51:46,1.9,100,249150
20240209,09:51:47,1.9,300,249150
20240209,09:51:48,1.9,250,249150
20240209,09:51:49,1.9,250,249150
20240209,09:51:56,1.85,100,249150
20240209,09:51:57,1.85,2000,249150
20240209,09:52:11,1.9,250,249150
20240209,09:52:12,1.9,50,249150
20240209,09:52:13,1.9,300,249150
20240209,09:52:17,1.9,500,249150
20240209,09:52:21,1.85,50,249150
20240209,09:52:29,1.9,50,249150
20240209,09:52:43,1.9,100,253900
20240209,09:52:44,1.9,250,253900
20240209,09:52:46,1.9,250,253900
20240209,09:52:55,1.85,7800,253900
20240209,09:52:56,1.85,50,253900
20240209,09:52:57,1.85,1850,253900
20240209,09:52:58,1.8,550,253900
20240209,09:52:59,1.8,50,253900
20240209,09:53:00,1.8,50,253900
20240209,09:53:01,1.8,50,253900
20240209,09:53:02,1.8,1150,253900
20240209,09:53:03,1.8,200,253900
20240209,09:53:04,1.8,200,253900
20240209,09:53:05,1.8,200,253900
20240209,09:53:06,1.8,50,253900
20240209,09:53:07,1.8,50,253900
20240209,09:53:08,1.8,50,253900
20240209,09:53:09,1.8,50,253900
20240209,09:53:10,1.8,50,253900
20240209,09:53:11,1.8,50,253900
20240209,09:53:12,1.8,200,253900
20240209,09:53:13,1.8,200,253900
20240209,09:53:14,1.8,200,253900
20240209,09:53:15,1.8,300,253900
20240209,09:53:16,1.8,100,253900
20240209,09:53:17,1.8,200,253900
20240209,09:53:18,1.8,200,253900
20240209,09:53:19,1.85,600,253900
20240209,09:53:20,1.8,200,253900
20240209,09:53:21,1.8,200,253900
20240209,09:53:22,1.8,800,253900
20240209,09:53:23,1.85,400,253900
20240209,09:53:24,1.8,200,253900
20240209,09:53:25,1.85,400,253900
20240209,09:53:26,1.85,1200,253900
20240209,09:53:27,1.85,1900,253900
20240209,09:53:28,1.8,200,253900
20240209,09:53:29,1.8,600,253900
20240209,09:53:30,1.85,250,253900
20240209,09:53:31,1.85,1150,253900
20240209,09:53:32,1.85,200,253900
20240209,09:53:35,1.85,100,253900
20240209,09:53:36,1.8,50,253900
20240209,09:53:37,1.85,3050,253900
20240209,09:53:39,1.85,50,253900
20240209,09:53:40,1.9,200,253900
20240209,09:53:42,1.9,550,253900
20240209,09:53:44,1.85,50,253900
20240209,09:53:44,1.9,7850,253900
20240209,09:53:45,1.9,50,253900
20240209,09:53:46,1.9,1050,253900
20240209,09:53:47,1.9,200,253900
20240209,09:53:48,1.9,5650,253900
20240209,09:53:51,1.9,200,253900
20240209,09:53:58,1.95,1000,253900
20240209,09:54:03,1.9,50,253900
20240209,09:54:04,1.95,250,253900
20240209,09:54:05,1.9,200,253900
20240209,09:54:06,1.9,350,253900
20240209,09:54:07,1.85,200,253900
20240209,09:54:08,1.85,200,253900
20240209,09:54:09,1.85,200,253900
20240209,09:54:10,1.85,200,253900
20240209,09:54:11,1.85,600,253900
20240209,09:54:12,1.85,200,253900
20240209,09:54:13,1.85,200,253900
20240209,09:54:14,1.85,200,253900
20240209,09:54:15,1.85,200,253900
20240209,09:54:16,1.85,300,253900
20240209,09:54:17,1.85,200,253900
20240209,09:54:18,1.85,200,253900
20240209,09:54:19,1.8,6600,253900
20240209,09:54:20,1.8,200,253900
20240209,09:54:21,1.8,700,253900
20240209,09:54:22,1.8,150,253900
20240209,09:54:23,1.8,150,253900
20240209,09:54:24,1.8,150,253900
20240209,09:54:25,1.8,150,253900
20240209,09:54:26,1.8,150,253900
20240209,09:54:27,1.8,150,253900
20240209,09:54:28,1.8,150,253900
20240209,09:54:29,1.8,150,253900
20240209,09:54:30,1.8,150,253900
20240209,09:54:34,1.85,200,253900
20240209,09:54:37,1.8,500,253900
20240209,09:54:38,1.85,50,253900
20240209,09:54:59,1.85,50,253900
20240209,09:55:02,1.8,300,253900
20240209,09:55:03,1.85,50,253900
20240209,09:55:04,1.8,200,253900
20240209,09:55:05,1.85,250,253900
20240209,09:55:06,1.85,50,253900
20240209,09:55:11,1.9,12050,253900
20240209,09:55:15,1.9,50,253900
20240209,09:55:24,1.85,3450,252250
20240209,09:55:26,1.85,2200,252250
20240209,09:55:33,1.85,9150,252250
20240209,09:55:36,1.85,50,252250
20240209,09:56:01,1.85,4600,252250
20240209,09:56:19,1.9,50,252250
20240209,09:56:26,1.85,50,252250
20240209,09:56:27,1.85,600,252250
20240209,09:56:29,1.85,350,252250
20240209,09:56:35,1.8,300,252250
20240209,09:56:36,1.85,50,252250
20240209,09:56:37,1.85,2800,252250
20240209,09:56:38,1.85,750,252250
20240209,09:56:41,1.85,5000,252250
20240209,09:56:51,1.85,450,252250
20240209,09:56:55,1.85,50,252250
20240209,09:57:09,1.85,50,252250
20240209,09:57:48,1.85,50,252250
20240209,09:59:08,1.9,100,249300
20240209,09:59:24,1.9,1750,249300
20240209,09:59:29,1.9,1750,249300
20240209,09:59:38,1.95,50,249300
20240209,09:59:39,1.95,50,249300
20240209,09:59:40,1.95,50,249300
20240209,09:59:41,1.95,500,249300
20240209,09:59:42,2.0,50,249300
20240209,09:59:43,2.0,50,249300
20240209,09:59:44,2.0,50,249300
20240209,09:59:45,2.0,50,249300
20240209,09:59:46,2.0,50,249300
20240209,09:59:48,2.0,250,249300
20240209,09:59:50,2.0,150,249300
20240209,09:59:53,2.0,100,249300
20240209,09:59:54,2.0,2150,249300
20240209,09:59:56,2.0,600,249300
20240209,09:59:57,2.0,50,249300
20240209,09:59:58,2.0,50,249300
20240209,09:59:59,2.0,250,249300
20240209,10:00:00,2.0,50,249300
20240209,10:00:02,2.0,2000,249300
20240209,10:00:03,2.0,150,249300
20240209,10:00:05,2.0,300,249300
20240209,10:00:05,2.0,100,249300
20240209,10:00:07,2.05,300,249300
20240209,10:00:08,2.05,150,249300
20240209,10:00:09,2.05,350,249300
20240209,10:00:10,2.05,4650,249300
20240209,10:00:11,2.05,1800,249300
20240209,10:00:12,2.05,50,249300
20240209,10:00:13,2.05,50,249300
20240209,10:00:15,2.05,100,249300
20240209,10:00:16,2.05,50,249300
20240209,10:00:17,2.05,450,249300
20240209,10:00:18,2.05,50,249300
20240209,10:00:19,2.05,50,249300
20240209,10:00:20,2.05,50,249300
20240209,10:00:22,2.05,500,249300
20240209,10:00:23,2.05,50,249300
20240209,10:00:25,2.1,50,249300
20240209,10:00:26,2.1,150,249300
20240209,10:00:27,2.1,50,249300
20240209,10:00:28,2.1,200,249300
20240209,10:00:29,2.1,2500,249300
20240209,10:00:30,2.15,200,249300
20240209,10:00:31,2.1,900,249300
20240209,10:00:32,2.1,200,249300
20240209,10:00:33,2.15,150,249300
20240209,10:00:34,2.15,50,249300
20240209,10:00:35,2.2,1900,249300
20240209,10:00:36,2.15,2600,249300
20240209,10:00:37,2.2,50,249300
20240209,10:00:38,2.2,50,249300
20240209,10:00:39,2.2,750,249300
20240209,10:00:40,2.2,200,249300
20240209,10:00:41,2.2,700,249300
20240209,10:00:42,2.15,250,249300
20240209,10:00:43,2.2,10650,249300
20240209,10:00:44,2.2,2950,249300
20240209,10:00:45,2.2,200,249300
20240209,10:00:46,2.2,650,249300
20240209,10:00:47,2.2,250,249300
20240209,10:00:48,2.2,50,249300
20240209,10:00:49,2.2,50,249300
20240209,10:00:50,2.2,50,249300
20240209,10:00:53,2.2,1150,249300
20240209,10:00:55,2.2,1000,249300
20240209,10:00:56,2.2,500,249300
20240209,10:00:58,2.2,250,249300
20240209,10:00:59,2.2,1500,249300
20240209,10:01:00,2.2,1750,249300
20240209,10:01:01,2.2,1450,249300
20240209,10:01:05,2.25,50,249300
20240209,10:01:06,2.25,1250,249300
20240209,10:01:07,2.3,17250,249300
20240209,10:01:08,2.3,850,249300
20240209,10:01:09,2.35,200,249300
20240209,10:01:10,2.35,450,249300
20240209,10:01:11,2.35,1600,249300
20240209,10:01:12,2.4,200,249300
20240209,10:01:13,2.4,1500,249300
20240209,10:01:14,2.4,800,249300
20240209,10:01:16,2.4,50,249300
20240209,10:01:23,2.4,50,249300
20240209,10:01:24,2.4,250,249300
20240209,10:01:25,2.4,600,256150
20240209,10:01:26,2.35,800,256150
20240209,10:01:35,2.35,2950,256150
20240209,10:01:36,2.35,50,256150
20240209,10:01:39,2.35,50,256150
20240209,10:01:40,2.35,200,256150
20240209,10:01:41,2.3,250,256150
20240209,10:01:43,2.35,100,256150
20240209,10:01:46,2.3,300,256150
20240209,10:01:48,2.3,3100,256150
20240209,10:01:50,2.3,50,256150
20240209,10:01:55,2.25,3500,256150
20240209,10:01:56,2.25,100,256150
20240209,10:01:58,2.25,50,256150
20240209,10:02:05,2.25,50,256150
20240209,10:02:07,2.25,850,256150
20240209,10:02:08,2.2,100,256150
20240209,10:02:09,2.25,100,256150
20240209,10:02:15,2.2,50,256150
20240209,10:02:16,2.2,50,256150
20240209,10:02:18,2.2,50,256150
20240209,10:02:20,2.2,250,256150
20240209,10:02:21,2.2,50,256150
20240209,10:02:23,2.2,100,256150
20240209,10:02:26,2.2,100,256150
20240209,10:02:27,2.2,50,256150
20240209,10:02:28,2.15,100,256150
20240209,10:02:29,2.15,100,256150
20240209,10:02:30,2.15,200,256150
20240209,10:02:31,2.15,8650,256150
20240209,10:02:32,2.15,200,256150
20240209,10:02:35,2.1,50,256150
20240209,10:02:36,2.1,50,256150
20240209,10:02:37,2.1,50,256150
20240209,10:02:38,2.1,50,256150
20240209,10:02:39,2.1,2600,256150
20240209,10:02:40,2.05,50,256150
20240209,10:02:41,2.05,50,256150
20240209,10:02:42,2.1,100,256150
20240209,10:02:43,2.05,50,256150
20240209,10:02:44,2.05,1300,256150
20240209,10:02:45,2.05,550,256150
20240209,10:02:46,2.1,2300,256150
20240209,10:02:47,2.05,800,256150
20240209,10:02:48,2.05,200,256150
20240209,10:02:49,2.05,200,256150
20240209,10:02:50,2.05,50,256150
20240209,10:02:51,2.05,50,256150
20240209,10:02:52,2.05,150,256150
20240209,10:02:53,2.05,250,256150
20240209,10:02:54,2.05,50,256150
20240209,10:02:55,2.05,2850,256150
20240209,10:02:56,2.05,200,256150
20240209,10:02:57,2.05,1300,256150
20240209,10:02:58,2.0,700,256150
20240209,10:02:59,2.0,200,256150
20240209,10:03:00,2.0,200,256150
20240209,10:03:01,2.0,200,256150
20240209,10:03:02,2.0,1500,256150
20240209,10:03:03,1.95,350,256150
20240209,10:03:04,1.95,200,256150
20240209,10:03:05,1.95,300,256150
20240209,10:03:06,1.95,200,256150
20240209,10:03:07,1.95,200,256150
20240209,10:03:08,1.95,200,256150
20240209,10:03:09,1.95,300,256150
20240209,10:03:10,1.95,200,256150
20240209,10:03:13,1.95,50,256150
20240209,10:03:14,1.95,50,256150
20240209,10:03:15,2.0,300,256150
20240209,10:03:16,1.95,2000,256150
20240209,10:03:17,2.0,250,256150
20240209,10:03:18,1.95,50,256150
20240209,10:03:20,1.95,100,256150
20240209,10:03:21,1.95,50,256150
20240209,10:03:22,1.95,50,256150
20240209,10:03:25,2.0,300,256150
20240209,10:03:27,2.0,1800,256150
20240209,10:03:32,2.0,1400,256150
20240209,10:03:42,2.0,100,256150
20240209,10:03:50,2.05,300,256150
20240209,10:03:52,2.0,50,256150
20240209,10:04:05,2.05,50,256150
20240209,10:04:06,2.05,100,256150
20240209,10:04:11,2.05,50,256150
20240209,10:04:21,2.05,50,256150
20240209,10:04:27,2.0,100,246750
20240209,10:04:31,2.0,2100,246750
20240209,10:04:50,1.95,350,246750
20240209,10:04:53,1.95,950,246750
20240209,10:04:54,1.95,1050,246750
20240209,10:05:22,1.9,100,246750
20240209,10:05:28,1.9,700,246750
20240209,10:05:30,1.9,200,246750
20240209,10:05:57,1.9,50,246750
20240209,10:05:59,1.9,3150,246750
20240209,10:06:04,1.9,50,246750
20240209,10:06:08,1.9,1400,246750
20240209,10:06:09,1.9,100,246750
20240209,10:06:10,1.9,300,246750
20240209,10:06:11,1.85,50,246750
20240209,10:06:12,1.85,50,246750
20240209,10:06:13,1.85,50,246750
20240209,10:06:15,1.85,50,246750
20240209,10:06:18,1.85,50,246750
20240209,10:06:22,1.9,1000,246750
20240209,10:06:31,1.9,100,246750
20240209,10:06:32,1.85,50,246750
20240209,10:06:33,1.85,150,246750
20240209,10:06:34,1.85,200,246750
20240209,10:06:35,1.85,200,246750
20240209,10:06:36,1.85,200,246750
20240209,10:06:37,1.85,200,246750
20240209,10:06:40,1.8,200,246750
20240209,10:06:41,1.8,250,246750
20240209,10:06:42,1.8,150,246750
20240209,10:06:43,1.8,200,246750
20240209,10:06:44,1.8,150,246750
20240209,10:06:45,1.8,200,246750
20240209,10:06:46,1.8,150,246750
20240209,10:06:47,1.8,550,246750
20240209,10:06:48,1.8,150,246750
20240209,10:06:49,1.8,150,246750
20240209,10:06:50,1.8,150,246750
20240209,10:06:51,1.8,150,246750
20240209,10:06:56,1.8,50,246750
20240209,10:07:18,1.8,100,246750
20240209,10:07:24,1.85,2200,246750
20240209,10:07:25,1.85,1450,247200
20240209,10:07:27,1.85,50,247200
20240209,10:07:59,1.85,800,247200
20240209,10:08:01,1.85,1800,247200
20240209,10:08:15,1.85,1000,247200
20240209,10:08:22,1.85,1000,247200
20240209,10:08:23,1.9,50,247200
20240209,10:08:24,1.85,1600,247200
20240209,10:08:25,1.85,1300,247200
20240209,10:08:26,1.8,1000,247200
20240209,10:08:27,1.8,1000,247200
20240209,10:08:42,1.8,1800,247200
20240209,10:08:43,1.8,6200,247200
20240209,10:08:53,1.8,50,247200
20240209,10:08:59,1.8,3500,247200
20240209,10:09:07,1.8,100,247200
20240209,10:09:13,1.85,300,247200
20240209,10:09:25,1.8,50,247200
20240209,10:09:37,1.8,50,247200
20240209,10:09:41,1.8,50,247200
20240209,10:09:45,1.8,1000,247200
20240209,10:09:51,1.85,150,247200
20240209,10:09:54,1.85,50,247200
20240209,10:09:55,1.85,100,247200
20240209,10:09:56,1.85,150,247200
20240209,10:09:57,1.85,450,247200
20240209,10:09:58,1.85,250,247200
20240209,10:09:59,1.85,200,247200
20240209,10:10:06,1.85,50,247200
20240209,10:10:07,1.85,50,247200
20240209,10:10:08,1.85,600,247200
20240209,10:10:10,1.9,950,247200
20240209,10:10:11,1.9,50,247200
20240209,10:10:12,1.9,200,247200
20240209,10:10:13,1.9,200,247200
20240209,10:10:14,1.9,200,247200
20240209,10:10:15,1.9,50,247200
20240209,10:10:16,1.9,50,247200
20240209,10:10:17,1.9,50,247200
20240209,10:10:19,1.9,100,247200
20240209,10:10:20,1.9,200,247200
20240209,10:10:22,1.85,3450,247200
20240209,10:10:23,1.85,200,247200
20240209,10:10:24,1.85,200,247200
20240209,10:10:25,1.85,200,247200
20240209,10:10:26,1.85,200,243700
20240209,10:10:27,1.85,50,243700
20240209,10:10:28,1.85,50,243700
20240209,10:10:29,1.85,50,243700
20240209,10:10:30,1.85,50,243700
20240209,10:10:32,1.85,100,243700
20240209,10:10:32,1.85,50,243700
20240209,10:10:33,1.85,50,243700
20240209,10:10:34,1.85,50,243700
20240209,10:10:35,1.85,50,243700
20240209,10:10:36,1.85,50,243700
20240209,10:10:37,1.85,50,243700
20240209,10:10:38,1.85,50,243700
20240209,10:10:39,1.85,50,243700
20240209,10:10:40,1.85,50,243700
20240209,10:10:41,1.85,50,243700
20240209,10:10:42,1.85,50,243700
20240209,10:10:43,1.85,50,243700
20240209,10:10:44,1.85,600,243700
20240209,10:10:45,1.85,850,243700
20240209,10:10:47,1.9,2650,243700
20240209,10:10:48,1.9,50,243700
20240209,10:10:49,1.9,50,243700
20240209,10:10:50,1.9,50,243700
20240209,10:10:51,1.9,200,243700
20240209,10:10:53,1.9,400,243700
20240209,10:10:54,1.9,200,243700
20240209,10:10:55,1.9,200,243700
20240209,10:10:56,1.9,200,243700
20240209,10:10:57,1.9,200,243700
20240209,10:10:58,1.9,200,243700
20240209,10:10:59,1.9,50,243700
20240209,10:11:00,1.9,50,243700
20240209,10:11:01,1.9,200,243700
20240209,10:11:03,1.9,400,243700
20240209,10:11:04,1.9,200,243700
20240209,10:11:05,1.9,50,243700
20240209,10:11:06,1.9,100,243700
20240209,10:11:08,1.9,100,243700
20240209,10:11:09,1.9,50,243700
20240209,10:11:10,1.9,50,243700
20240209,10:11:11,1.9,50,243700
20240209,10:11:12,1.9,50,243700
20240209,10:11:15,1.95,50,243700
20240209,10:11:16,1.95,50,243700
20240209,10:11:17,1.95,50,243700
20240209,10:11:18,1.95,50,243700
20240209,10:11:19,1.95,50,243700
20240209,10:11:20,1.95,50,243700
20240209,10:11:21,1.95,50,243700
20240209,10:11:22,1.95,50,243700
20240209,10:11:48,1.95,50,243700
20240209,10:11:49,1.95,50,243700
20240209,10:11:50,1.95,50,243700
20240209,10:11:51,1.95,50,243700
20240209,10:11:52,1.95,50,243700
20240209,10:11:53,1.95,50,243700
20240209,10:11:54,1.95,50,243700
20240209,10:11:55,1.95,50,243700
20240209,10:11:56,1.95,150,243700
20240209,10:11:57,1.95,50,243700
20240209,10:11:58,1.95,50,243700
20240209,10:11:59,1.95,50,243700
20240209,10:12:00,1.95,3100,243700
20240209,10:12:01,1.95,1750,243700
20240209,10:12:05,1.95,1200,243700
20240209,10:12:23,1.95,250,243700
20240209,10:12:29,1.95,2200,243700
20240209,10:12:34,1.95,1300,243700
20240209,10:12:35,2.0,50,243700
20240209,10:12:36,2.0,50,243700
20240209,10:12:40,1.95,250,243700
20240209,10:12:42,2.0,50,243700
20240209,10:12:43,1.95,1850,243700
20240209,10:12:44,1.95,50,243700
20240209,10:12:45,1.95,50,243700
20240209,10:12:46,1.95,50,243700
20240209,10:12:47,1.95,50,243700
20240209,10:13:28,1.9,50,243700
20240209,10:13:49,1.95,50,249350
20240209,10:13:50,1.95,50,249350
20240209,10:13:51,1.95,50,249350
20240209,10:13:52,1.95,50,249350
20240209,10:13:53,1.95,50,249350
20240209,10:13:54,1.95,50,249350
20240209,10:13:55,1.95,50,249350
20240209,10:13:56,1.95,50,249350
20240209,10:13:57,1.95,50,249350
20240209,10:13:58,1.95,200,249350
20240209,10:13:59,1.95,200,249350
20240209,10:14:00,1.95,200,249350
20240209,10:14:01,1.95,3900,249350
20240209,10:14:02,2.0,100,249350
20240209,10:14:03,2.0,1900,249350
20240209,10:14:04,2.0,100,249350
20240209,10:14:05,2.0,50,249350
20240209,10:14:06,2.0,50,249350
20240209,10:14:07,1.95,1600,249350
20240209,10:14:08,2.0,50,249350
20240209,10:14:09,2.0,3100,249350
20240209,10:14:10,1.95,3050,249350
20240209,10:14:12,1.95,1500,249350
20240209,10:14:15,2.0,100,249350
20240209,10:14:16,2.0,50,249350
20240209,10:14:17,2.0,50,249350
20240209,10:14:18,2.0,50,249350
20240209,10:14:19,2.0,50,249350
20240209,10:14:20,2.0,50,249350
20240209,10:14:21,2.0,50,249350
20240209,10:14:22,2.0,50,249350
20240209,10:14:23,2.0,50,249350
20240209,10:14:24,2.0,50,249350
20240209,10:14:25,2.0,50,249350
20240209,10:14:26,2.0,50,249350
20240209,10:14:27,2.0,50,249350
20240209,10:14:28,2.0,50,249350
20240209,10:14:29,2.0,50,249350
20240209,10:14:30,2.0,200,249350
20240209,10:14:39,1.95,50,249350
20240209,10:14:41,1.95,250,249350
20240209,10:14:44,1.95,250,249350
20240209,10:14:51,1.95,250,249350
20240209,10:14:56,1.95,50,249350
20240209,10:14:58,1.95,1800,249350
20240209,10:15:14,2.0,1800,249350
20240209,10:15:15,2.0,1800,249350
20240209,10:15:21,1.95,600,249350
20240209,10:15:30,2.0,1000,249350
20240209,10:15:41,2.0,1000,249350
20240209,10:15:47,2.0,50,249350
20240209,10:15:48,2.0,50,249350
20240209,10:15:49,2.0,50,249350
20240209,10:15:50,2.0,50,249350
20240209,10:15:51,2.0,50,249350
20240209,10:15:52,2.0,100,249350
20240209,10:15:53,2.0,50,249350
20240209,10:15:54,2.0,50,249350
20240209,10:15:55,2.0,50,249350
20240209,10:15:56,2.0,50,249350
20240209,10:15:57,2.0,50,249350
20240209,10:15:58,2.0,50,249350
20240209,10:15:59,2.0,50,249350
20240209,10:16:00,2.0,50,249350
20240209,10:16:01,2.0,50,249350
20240209,10:16:02,2.05,50,249350
20240209,10:16:03,2.05,50,249350
20240209,10:16:04,2.05,50,249350
20240209,10:16:05,2.05,50,249350
20240209,10:16:06,2.05,50,249350
20240209,10:16:07,2.05,50,249350
20240209,10:16:08,2.05,50,249350
20240209,10:16:09,2.05,50,249350
20240209,10:16:10,2.05,50,249350
20240209,10:16:11,2.05,50,249350
20240209,10:16:12,2.05,50,249350
20240209,10:16:14,2.05,1400,249350
20240209,10:16:15,2.05,50,249350
20240209,10:16:16,2.05,50,249350
20240209,10:16:17,2.05,50,249350
20240209,10:16:18,2.05,200,249350
20240209,10:16:19,2.05,200,249350
20240209,10:16:20,2.05,750,249350
20240209,10:16:21,2.05,200,249350
20240209,10:16:22,2.05,200,249350
20240209,10:16:23,2.05,150,249350
20240209,10:16:24,2.1,2350,249350
20240209,10:16:25,2.1,50,249350
20240209,10:16:26,2.1,50,257450
20240209,10:16:27,2.1,50,257450
20240209,10:16:28,2.1,200,257450
20240209,10:16:29,2.1,200,257450
20240209,10:16:30,2.1,200,257450
20240209,10:16:31,2.1,50,257450
20240209,10:16:32,2.1,50,257450
20240209,10:16:33,2.1,50,257450
20240209,10:16:34,2.1,50,257450
20240209,10:16:35,2.1,50,257450
20240209,10:16:36,2.1,50,257450
20240209,10:16:37,2.1,50,257450
20240209,10:16:38,2.1,200,257450
20240209,10:16:39,2.1,200,257450
20240209,10:16:40,2.1,50,257450
20240209,10:16:41,2.1,50,257450
20240209,10:16:42,2.1,50,257450
20240209,10:16:43,2.1,50,257450
20240209,10:16:44,2.1,50,257450
20240209,10:16:45,2.1,50,257450
20240209,10:16:46,2.1,50,257450
20240209,10:16:47,2.1,50,257450
20240209,10:16:48,2.1,50,257450
20240209,10:16:49,2.1,50,257450
20240209,10:16:50,2.1,50,257450
20240209,10:16:51,2.1,50,257450
20240209,10:16:52,2.1,50,257450
20240209,10:16:53,2.1,50,257450
20240209,10:16:54,2.1,100,257450
20240209,10:16:55,2.1,50,257450
20240209,10:16:56,2.1,50,257450
20240209,10:16:57,2.1,50,257450
20240209,10:16:58,2.1,50,257450
20240209,10:16:59,2.1,50,257450
20240209,10:17:00,2.1,450,257450
20240209,10:17:01,2.1,50,257450
20240209,10:17:02,2.1,50,257450
20240209,10:17:03,2.1,50,257450
20240209,10:17:04,2.05,23750,257450
20240209,10:17:05,2.05,100,257450
20240209,10:17:06,2.05,50,257450
20240209,10:17:07,2.05,50,257450
20240209,10:17:08,2.05,50,257450
20240209,10:17:09,2.05,50,257450
20240209,10:17:10,2.05,50,257450
20240209,10:17:11,2.05,50,257450
20240209,10:17:12,2.05,50,257450
20240209,10:17:13,2.05,50,257450
20240209,10:17:14,2.05,50,257450
20240209,10:17:15,2.05,100,257450
20240209,10:17:20,2.05,250,257450
20240209,10:17:21,2.05,100,257450
20240209,10:17:32,2.05,250,257450
20240209,10:17:36,2.05,250,257450
20240209,10:17:43,2.05,50,257450
20240209,10:17:44,2.05,50,257450
20240209,10:17:50,2.05,250,257450
20240209,10:17:51,2.05,50,257450
20240209,10:17:54,2.05,50,257450
20240209,10:17:55,2.05,50,257450
20240209,10:17:56,2.05,50,257450
20240209,10:17:57,2.05,50,257450
20240209,10:17:58,2.05,50,257450
20240209,10:17:59,2.05,50,257450
20240209,10:18:00,2.05,500,257450
20240209,10:18:01,2.05,300,257450
20240209,10:18:02,2.05,2100,257450
20240209,10:18:03,2.05,550,257450
20240209,10:18:04,2.05,100,257450
20240209,10:18:05,2.05,50,257450
20240209,10:18:06,2.1,100,257450
20240209,10:18:07,2.05,500,257450
20240209,10:18:08,2.05,50,257450
20240209,10:18:09,2.05,50,257450
20240209,10:18:10,2.05,50,257450
20240209,10:18:11,2.05,50,257450
20240209,10:18:12,2.05,50,257450
20240209,10:18:13,2.05,50,257450
20240209,10:18:14,2.05,200,257450
20240209,10:18:15,2.05,200,257450
20240209,10:18:16,2.05,200,257450
20240209,10:18:20,2.05,50,257450
20240209,10:18:21,2.05,50,257450
20240209,10:18:22,2.05,50,257450
20240209,10:18:23,2.05,50,257450
20240209,10:18:24,2.05,50,257450
20240209,10:18:25,2.05,50,257450
20240209,10:18:26,2.05,50,257450
20240209,10:18:27,2.05,50,257450
20240209,10:18:28,2.05,50,257450
20240209,10:18:29,2.05,50,257450
20240209,10:18:30,2.05,50,257450
20240209,10:18:31,2.05,50,257450
20240209,10:18:32,2.0,650,257450
20240209,10:18:33,2.0,600,257450
20240209,10:18:34,2.05,200,257450
20240209,10:18:35,2.05,200,257450
20240209,10:18:36,2.05,50,257450
20240209,10:18:37,2.05,50,257450
20240209,10:18:38,2.05,100,257450
20240209,10:18:39,2.05,100,257450
20240209,10:18:40,2.05,200,257450
20240209,10:18:41,2.05,100,257450
20240209,10:18:42,2.05,200,257450
20240209,10:18:43,2.05,1200,257450
20240209,10:18:44,2.1,200,257450
20240209,10:18:45,2.1,50,257450
20240209,10:18:46,2.1,100,257450
20240209,10:18:54,2.1,50,257450
20240209,10:18:55,2.1,50,257450
20240209,10:18:56,2.1,50,257450
20240209,10:18:57,2.1,50,257450
20240209,10:18:59,2.1,50,257450
20240209,10:19:00,2.1,50,257450
20240209,10:19:01,2.1,50,257450
20240209,10:19:02,2.1,50,257450
20240209,10:19:03,2.1,50,257450
20240209,10:19:04,2.1,50,257450
20240209,10:19:05,2.1,50,257450
20240209,10:19:06,2.1,50,257450
20240209,10:19:07,2.1,50,257450
20240209,10:19:08,2.1,50,257450
20240209,10:19:09,2.1,50,257450
20240209,10:19:10,2.1,50,257450
20240209,10:19:11,2.1,50,257450
20240209,10:19:12,2.1,50,257450
20240209,10:19:13,2.1,50,257450
20240209,10:19:14,2.1,50,257450
20240209,10:19:15,2.1,50,257450
20240209,10:19:16,2.1,50,257450
20240209,10:19:17,2.1,50,257450
20240209,10:19:18,2.1,50,257450
20240209,10:19:19,2.1,100,257450
20240209,10:19:20,2.1,50,257450
20240209,10:19:21,2.1,50,257450
20240209,10:19:22,2.1,50,257450
20240209,10:19:26,2.1,50,257450
20240209,10:19:40,2.05,50,267300
20240209,10:19:43,2.05,50,267300
20240209,10:20:00,2.05,50,267300
20240209,10:20:01,2.1,1350,267300
20240209,10:20:02,2.1,50,267300
20240209,10:20:07,2.05,900,267300
20240209,10:20:09,2.05,50,267300
20240209,10:20:13,2.05,200,267300
20240209,10:20:14,2.05,100,267300
20240209,10:20:17,2.05,200,267300
20240209,10:20:20,2.05,1800,267300
20240209,10:20:22,2.05,1800,267300
20240209,10:20:29,2.1,50,267300
20240209,10:20:30,2.1,50,267300
20240209,10:20:31,2.1,50,267300
20240209,10:20:32,2.1,50,267300
20240209,10:20:33,2.1,50,267300
20240209,10:20:34,2.1,550,267300
20240209,10:20:35,2.1,50,267300
20240209,10:20:36,2.1,50,267300
20240209,10:20:37,2.1,50,267300
20240209,10:20:38,2.1,50,267300
20240209,10:20:39,2.1,100,267300
20240209,10:20:41,2.1,200,267300
20240209,10:20:42,2.1,50,267300
20240209,10:20:43,2.1,50,267300
20240209,10:20:45,2.1,150,267300
20240209,10:20:46,2.1,2800,267300
20240209,10:20:47,2.1,400,267300
20240209,10:20:49,2.15,200,267300
20240209,10:20:50,2.15,50,267300
20240209,10:20:52,2.15,100,267300
20240209,10:20:53,2.15,50,267300
20240209,10:20:54,2.15,50,267300
20240209,10:20:55,2.15,50,267300
20240209,10:20:57,2.15,150,267300
20240209,10:20:57,2.1,50,267300
20240209,10:20:59,2.15,300,267300
20240209,10:21:00,2.1,3250,267300
20240209,10:21:03,2.1,2700,267300
20240209,10:21:05,2.1,550,267300
20240209,10:21:06,2.1,1300,267300
20240209,10:21:07,2.1,2500,267300
20240209,10:21:10,2.1,650,267300
20240209,10:21:11,2.05,900,267300
20240209,10:21:14,2.05,750,267300
20240209,10:21:15,2.05,200,267300
20240209,10:21:17,2.05,1000,267300
20240209,10:21:18,2.1,350,267300
20240209,10:21:19,2.05,3850,267300
20240209,10:21:21,2.0,200,267300
20240209,10:21:22,2.0,550,267300
20240209,10:21:28,2.0,200,267300
20240209,10:21:29,2.0,5800,267300
20240209,10:21:33,2.0,1800,267300
20240209,10:21:34,2.05,3650,267300
20240209,10:21:53,2.0,50,267300
20240209,10:22:03,2.0,500,267300
20240209,10:22:05,2.0,200,267300
20240209,10:22:07,2.0,400,267300
20240209,10:22:29,2.05,1800,259000
20240209,10:22:30,2.05,1800,259000
20240209,10:22:31,2.05,50,259000
20240209,10:22:34,2.05,1800,259000
20240209,10:22:39,2.05,50,259000
20240209,10:22:53,2.05,500,259000
20240209,10:22:54,2.05,900,259000
20240209,10:23:08,2.05,650,259000
20240209,10:23:27,2.0,3000,259000
20240209,10:23:36,2.05,1800,259000
20240209,10:25:17,2.0,200,259000
20240209,10:25:27,2.05,12000,259000
20240209,10:25:42,2.1,9000,262900
20240209,10:25:44,2.15,250,262900
20240209,10:25:45,2.1,50,262900
20240209,10:25:50,2.1,50,262900
20240209,10:26:01,2.1,250,262900
20240209,10:26:02,2.1,250,262900
20240209,10:26:04,2.1,850,262900
20240209,10:26:05,2.1,4650,262900
20240209,10:26:06,2.1,2900,262900
20240209,10:26:07,2.1,1050,262900
20240209,10:26:16,2.15,50,262900
20240209,10:26:17,2.15,50,262900
20240209,10:26:19,2.15,200,262900
20240209,10:26:32,2.15,8400,262900
20240209,10:26:34,2.15,1250,262900
20240209,10:26:50,2.15,400,262900
20240209,10:27:20,2.15,4350,262900
20240209,10:27:47,2.1,350,262900
20240209,10:28:24,2.15,100,262900
20240209,10:28:28,2.15,100,270650
20240209,10:28:29,2.15,100,270650
20240209,10:28:37,2.1,50,270650
20240209,10:28:54,2.1,50,270650
20240209,10:29:00,2.1,1800,270650
20240209,10:29:23,2.15,150,270650
20240209,10:29:31,2.15,400,270650
20240209,10:29:36,2.1,850,270650
20240209,10:29:45,2.15,200,270650
20240209,10:30:11,2.1,250,270650
20240209,10:30:13,2.15,50,270650
20240209,10:30:14,2.15,1800,270650
20240209,10:30:18,2.1,50,270650
20240209,10:30:25,2.15,50,270650
20240209,10:30:32,2.1,200,270650
20240209,10:30:33,2.1,550,270650
20240209,10:30:38,2.15,250,270650
20240209,10:30:42,2.1,100,270650
20240209,10:30:43,2.15,50,270650
20240209,10:30:50,2.1,200,270650
20240209,10:30:52,2.1,700,270650
20240209,10:31:10,2.1,1800,270650
20240209,10:31:16,2.15,2000,270650
20240209,10:31:36,2.15,50,270650
20240209,10:31:47,2.15,100,274550
20240209,10:31:53,2.15,900,274550
20240209,10:32:08,2.15,50,274550
20240209,10:32:12,2.1,650,274550
20240209,10:32:15,2.15,100,274550
20240209,10:32:17,2.15,200,274550
20240209,10:32:39,2.15,4450,274550
20240209,10:32:43,2.2,50,274550
20240209,10:32:46,2.15,50,274550
20240209,10:32:52,2.15,100,274550
20240209,10:33:15,2.2,100,274550
20240209,10:33:30,2.2,750,274550
20240209,10:33:46,2.15,4850,274550
20240209,10:34:05,2.15,50,274550
20240209,10:34:06,2.15,50,274550
20240209,10:34:07,2.15,50,274550
20240209,10:34:08,2.15,150,274550
20240209,10:34:09,2.15,50,274550
20240209,10:34:10,2.15,200,274550
20240209,10:34:11,2.15,50,274550
20240209,10:34:12,2.15,200,274550
20240209,10:34:13,2.15,1050,274550
20240209,10:34:14,2.15,200,274550
20240209,10:34:15,2.15,1100,274550
20240209,10:34:16,2.15,200,274550
20240209,10:34:17,2.15,1100,274550
20240209,10:34:18,2.15,2450,274550
20240209,10:34:19,2.15,1350,274550
20240209,10:34:20,2.15,1600,274550
20240209,10:34:21,2.15,200,274550
20240209,10:34:22,2.15,1400,274550
20240209,10:34:23,2.15,750,274550
20240209,10:34:24,2.15,200,274550
20240209,10:34:25,2.15,800,274550
20240209,10:34:26,2.15,200,274550
20240209,10:34:27,2.15,1750,274550
20240209,10:34:28,2.15,200,274550
20240209,10:34:30,2.15,600,274550
20240209,10:34:31,2.1,350,268800
20240209,10:34:32,2.1,50,268800
20240209,10:34:33,2.1,50,268800
20240209,10:34:34,2.1,2000,268800
20240209,10:34:35,2.1,200,268800
20240209,10:34:36,2.1,200,268800
20240209,10:34:37,2.1,50,268800
20240209,10:34:38,2.1,50,268800
20240209,10:34:39,2.1,50,268800
20240209,10:34:40,2.1,50,268800
20240209,10:34:41,2.1,100,268800
20240209,10:34:42,2.1,50,268800
20240209,10:34:43,2.1,50,268800
20240209,10:34:44,2.1,50,268800
20240209,10:34:45,2.1,200,268800
20240209,10:34:46,2.1,200,268800
20240209,10:34:47,2.1,200,268800
20240209,10:34:48,2.05,2050,268800
20240209,10:34:49,2.05,200,268800
20240209,10:34:50,2.05,200,268800
20240209,10:34:51,2.05,200,268800
20240209,10:34:52,2.05,200,268800
20240209,10:34:53,2.05,200,268800
20240209,10:34:54,2.05,200,268800
20240209,10:34:55,2.05,200,268800
20240209,10:34:56,2.05,200,268800
20240209,10:34:57,2.05,200,268800
20240209,10:34:58,2.0,2250,268800
20240209,10:34:59,2.0,200,268800
20240209,10:35:00,2.0,300,268800
20240209,10:35:01,2.0,300,268800
20240209,10:35:03,2.0,150,268800
20240209,10:35:04,2.0,50,268800
20240209,10:35:06,2.05,100,268800
20240209,10:35:09,2.0,50,268800
20240209,10:35:10,2.0,50,268800
20240209,10:35:11,2.0,50,268800
20240209,10:35:12,2.0,50,268800
20240209,10:35:13,2.0,50,268800
20240209,10:35:14,2.0,50,268800
20240209,10:35:15,2.0,50,268800
20240209,10:35:16,2.0,1050,268800
20240209,10:35:17,2.0,200,268800
20240209,10:35:18,2.0,200,268800
20240209,10:35:20,2.0,50,268800
20240209,10:35:21,2.0,50,268800
20240209,10:35:22,2.0,50,268800
20240209,10:35:23,2.0,50,268800
20240209,10:35:24,2.0,50,268800
20240209,10:35:25,2.0,50,268800
20240209,10:35:49,2.05,1800,268800
20240209,10:35:50,2.05,1800,268800
20240209,10:35:54,2.05,50,268800
20240209,10:35:56,2.05,50,268800
20240209,10:36:07,2.05,200,268800
20240209,10:36:08,2.05,300,268800
20240209,10:36:11,2.05,300,268800
20240209,10:36:13,2.05,300,268800
20240209,10:36:15,2.05,50,268800
20240209,10:36:18,2.05,150,268800
20240209,10:36:32,2.0,50,268800
20240209,10:36:40,2.05,250,268800
20240209,10:36:41,2.05,250,268800
20240209,10:36:43,2.05,50,268800
20240209,10:36:44,2.05,250,268800
20240209,10:36:50,2.1,9850,268800
20240209,10:37:03,2.1,50,268800
20240209,10:37:58,2.1,50,269000
20240209,10:39:13,2.1,1850,269000
20240209,10:39:14,2.1,1800,269000
20240209,10:39:15,2.1,2250,269000
20240209,10:39:16,2.1,250,269000
20240209,10:39:42,2.1,50,269000
20240209,10:40:27,2.1,150,269000
20240209,10:40:28,2.1,50,269000
20240209,10:40:29,2.1,50,269000
20240209,10:41:02,2.05,50,269000
20240209,10:41:03,2.05,50,272350
20240209,10:41:04,2.05,200,272350
20240209,10:41:05,2.05,200,272350
20240209,10:41:06,2.05,200,272350
20240209,10:41:07,2.0,6550,272350
20240209,10:41:08,2.0,50,272350
20240209,10:41:09,2.0,50,272350
20240209,10:41:10,2.0,50,272350
20240209,10:41:11,2.0,50,272350
20240209,10:41:12,2.0,50,272350
20240209,10:41:13,2.0,50,272350
20240209,10:41:14,2.0,200,272350
20240209,10:41:15,2.0,200,272350
20240209,10:41:16,2.0,200,272350
20240209,10:41:17,2.0,50,272350
20240209,10:41:26,2.0,50,272350
20240209,10:41:30,2.0,200,272350
20240209,10:41:31,2.0,1900,272350
20240209,10:41:32,2.0,200,272350
20240209,10:41:47,2.0,50,272350
20240209,10:41:52,2.0,50,272350
20240209,10:42:03,2.05,550,272350
20240209,10:42:05,2.05,800,272350
20240209,10:42:07,2.05,900,272350
20240209,10:42:09,2.05,850,272350
20240209,10:42:12,2.0,300,272350
20240209,10:42:15,2.05,550,272350
20240209,10:42:23,2.0,50,272350
20240209,10:43:23,2.05,100,272350
20240209,10:43:54,2.05,100,270900
20240209,10:44:34,2.0,100,270900
20240209,10:45:00,2.05,450,270900
20240209,10:45:03,2.05,100,270900
20240209,10:45:45,2.05,250,270900
20240209,10:46:22,2.05,1800,270900
20240209,10:46:26,2.05,1800,270900
20240209,10:46:28,2.05,50,270900
20240209,10:46:29,2.05,100,270900
20240209,10:46:30,2.05,150,270900
20240209,10:46:31,2.05,1500,270900
20240209,10:46:32,2.1,150,275300
20240209,10:46:33,2.1,150,275300
20240209,10:46:34,2.1,150,275300
20240209,10:46:35,2.1,150,275300
20240209,10:46:36,2.1,50,275300
20240209,10:46:37,2.1,50,275300
20240209,10:46:38,2.1,50,275300
20240209,10:46:39,2.1,200,275300
20240209,10:46:40,2.1,200,275300
20240209,10:46:41,2.1,200,275300
20240209,10:46:42,2.1,200,275300
20240209,10:46:43,2.1,50,275300
20240209,10:46:44,2.1,50,275300
20240209,10:46:45,2.1,50,275300
20240209,10:46:46,2.1,50,275300
20240209,10:46:47,2.1,50,275300
20240209,10:46:48,2.1,50,275300
20240209,10:46:49,2.1,50,275300
20240209,10:46:50,2.1,50,275300
20240209,10:47:28,2.05,50,275300
20240209,10:47:29,2.05,50,275300
20240209,10:47:30,2.05,200,275300
20240209,10:47:31,2.05,500,275300
20240209,10:47:32,2.0,200,275300
20240209,10:47:33,2.0,200,275300
20240209,10:47:34,2.0,200,275300
20240209,10:47:35,2.0,200,275300
20240209,10:47:36,2.0,200,275300
20240209,10:47:37,2.0,200,275300
20240209,10:47:38,2.0,200,275300
20240209,10:47:39,2.0,200,275300
20240209,10:47:40,2.0,200,275300
20240209,10:47:41,2.0,250,275300
20240209,10:47:42,2.0,200,275300
20240209,10:47:43,2.0,200,275300
20240209,10:47:44,2.0,200,275300
20240209,10:47:45,2.0,2000,275300
20240209,10:47:46,2.0,150,275300
20240209,10:47:47,2.0,200,275300
20240209,10:47:48,2.0,150,275300
20240209,10:47:49,2.0,150,275300
20240209,10:47:55,2.0,150,275300
20240209,10:47:56,2.0,150,275300
20240209,10:47:57,2.0,150,275300
20240209,10:48:06,2.0,150,275300
20240209,10:48:07,2.0,200,275300
20240209,10:48:08,2.0,150,275300
20240209,10:48:10,2.0,50,275300
20240209,10:48:11,2.0,150,275300
20240209,10:48:12,2.0,150,275300
20240209,10:48:14,2.0,1150,275300
20240209,10:48:15,2.0,150,275300
20240209,10:48:16,2.0,50,275300
20240209,10:48:18,2.0,450,275300
20240209,10:48:19,2.0,4500,275300
20240209,10:48:20,2.0,4300,275300
20240209,10:48:25,1.95,450,275300
20240209,10:48:28,1.95,450,275300
20240209,10:48:29,1.95,450,275300
20240209,10:48:31,1.95,150,275300
20240209,10:48:40,2.0,50,275300
20240209,10:48:45,1.95,150,275300
20240209,10:48:46,1.95,150,275300
20240209,10:48:47,1.95,5800,275300
20240209,10:48:49,1.95,2150,275300
20240209,10:48:53,1.9,150,275300
20240209,10:48:54,1.9,150,275300
20240209,10:49:05,1.85,4600,275300
20240209,10:49:06,1.85,1900,275300
20240209,10:49:07,1.9,11000,275300
20240209,10:49:11,1.85,150,275300
20240209,10:49:12,1.85,150,275300
20240209,10:49:13,1.85,150,275300
20240209,10:49:14,1.85,150,275300
20240209,10:49:21,1.85,250,275300
20240209,10:49:22,1.85,1950,275300
20240209,10:49:26,1.85,50,275300
20240209,10:49:37,1.85,2100,269650
20240209,10:49:42,1.8,150,269650
20240209,10:49:43,1.8,150,269650
20240209,10:49:44,1.8,150,269650
20240209,10:49:46,1.85,3750,269650
20240209,10:49:47,1.8,50,269650
20240209,10:49:50,1.8,50,269650
20240209,10:49:54,1.8,1800,269650
20240209,10:49:56,1.8,1800,269650
20240209,10:50:01,1.8,50,269650
20240209,10:50:03,1.8,1000,269650
20240209,10:50:05,1.8,100,269650
20240209,10:50:06,1.8,100,269650
20240209,10:50:12,1.8,100,269650
20240209,10:50:13,1.85,100,269650
20240209,10:50:14,1.8,150,269650
20240209,10:50:18,1.8,100,269650
20240209,10:50:21,1.8,100,269650
20240209,10:50:35,1.8,350,269650
20240209,10:50:40,1.85,100,269650
20240209,10:50:44,1.85,50,269650
20240209,10:50:47,1.8,50,269650
20240209,10:50:50,1.8,50,269650
20240209,10:50:54,1.85,1800,269650
20240209,10:50:57,1.85,2300,269650
20240209,10:50:58,1.85,4100,269650
20240209,10:51:01,1.85,1800,269650
20240209,10:51:03,1.85,1800,269650
20240209,10:51:07,1.85,2250,269650
20240209,10:51:10,1.8,1850,269650
20240209,10:51:11,1.85,650,269650
20240209,10:51:18,1.8,9000,269650
20240209,10:51:19,1.8,100,269650
20240209,10:51:26,1.8,100,269650
20240209,10:51:28,1.8,150,269650
20240209,10:51:30,1.8,1800,269650
20240209,10:51:44,1.8,1800,269650
20240209,10:51:48,1.8,900,269650
20240209,10:52:09,1.85,750,269650
20240209,10:52:32,1.8,1800,268700
20240209,10:52:49,1.85,100,268700
20240209,10:53:19,1.85,300,268700
20240209,10:53:28,1.85,1500,268700
20240209,10:53:30,1.85,1500,268700
20240209,10:53:34,1.85,1500,268700
20240209,10:53:54,1.8,12550,268700
20240209,10:53:55,1.8,4600,268700
20240209,10:53:58,1.8,50,268700
20240209,10:54:03,1.8,50,268700
20240209,10:54:04,1.8,250,268700
20240209,10:54:15,1.8,750,268700
20240209,10:54:16,1.75,1800,268700
20240209,10:54:45,1.75,500,268700
20240209,10:55:05,1.75,2050,268700
20240209,10:55:06,1.75,1800,268700
20240209,10:55:10,1.8,700,268700
20240209,10:55:12,1.75,5150,268700
20240209,10:55:16,1.75,50,268700
20240209,10:55:18,1.75,50,268700
20240209,10:55:21,1.75,2950,268700
20240209,10:55:38,1.75,1800,261950
20240209,10:55:45,1.8,2200,261950
20240209,10:55:46,1.8,1800,261950
20240209,10:55:49,1.75,400,261950
20240209,10:55:50,1.75,1800,261950
20240209,10:55:51,1.8,2250,261950
20240209,10:55:52,1.75,1800,261950
20240209,10:55:56,1.8,50,261950
20240209,10:56:00,1.8,50,261950
20240209,10:56:05,1.8,250,261950
20240209,10:56:08,1.8,50,261950
20240209,10:56:11,1.75,50,261950
20240209,10:56:13,1.8,3200,261950
20240209,10:56:29,1.75,8400,261950
20240209,10:57:07,1.7,100,261950
20240209,10:57:08,1.7,250,261950
20240209,10:57:09,1.7,150,261950
20240209,10:57:10,1.7,150,261950
20240209,10:57:11,1.7,150,261950
20240209,10:57:12,1.7,150,261950
20240209,10:57:13,1.7,150,261950
20240209,10:57:14,1.7,1950,261950
20240209,10:57:30,1.7,50,261950
20240209,10:57:45,1.75,1500,261950
20240209,10:57:49,1.75,1500,261950
20240209,10:57:53,1.75,1500,261950
20240209,10:58:09,1.7,5400,261950
20240209,10:58:29,1.7,50,261950
20240209,10:58:36,1.7,100,257400
20240209,10:58:43,1.75,50,257400
20240209,10:58:48,1.7,150,257400
20240209,10:58:49,1.7,150,257400
20240209,10:58:50,1.7,150,257400
20240209,10:58:54,1.7,150,257400
20240209,10:58:55,1.7,150,257400
20240209,10:58:56,1.7,150,257400
20240209,10:58:57,1.7,150,257400
20240209,10:58:59,1.7,150,257400
20240209,10:59:00,1.7,650,257400
20240209,10:59:01,1.7,1350,257400
20240209,10:59:02,1.7,250,257400
20240209,10:59:03,1.7,100,257400
20240209,10:59:04,1.7,1800,257400
20240209,10:59:07,1.7,1100,257400
20240209,10:59:09,1.7,600,257400
20240209,10:59:12,1.7,4300,257400
20240209,10:59:17,1.7,50,257400
20240209,10:59:20,1.7,500,257400
20240209,10:59:20,1.7,200,257400
20240209,10:59:21,1.75,50,257400
20240209,10:59:28,1.75,3750,257400
20240209,10:59:38,1.7,700,257400
20240209,10:59:47,1.7,2200,257400
20240209,10:59:57,1.7,100,257400
20240209,10:59:59,1.7,150,257400
20240209,11:00:01,1.7,250,257400
20240209,11:00:12,1.7,50,257400
20240209,11:00:13,1.7,50,257400
20240209,11:00:16,1.7,250,257400
20240209,11:00:21,1.7,250,257400
20240209,11:00:21,1.75,100,257400
20240209,11:00:36,1.75,50,257400
20240209,11:00:39,1.7,700,257400
20240209,11:00:51,1.75,50,257400
20240209,11:00:55,1.7,50,257400
20240209,11:00:56,1.7,1700,257400
20240209,11:00:58,1.7,1150,257400
20240209,11:01:19,1.7,1350,257400
20240209,11:01:21,1.7,250,257400
20240209,11:01:22,1.7,250,257400
20240209,11:01:26,1.7,50,257400
20240209,11:01:27,1.75,100,257400
20240209,11:01:33,1.7,50,257400
20240209,11:02:09,1.75,600,253900
20240209,11:02:42,1.7,1400,253900
20240209,11:02:44,1.7,3900,253900
20240209,11:02:50,1.7,1000,253900
20240209,11:02:54,1.7,1000,253900
20240209,11:03:40,1.7,50,253900
20240209,11:03:43,1.7,100,253900
20240209,11:03:49,1.7,12900,253900
20240209,11:04:01,1.7,1000,253900
20240209,11:04:24,1.75,50,253900
20240209,11:04:29,1.75,5750,253900
20240209,11:04:31,1.7,4650,253900
20240209,11:04:31,1.7,100,253900
20240209,11:04:35,1.75,1000,241200
20240209,11:04:36,1.75,500,241200
20240209,11:04:41,1.75,1800,241200
20240209,11:04:42,1.75,11500,241200
20240209,11:04:43,1.75,1800,241200
20240209,11:04:44,1.7,450,241200
20240209,11:04:49,1.7,1000,241200
20240209,11:04:55,1.75,2750,241200
20240209,11:04:58,1.75,50,241200
20240209,11:04:59,1.75,50,241200
20240209,11:05:00,1.75,50,241200
20240209,11:05:02,1.75,100,241200
20240209,11:05:06,1.75,50,241200
20240209,11:05:10,1.8,200,241200
20240209,11:05:19,1.8,100,241200
20240209,11:05:22,1.85,50,241200
20240209,11:05:24,1.8,750,241200
20240209,11:05:26,1.8,50,241200
20240209,11:05:34,1.8,150,241200
20240209,11:05:35,1.8,150,241200
20240209,11:05:36,1.8,300,241200
20240209,11:05:43,1.75,3250,241200
20240209,11:05:45,1.7,50,241200
20240209,11:05:47,1.75,2000,241200
20240209,11:05:48,1.8,1000,241200
20240209,11:05:56,1.75,100,241200
20240209,11:05:57,1.75,1800,241200
20240209,11:05:59,1.75,1500,241200
20240209,11:06:00,1.75,1000,241200
20240209,11:06:02,1.8,14150,241200
20240209,11:06:10,1.75,1800,241200
20240209,11:06:12,1.8,500,241200
20240209,11:06:14,1.75,50,241200
20240209,11:06:20,1.75,50,241200
20240209,11:06:31,1.75,1950,241200
20240209,11:06:32,1.75,150,241200
20240209,11:06:34,1.75,150,241200
20240209,11:06:50,1.8,50,241200
20240209,11:07:04,1.75,150,241200
20240209,11:07:05,1.75,150,241200
20240209,11:07:06,1.75,150,241200
20240209,11:07:08,1.75,300,241200
20240209,11:07:11,1.75,4150,241200
20240209,11:07:16,1.7,150,241200
20240209,11:07:17,1.7,150,241200
20240209,11:07:18,1.7,400,241200
20240209,11:07:19,1.7,150,241200
20240209,11:07:20,1.7,150,241200
20240209,11:07:26,1.7,50,241200
20240209,11:07:28,1.75,250,241200
20240209,11:07:30,1.75,1800,241200
20240209,11:07:32,1.75,1800,241200
20240209,11:07:33,1.75,900,241200
20240209,11:07:34,1.75,2800,241200
20240209,11:07:49,1.75,400,240300
20240209,11:08:06,1.7,2150,240300
20240209,11:08:07,1.7,550,240300
20240209,11:08:08,1.7,600,240300
20240209,11:08:09,1.7,1150,240300
20240209,11:08:31,1.7,3650,240300
20240209,11:08:32,1.65,150,240300
20240209,11:08:33,1.65,150,240300
20240209,11:08:34,1.65,400,240300
20240209,11:08:35,1.65,150,240300
20240209,11:08:36,1.65,150,240300
20240209,11:08:37,1.65,150,240300
20240209,11:08:38,1.65,150,240300
20240209,11:08:39,1.65,150,240300
20240209,11:08:40,1.65,150,240300
20240209,11:08:41,1.65,150,240300
20240209,11:08:42,1.65,3000,240300
20240209,11:08:43,1.65,50,240300
20240209,11:08:45,1.65,300,240300
20240209,11:08:46,1.6,50,240300
20240209,11:08:47,1.6,200,240300
20240209,11:08:48,1.6,150,240300
20240209,11:08:49,1.6,550,240300
20240209,11:08:50,1.6,150,240300
20240209,11:08:54,1.6,50,240300
20240209,11:08:55,1.6,150,240300
20240209,11:08:56,1.6,200,240300
20240209,11:09:18,1.6,50,240300
20240209,11:09:31,1.6,150,240300
20240209,11:09:32,1.6,150,240300
20240209,11:09:33,1.6,150,240300
20240209,11:09:39,1.6,500,240300
20240209,11:09:46,1.65,1850,240300
20240209,11:09:49,1.65,100,240300
20240209,11:10:00,1.65,300,240300
20240209,11:10:01,1.65,2700,240300
20240209,11:10:07,1.7,50,240300
20240209,11:10:16,1.65,2400,240300
20240209,11:10:23,1.7,4250,240300
20240209,11:10:25,1.7,50,240300
20240209,11:10:36,1.7,50,241350
20240209,11:11:11,1.65,1800,241350
20240209,11:11:12,1.65,1800,241350
20240209,11:11:13,1.65,3000,241350
20240209,11:11:14,1.65,50,241350
20240209,11:11:15,1.65,200,241350
20240209,11:11:32,1.6,150,241350
20240209,11:11:33,1.6,150,241350
20240209,11:11:34,1.6,150,241350
20240209,11:11:35,1.6,150,241350
20240209,11:11:40,1.6,550,241350
20240209,11:11:41,1.6,1800,241350
20240209,11:11:42,1.6,1650,241350
20240209,11:11:43,1.55,150,241350
20240209,11:11:44,1.55,150,241350
20240209,11:11:45,1.55,150,241350
20240209,11:11:46,1.55,150,241350
20240209,11:11:47,1.55,150,241350
20240209,11:11:48,1.55,200,241350
20240209,11:11:49,1.55,100,241350
20240209,11:11:54,1.55,50,241350
20240209,11:12:06,1.55,300,241350
20240209,11:12:08,1.6,100,241350
20240209,11:12:42,1.6,2450,241350
20240209,11:12:43,1.55,1550,241350
20240209,11:12:54,1.55,50,241350
20240209,11:13:01,1.6,1800,241350
20240209,11:13:13,1.6,100,241350
20240209,11:13:14,1.6,1800,241350
20240209,11:13:15,1.6,1900,241350
20240209,11:13:29,1.6,50,241350
20240209,11:13:30,1.6,50,241350
20240209,11:13:45,1.6,1250,234750
20240209,11:14:06,1.6,1200,234750
20240209,11:14:35,1.6,50,234750
20240209,11:14:40,1.65,100,234750
20240209,11:14:49,1.6,250,234750
20240209,11:15:16,1.6,250,234750
20240209,11:15:19,1.6,300,234750
20240209,11:15:20,1.6,50,234750
20240209,11:15:27,1.6,50,234750
20240209,11:15:33,1.6,50,234750
20240209,11:15:35,1.6,50,234750
20240209,11:15:39,1.6,1800,234750
20240209,11:16:03,1.6,100,234750
20240209,11:16:54,1.65,50,232850
20240209,11:16:55,1.65,1750,232850
20240209,11:18:29,1.7,50,232850
20240209,11:18:47,1.7,100,232850
20240209,11:19:11,1.65,50,232850
20240209,11:19:19,1.7,50,232850
20240209,11:19:36,1.7,50,234450
20240209,11:19:56,1.7,100,234450
20240209,11:20:25,1.7,50,234450
20240209,11:20:27,1.7,1600,234450
20240209,11:20:32,1.7,50,234450
20240209,11:20:40,1.7,100,234450
20240209,11:20:42,1.7,50,234450
20240209,11:20:57,1.7,1250,234450
20240209,11:20:58,1.7,100,234450
20240209,11:20:59,1.7,100,234450
20240209,11:21:03,1.7,1650,234450
20240209,11:21:27,1.7,150,234450
20240209,11:21:29,1.75,1600,234450
20240209,11:21:52,1.7,4150,234450
20240209,11:22:15,1.7,950,234450
20240209,11:22:16,1.7,50,234450
20240209,11:22:17,1.7,50,234450
20240209,11:22:38,1.7,100,232500
20240209,11:22:44,1.7,4500,232500
20240209,11:22:49,1.75,50,232500
20240209,11:22:56,1.7,50,232500
20240209,11:23:15,1.7,50,232500
20240209,11:23:16,1.7,50,232500
20240209,11:23:38,1.7,50,232500
20240209,11:23:38,1.75,100,232500
20240209,11:23:43,1.7,50,232500
20240209,11:23:58,1.7,50,232500
20240209,11:24:38,1.7,50,232500
20240209,11:25:03,1.7,50,232500
