date,time,tick_price,volume,open_interest
20240116,09:18:11,38.9,50,200
20240116,09:18:44,38.8,100,200
20240116,09:20:02,37.0,50,200
20240116,09:21:02,35.65,1150,200
20240116,09:21:12,33.9,1300,200
20240116,09:21:22,34.0,400,200
20240116,09:21:32,34.0,100,200
20240116,09:21:52,33.65,200,200
20240116,09:22:02,33.25,100,200
20240116,09:22:14,32.95,600,200
20240116,09:22:25,32.95,50,200
20240116,09:22:35,33.0,150,200
20240116,09:23:25,32.85,100,200
20240116,09:23:45,32.75,200,3450
20240116,09:25:03,33.1,200,3450
20240116,09:25:13,33.1,100,3450
20240116,09:25:23,33.1,100,3450
20240116,09:25:32,33.1,50,3450
20240116,09:25:42,33.1,1450,3450
20240116,09:26:02,33.0,200,3450
20240116,09:27:38,33.4,300,5650
20240116,09:27:49,33.35,150,5650
20240116,09:28:09,33.5,50,5650
20240116,09:28:59,33.5,50,5650
20240116,09:30:08,32.8,200,5850
20240116,09:30:28,32.7,50,5850
20240116,09:31:37,32.7,50,5850
20240116,09:32:06,33.45,50,5850
20240116,09:32:35,33.45,200,5850
20240116,09:33:05,33.65,450,6200
20240116,09:34:23,33.25,150,6200
20240116,09:34:33,33.35,100,6200
20240116,09:35:58,32.8,50,6250
20240116,09:38:27,32.3,100,6250
20240116,09:39:22,32.3,100,6300
20240116,09:39:31,32.8,150,6300
20240116,09:39:40,32.8,50,6300
20240116,09:39:50,32.8,400,6300
20240116,09:40:00,32.65,300,6300
20240116,09:40:10,32.9,300,6300
20240116,09:40:20,32.9,100,6300
20240116,09:41:36,32.3,400,6300
20240116,09:42:25,32.55,550,7450
20240116,09:43:39,32.45,100,7450
20240116,09:44:37,32.55,50,7450
20240116,09:46:14,32.65,150,7300
20240116,09:47:17,33.5,50,7300
20240116,09:48:49,34.2,450,7350
20240116,09:49:01,34.2,50,7350
20240116,09:49:50,34.4,50,7350
20240116,09:50:00,34.3,100,7350
20240116,09:50:10,34.1,50,7350
20240116,09:50:20,34.1,50,7350
20240116,09:50:49,34.95,200,7550
20240116,09:51:09,35.25,200,7550
20240116,09:51:49,34.75,50,7550
20240116,09:52:07,34.75,100,7550
20240116,09:52:25,34.75,100,7550
20240116,09:52:54,34.8,50,7550
20240116,09:53:23,34.8,50,7550
20240116,09:53:52,35.1,50,7200
20240116,09:55:20,35.3,150,7200
20240116,09:55:29,35.4,100,7200
20240116,09:56:44,35.3,100,7200
20240116,09:57:50,34.85,600,7450
20240116,09:58:01,34.8,100,7450
20240116,09:58:11,34.85,100,7450
20240116,09:58:31,34.95,100,7450
20240116,09:59:22,34.95,100,7450
20240116,09:59:31,35.0,100,7450
20240116,09:59:40,35.0,100,7450
20240116,10:00:11,36.0,100,7550
20240116,10:00:30,36.1,50,7550
20240116,10:00:40,36.1,100,7550
20240116,10:00:49,36.0,50,7550
20240116,10:02:40,35.7,50,7550
20240116,10:02:49,35.8,100,7000
20240116,10:03:38,36.45,50,7000
20240116,10:03:48,36.65,50,7000
20240116,10:09:47,36.15,50,6950
20240116,10:10:34,36.4,50,6950
20240116,10:11:26,36.1,50,6950
20240116,10:12:37,36.2,100,7050
20240116,10:13:12,36.35,100,7050
20240116,10:13:38,36.6,50,7050
20240116,10:13:48,36.5,50,7050
20240116,10:14:52,36.6,100,7350
20240116,10:18:20,36.15,50,7400
20240116,10:19:16,35.9,50,7400
20240116,10:19:35,36.2,400,7400
20240116,10:19:53,36.0,150,7400
20240116,10:20:02,36.1,100,7400
20240116,10:20:10,36.1,100,7400
20240116,10:20:28,36.2,50,7400
20240116,10:20:37,36.4,200,7400
20240116,10:20:45,36.4,50,7400
20240116,10:20:54,36.35,100,8350
20240116,10:21:12,36.25,100,8350
20240116,10:22:23,36.35,250,8350
20240116,10:23:16,36.0,2850,8350
20240116,10:23:25,35.9,150,8350
20240116,10:24:02,35.8,50,11450
20240116,10:24:11,35.85,150,11450
20240116,10:24:31,35.45,100,11450
20240116,10:24:41,35.35,100,11450
20240116,10:25:08,35.2,50,11450
20240116,10:27:00,35.0,550,11450
20240116,10:27:09,35.0,400,11450
20240116,10:27:35,34.9,100,11450
20240116,10:27:52,35.0,50,11450
20240116,10:28:08,35.0,50,11450
20240116,10:28:16,34.95,450,11450
20240116,10:29:05,34.9,50,11450
20240116,10:29:36,35.0,400,11450
20240116,10:29:46,35.0,250,11450
20240116,10:30:10,35.0,50,10800
20240116,10:33:46,35.3,200,11100
20240116,10:34:12,35.35,150,11100
20240116,10:35:01,35.5,100,11100
20240116,10:35:31,35.7,100,11100
20240116,10:35:51,35.45,200,11100
20240116,10:36:00,35.55,50,11100
20240116,10:37:41,35.55,150,11100
20240116,10:38:08,35.7,450,11100
20240116,10:39:20,36.1,100,11150
20240116,10:40:22,36.1,50,11150
20240116,10:40:32,36.05,50,11150
20240116,10:40:43,35.7,50,11150
20240116,10:42:17,35.8,50,10650
20240116,10:43:01,36.1,100,10650
20240116,10:43:55,36.35,100,10650
20240116,10:46:18,36.25,150,10650
20240116,10:46:36,36.25,100,10650
20240116,10:48:04,36.8,150,10850
20240116,10:48:15,36.8,50,10850
20240116,10:51:30,36.25,50,10700
20240116,10:53:01,36.35,50,10700
20240116,10:55:15,36.3,50,10700
20240116,10:56:50,36.4,100,10700
20240116,10:57:56,36.5,50,10600
20240116,10:58:04,36.5,50,10600
20240116,10:58:45,36.55,100,10600
20240116,10:58:53,36.3,50,10600
20240116,10:59:17,36.05,150,10600
20240116,11:01:04,35.85,100,10800
20240116,11:01:29,35.95,50,10800
20240116,11:04:26,35.95,50,10900
20240116,11:05:13,36.15,50,10900
20240116,11:06:59,36.25,100,10850
20240116,11:08:23,36.35,100,10850
20240116,11:10:50,36.25,50,10950
20240116,11:12:12,36.6,50,10950
20240116,11:14:23,36.3,50,10900
20240116,11:15:38,36.25,50,10900
20240116,11:16:40,36.45,50,10900
20240116,11:18:47,36.25,50,10950
20240116,11:19:31,36.05,50,10950
20240116,11:20:14,35.75,500,10950
20240116,11:21:50,35.5,50,11400
20240116,11:22:18,35.7,50,11400
20240116,11:22:27,35.8,100,11400
20240116,11:22:36,35.8,50,11400
20240116,11:23:09,35.8,250,11400
20240116,11:26:39,35.25,800,11400
20240116,11:26:49,35.25,150,11400
20240116,11:26:58,35.25,50,11400
20240116,11:27:06,35.25,150,12200
20240116,11:27:23,35.4,50,12200
20240116,11:28:03,35.35,50,12200
20240116,11:32:01,34.9,50,12300
20240116,11:36:12,36.05,50,11150
20240116,11:38:43,36.15,150,11150
20240116,11:42:57,35.65,100,10850
20240116,11:43:08,35.65,50,10850
20240116,11:43:28,35.6,50,10850
20240116,11:44:07,35.75,50,10850
20240116,11:44:51,35.6,50,10850
20240116,11:45:27,35.5,50,10850
20240116,11:47:00,34.5,150,10850
20240116,11:51:47,35.4,250,10950
20240116,11:52:01,35.35,200,10950
20240116,11:52:08,35.45,400,10950
20240116,11:52:16,35.3,750,10950
20240116,11:52:32,35.35,50,10950
20240116,11:52:41,35.3,50,10950
20240116,11:52:49,35.3,150,10950
20240116,11:53:03,35.3,50,10950
20240116,11:53:27,35.1,50,10950
20240116,11:53:35,35.4,100,10950
20240116,11:53:49,35.4,100,10950
20240116,11:53:57,35.5,200,10950
20240116,11:54:29,35.45,150,10600
20240116,11:54:36,35.35,50,10600
20240116,11:54:43,35.35,150,10600
20240116,11:54:51,35.35,100,10600
20240116,11:54:58,35.4,50,10600
20240116,11:55:22,35.55,50,10600
20240116,11:56:17,35.5,150,10600
20240116,11:56:24,35.3,600,10600
20240116,11:56:33,35.55,1000,10600
20240116,11:56:48,35.5,50,10600
20240116,11:56:56,35.55,300,10600
20240116,11:57:04,35.7,150,11950
20240116,11:57:11,35.75,200,11950
20240116,11:57:19,35.9,200,11950
20240116,11:57:27,35.95,1100,11950
20240116,11:57:36,35.9,250,11950
20240116,11:57:44,35.85,100,11950
20240116,11:57:51,35.95,50,11950
20240116,11:57:59,35.95,200,11950
20240116,11:58:07,35.9,150,11950
20240116,11:58:16,35.95,150,11950
20240116,11:58:25,36.05,100,11950
20240116,11:58:33,36.25,300,11950
20240116,11:58:43,36.25,1000,11950
20240116,11:58:53,36.3,50,11950
20240116,11:59:02,36.35,350,11950
20240116,11:59:12,36.35,200,11950
20240116,11:59:21,36.3,200,11950
20240116,11:59:30,36.2,200,11950
20240116,11:59:39,36.15,50,11950
20240116,11:59:49,36.3,50,11950
20240116,11:59:58,36.3,250,11950
20240116,12:00:07,36.3,200,16000
20240116,12:00:17,36.25,150,16000
20240116,12:00:34,36.15,100,16000
20240116,12:00:43,36.1,50,16000
20240116,12:01:08,35.95,100,16000
20240116,12:01:51,36.0,50,16000
20240116,12:02:16,36.1,50,16000
20240116,12:02:40,36.0,50,16000
20240116,12:02:48,36.0,50,16000
20240116,12:03:04,36.15,50,16000
20240116,12:03:13,35.95,50,16450
20240116,12:03:22,35.8,50,16450
20240116,12:03:30,35.9,150,16450
20240116,12:03:39,35.85,150,16450
20240116,12:03:55,35.75,150,16450
20240116,12:04:20,35.8,250,16450
20240116,12:04:28,35.7,100,16450
20240116,12:04:51,35.7,50,16450
20240116,12:05:15,35.6,50,16450
20240116,12:08:21,35.35,100,17100
20240116,12:08:31,35.4,50,17100
20240116,12:09:36,34.7,50,17050
20240116,12:10:12,34.4,100,17050
20240116,12:10:32,34.45,100,17050
20240116,12:10:51,34.65,50,17050
20240116,12:11:01,34.7,50,17050
20240116,12:11:19,35.0,250,17050
20240116,12:11:28,35.0,250,17050
20240116,12:11:56,35.2,100,17050
20240116,12:12:30,35.25,50,17200
20240116,12:14:34,34.85,300,17200
20240116,12:14:42,35.05,100,17200
20240116,12:14:50,35.1,50,17200
20240116,12:15:53,34.8,50,17250
20240116,12:16:01,35.05,50,17250
20240116,12:16:09,34.95,50,17250
20240116,12:21:13,35.1,100,16550
20240116,12:23:07,34.85,50,16550
20240116,12:24:51,34.9,50,16650
20240116,12:24:59,35.0,1050,16650
20240116,12:25:07,35.1,400,16650
20240116,12:25:15,35.05,500,16650
20240116,12:25:22,35.25,550,16650
20240116,12:25:38,35.25,100,16650
20240116,12:25:46,35.25,300,16650
20240116,12:25:53,35.35,300,16650
20240116,12:26:02,35.55,200,16650
20240116,12:26:11,35.5,400,16650
20240116,12:26:19,35.55,50,16650
20240116,12:26:28,35.5,250,16650
20240116,12:27:00,35.55,1500,16650
20240116,12:27:08,35.55,800,20500
20240116,12:27:16,35.5,50,20500
20240116,12:27:24,35.6,400,20500
20240116,12:27:46,35.25,550,20500
20240116,12:27:54,35.5,50,20500
20240116,12:28:01,35.6,250,20500
20240116,12:28:10,35.8,150,20500
20240116,12:28:18,35.7,50,20500
20240116,12:28:25,35.85,150,20500
20240116,12:28:33,35.8,150,20500
20240116,12:28:40,35.6,50,20500
20240116,12:29:03,35.55,150,20500
20240116,12:29:19,35.75,50,20500
20240116,12:29:27,35.7,50,20500
20240116,12:29:42,35.5,50,20500
20240116,12:31:24,36.35,450,21200
20240116,12:31:55,36.1,450,21200
20240116,12:32:03,36.15,50,21200
20240116,12:32:33,36.3,200,21200
20240116,12:32:41,36.25,50,21200
20240116,12:32:55,36.3,50,21200
20240116,12:33:11,36.1,50,22250
20240116,12:33:19,35.9,50,22250
20240116,12:33:42,35.8,50,22250
20240116,12:33:49,35.8,50,22250
20240116,12:34:20,35.75,400,22250
20240116,12:34:36,35.5,250,22250
20240116,12:34:52,35.45,50,22250
20240116,12:35:13,35.5,150,22250
20240116,12:35:38,35.95,200,22250
20240116,12:35:45,36.0,50,22250
20240116,12:36:23,35.85,50,23250
20240116,12:38:18,35.35,400,23250
20240116,12:39:05,35.45,50,23250
20240116,12:42:41,35.25,50,23350
20240116,12:45:19,35.1,50,23400
20240116,12:47:53,34.9,400,23400
20240116,12:48:16,34.5,300,23700
20240116,12:49:09,34.45,100,23700
20240116,12:49:42,34.2,100,23700
20240116,12:50:52,34.3,150,23700
20240116,12:50:59,34.3,50,23700
20240116,12:51:08,34.15,200,23700
20240116,12:51:26,33.9,50,23800
20240116,12:51:47,33.9,50,23800
20240116,12:51:56,34.1,50,23800
20240116,12:56:50,35.15,50,23800
20240116,12:58:59,35.05,100,23850
20240116,13:00:28,34.55,100,23850
20240116,13:00:48,34.35,50,23850
20240116,13:01:10,33.95,200,23850
20240116,13:01:51,34.15,50,23850
20240116,13:06:05,33.8,100,23750
20240116,13:08:06,33.4,50,23650
20240116,13:08:43,33.7,50,23650
20240116,13:10:35,33.4,50,23600
20240116,13:10:58,33.5,50,23600
20240116,13:11:06,33.5,50,23600
20240116,13:11:59,33.7,50,23600
20240116,13:12:16,33.65,100,23650
20240116,13:12:59,33.6,450,23650
20240116,13:13:35,32.85,100,23650
20240116,13:13:47,33.15,50,23650
20240116,13:13:57,32.85,250,23650
20240116,13:14:39,32.9,50,23650
20240116,13:14:57,32.95,100,23650
20240116,13:15:14,32.8,50,24400
20240116,13:16:55,32.95,50,24400
20240116,13:17:15,33.35,50,24400
20240116,13:17:42,33.4,50,24400
20240116,13:17:59,33.35,100,24400
20240116,13:18:34,33.05,300,24350
20240116,13:22:59,32.8,250,24150
20240116,13:29:34,33.05,100,24150
20240116,13:30:11,32.75,50,24150
20240116,13:31:02,32.85,50,24150
20240116,13:33:03,32.15,50,24150
20240116,13:33:15,31.85,100,24150
20240116,13:34:30,30.85,100,24150
20240116,13:34:41,30.75,700,24150
20240116,13:35:14,30.45,200,24150
20240116,13:35:26,30.4,50,24150
20240116,13:36:09,30.25,250,24150
20240116,13:36:45,29.6,150,23750
20240116,13:36:57,29.6,50,23750
20240116,13:38:41,29.4,200,23750
20240116,13:39:00,29.4,50,23750
20240116,13:39:22,29.75,100,23950
20240116,13:40:13,30.45,50,23950
20240116,13:40:24,30.65,100,23950
20240116,13:40:35,30.8,50,23950
20240116,13:40:55,30.5,50,23950
20240116,13:41:04,30.65,150,23950
20240116,13:41:22,30.8,50,23950
20240116,13:42:38,30.75,50,24100
20240116,13:42:47,30.75,50,24100
20240116,13:43:42,30.75,100,24100
20240116,13:45:57,31.9,100,24300
20240116,13:46:25,32.0,150,24300
20240116,13:46:35,32.35,200,24300
20240116,13:46:44,32.5,150,24300
20240116,13:46:54,32.5,100,24300
20240116,13:50:23,32.5,250,23950
20240116,13:50:42,32.5,250,23950
20240116,13:51:11,31.95,50,23950
20240116,13:53:08,32.9,100,23500
20240116,13:53:18,32.55,50,23500
20240116,13:53:46,32.15,50,23500
20240116,13:53:55,32.15,50,23500
20240116,13:54:04,31.9,150,23500
20240116,13:56:24,32.5,1000,23550
20240116,13:56:33,32.5,100,23550
20240116,13:57:13,32.75,100,23550
20240116,14:02:51,32.5,50,22800
20240116,14:05:40,32.15,50,22850
20240116,14:06:55,31.75,50,22850
20240116,14:10:51,32.75,100,22900
20240116,14:11:08,32.85,50,22900
20240116,14:11:42,32.85,50,22900
20240116,14:12:23,33.1,50,22800
20240116,14:12:32,33.15,250,22800
20240116,14:13:11,33.15,50,22800
20240116,14:13:43,33.5,150,22800
20240116,14:14:14,32.85,50,22800
20240116,14:14:24,32.6,50,22800
20240116,14:14:43,32.65,50,22800
20240116,14:15:52,32.8,50,23000
20240116,14:16:19,32.7,100,23000
20240116,14:17:23,32.65,50,23000
20240116,14:17:56,32.75,50,23000
20240116,14:18:04,32.8,100,23000
20240116,14:18:31,33.05,50,23150
20240116,14:19:23,33.25,200,23150
20240116,14:19:49,33.4,200,23150
20240116,14:19:59,33.45,50,23150
20240116,14:20:35,33.55,150,23150
20240116,14:20:45,33.75,50,23150
20240116,14:21:13,33.35,800,23150
20240116,14:21:32,33.0,200,23750
20240116,14:21:58,32.95,50,23750
20240116,14:22:07,33.0,400,23750
20240116,14:26:02,32.9,50,23800
20240116,14:26:13,32.65,50,23800
20240116,14:29:07,32.7,50,23800
20240116,14:29:16,32.7,50,23800
20240116,14:29:42,32.75,50,23800
20240116,14:32:15,33.0,50,23750
20240116,14:33:32,32.8,50,23950
20240116,14:33:49,32.8,100,23950
20240116,14:33:58,32.85,50,23950
20240116,14:34:15,33.1,100,23950
20240116,14:34:31,33.1,50,23950
20240116,14:34:40,32.95,50,23950
20240116,14:35:14,32.95,50,23950
20240116,14:35:23,32.65,250,23950
20240116,14:36:04,31.8,50,23950
20240116,14:36:15,31.75,100,23950
20240116,14:36:26,31.35,50,23950
20240116,14:37:00,30.75,50,23800
20240116,14:37:31,30.85,50,23800
20240116,14:37:51,31.45,100,23800
20240116,14:38:10,31.85,50,23800
20240116,14:38:29,31.85,50,23800
20240116,14:41:43,31.85,50,23850
20240116,14:42:39,32.45,50,23750
20240116,14:42:49,32.5,50,23750
20240116,14:44:34,32.7,50,23750
20240116,14:46:11,32.95,100,23500
20240116,14:46:20,32.95,100,23500
20240116,14:46:40,33.05,50,23500
20240116,14:48:08,33.1,50,23500
20240116,14:48:17,32.9,50,23500
20240116,14:48:36,32.65,50,23550
20240116,14:48:45,32.65,100,23550
20240116,14:49:39,32.95,100,23550
20240116,14:50:59,33.0,50,23550
20240116,14:54:45,32.55,50,22800
20240116,14:55:56,32.35,50,22800
20240116,14:57:05,32.3,50,22800
20240116,14:57:23,32.35,50,22800
20240116,14:58:52,32.6,50,22850
20240116,14:59:36,32.85,50,22850
20240116,14:59:56,32.85,50,22850
20240116,15:00:05,32.75,50,22850
20240116,15:00:15,32.55,300,22850
20240116,15:01:01,32.25,200,23200
20240116,15:01:20,32.35,50,23200
20240116,15:02:14,32.45,50,23200
20240116,15:02:59,32.5,50,23200
20240116,15:03:17,32.4,50,23200
20240116,15:03:26,32.5,50,23200
20240116,15:03:45,32.45,50,23350
20240116,15:03:54,32.25,100,23350
20240116,15:04:12,32.5,50,23350
20240116,15:04:57,32.35,50,23350
20240116,15:05:46,32.55,50,23350
20240116,15:06:05,32.55,100,23350
20240116,15:10:50,32.25,200,23350
20240116,15:11:26,32.1,300,23350
20240116,15:11:52,32.25,50,23350
20240116,15:13:58,32.25,150,23850
20240116,15:14:16,32.25,50,23850
20240116,15:14:33,32.25,600,23850
20240116,15:17:09,32.0,200,23000
20240116,15:17:57,31.75,100,23000
20240116,15:19:02,31.9,50,22750
20240116,15:20:14,32.4,200,22750
20240116,15:28:33,32.2,50,22550
20240116,15:29:00,32.1,100,22550
20240116,15:29:10,32.05,200,22550
20240116,15:29:18,31.95,50,22550
20240117,09:15:37,31.95,1,22050
20240117,09:15:37,31.95,50,22050
20240117,09:18:07,29.1,50,22050
20240117,09:18:58,27.7,50,22050
20240117,09:19:31,27.2,500,22050
20240117,09:21:09,24.8,50,21950
20240117,09:21:24,24.8,100,21950
20240117,09:22:21,24.7,200,21950
20240117,09:23:25,25.5,50,21950
20240117,09:23:54,23.3,50,21750
20240117,09:26:29,23.3,50,21750
20240117,09:28:38,22.05,550,21750
20240117,09:30:10,22.05,50,21950
20240117,09:30:41,24.55,100,21950
20240117,09:31:38,24.5,50,21950
20240117,09:32:53,25.15,50,22000
20240117,09:34:12,25.9,50,22000
20240117,09:34:21,26.25,200,22000
20240117,09:34:30,26.25,50,22000
20240117,09:38:54,26.8,300,21900
20240117,09:39:35,27.0,300,21900
20240117,09:40:09,27.0,300,21900
20240117,09:40:48,27.0,50,21900
20240117,09:40:56,26.95,150,21900
20240117,09:41:21,27.0,700,21900
20240117,09:41:38,26.95,100,21900
20240117,09:43:24,27.2,250,22300
20240117,09:43:32,27.2,50,22300
20240117,09:43:49,27.05,300,22300
20240117,09:44:38,27.1,300,22300
20240117,09:45:04,27.55,100,22750
20240117,09:45:29,27.3,50,22750
20240117,09:48:02,27.6,100,22700
20240117,09:51:06,27.25,50,22600
20240117,09:52:01,26.95,50,22600
20240117,09:53:10,26.85,350,22600
20240117,10:00:19,25.0,150,22750
20240117,10:01:52,25.7,50,22750
20240117,10:03:17,25.75,1050,22800
20240117,10:04:07,25.5,600,22800
20240117,10:07:51,26.0,50,22150
20240117,10:09:05,25.5,250,22100
20240117,10:09:14,25.55,50,22100
20240117,10:09:50,25.05,1000,22100
20240117,10:09:59,25.55,750,22100
20240117,10:11:03,25.8,1350,22100
20240117,10:11:30,25.15,150,22100
20240117,10:11:49,24.95,950,22100
20240117,10:13:52,25.5,150,24300
20240117,10:20:37,25.25,50,24150
20240117,10:20:54,25.6,200,24150
20240117,10:22:41,25.5,150,24200
20240117,10:30:36,25.6,50,24150
20240117,10:35:06,25.0,50,24200
20240117,10:37:25,24.55,100,24200
20240117,10:40:09,24.05,50,24100
20240117,10:44:04,24.3,50,24100
20240117,10:44:36,24.35,50,24100
20240117,10:49:31,24.8,100,23550
20240117,11:03:44,25.0,200,23300
20240117,11:03:53,24.95,100,23300
20240117,11:04:02,24.95,50,23300
20240117,11:04:56,25.0,50,23300
20240117,11:05:05,25.0,50,23300
20240117,11:05:23,24.95,300,23300
20240117,11:06:00,24.95,50,23300
20240117,11:06:30,25.0,550,23650
20240117,11:16:05,25.7,50,23550
20240117,11:18:26,25.85,50,23550
20240117,11:24:27,25.5,200,23500
20240117,11:25:21,25.3,100,23500
20240117,11:26:18,25.05,50,23500
20240117,11:27:22,25.55,50,23300
20240117,11:29:27,24.65,300,23300
20240117,11:30:23,24.75,50,23200
20240117,11:38:38,24.75,100,23150
20240117,11:47:15,25.45,50,23050
20240117,11:47:35,25.45,50,23050
20240117,11:47:44,25.7,450,23050
20240117,11:48:12,25.4,400,23050
20240117,11:52:29,25.65,50,23250
20240117,11:52:51,25.4,50,23250
20240117,11:53:19,25.65,150,23250
20240117,11:53:28,25.85,250,23250
20240117,11:53:37,25.35,1100,23250
20240117,11:53:46,26.55,400,23250
20240117,11:54:06,26.0,400,23250
20240117,11:54:14,26.0,350,24250
20240117,11:54:24,26.0,250,24250
20240117,11:57:09,26.0,300,24850
20240117,12:00:46,26.9,250,24450
20240117,12:00:54,26.9,100,24450
20240117,12:01:03,26.95,200,24450
20240117,12:01:12,26.95,150,24450
20240117,12:01:39,26.3,50,24450
20240117,12:04:59,26.35,100,24750
20240117,12:05:27,26.35,100,24750
20240117,12:05:37,26.0,200,24750
20240117,12:05:59,26.0,200,24750
20240117,12:06:11,26.0,450,24750
20240117,12:06:23,26.0,300,25550
20240117,12:11:00,27.0,250,25350
20240117,12:11:55,26.5,50,25350
20240117,12:12:05,26.4,100,25350
20240117,12:12:23,26.6,50,25450
20240117,12:12:41,26.55,50,25450
20240117,12:12:51,26.5,50,25450
20240117,12:15:39,25.75,150,25350
20240117,12:20:43,25.55,100,25200
20240117,12:20:52,25.45,150,25200
20240117,12:21:01,25.3,100,25200
20240117,12:21:37,25.05,50,24850
20240117,12:22:41,25.35,50,24850
20240117,12:24:12,25.45,50,24850
20240117,12:24:51,25.5,50,24850
20240117,12:26:18,25.35,200,24850
20240117,12:28:49,25.6,50,24950
20240117,12:28:59,25.5,50,24950
20240117,12:32:17,26.0,300,25000
20240117,12:47:04,26.35,50,24750
20240117,12:47:14,26.4,50,24750
20240117,12:47:25,26.25,50,24750
20240117,12:48:57,26.4,50,24750
20240117,12:49:06,26.4,100,24750
20240117,12:49:15,26.4,100,24750
20240117,12:50:00,26.25,50,24750
20240117,12:53:52,26.55,50,24650
20240117,12:54:30,26.6,50,24650
20240117,12:59:49,26.25,50,24650
20240117,13:04:33,26.35,50,24650
20240117,13:04:44,26.35,50,24650
20240117,13:09:23,26.4,50,24300
20240117,13:12:31,25.8,300,24300
20240117,13:14:30,25.9,50,24300
20240117,13:16:58,26.5,500,24150
20240117,13:19:59,26.25,250,24150
20240117,13:20:09,26.2,100,24150
20240117,13:21:42,26.55,50,24000
20240117,13:22:29,26.6,250,24000
20240117,13:24:34,26.6,200,23750
20240117,13:25:10,26.7,1200,23750
20240117,13:26:13,26.7,300,23750
20240117,13:27:04,26.9,250,23750
20240117,13:28:17,26.9,250,24400
20240117,13:29:32,26.95,200,24400
20240117,13:31:56,26.75,100,24400
20240117,13:34:54,26.55,400,24400
20240117,13:37:23,26.55,400,24750
20240117,13:42:30,26.4,100,25100
20240117,13:44:13,26.95,50,25100
20240117,13:44:48,26.45,100,25100
20240117,13:48:37,26.8,100,25150
20240117,13:48:46,26.75,50,25150
20240117,13:51:29,27.5,250,25150
20240117,13:51:39,27.3,250,25150
20240117,14:07:09,26.65,50,25150
20240117,14:09:42,26.55,50,25200
20240117,14:21:29,25.7,100,25250
20240117,14:25:55,25.0,150,25200
20240117,14:26:37,25.3,100,25200
20240117,14:26:48,25.15,50,25200
20240117,14:26:58,25.3,100,25200
20240117,14:27:46,25.1,50,24850
20240117,14:28:32,25.15,50,24850
20240117,14:29:29,25.0,300,24850
20240117,14:29:47,25.15,300,24850
20240117,14:30:07,24.95,50,24850
20240117,14:30:18,25.0,350,24850
20240117,14:30:54,24.9,100,25200
20240117,14:31:43,24.9,100,25200
20240117,14:35:29,25.15,200,25150
20240117,14:35:38,25.2,50,25150
20240117,14:35:47,25.15,50,25150
20240117,14:38:23,25.3,300,25200
20240117,14:43:38,24.5,350,25200
20240117,14:44:37,25.0,50,25200
20240117,14:45:56,25.0,300,25250
20240117,14:46:06,25.0,500,25250
20240117,14:53:46,24.7,50,25000
20240117,14:53:55,24.7,550,25000
20240117,14:54:14,24.6,550,25000
20240117,14:54:24,24.6,50,25000
20240117,14:55:10,24.6,250,25200
20240117,14:55:28,24.55,50,25200
20240117,14:55:37,24.5,500,25200
20240117,14:55:46,24.5,550,25200
20240117,14:55:55,24.4,1050,25200
20240117,14:57:37,24.8,50,26600
20240117,14:57:46,24.7,150,26600
20240117,14:57:56,24.4,550,26600
20240117,14:59:16,24.4,100,26600
20240117,14:59:27,24.45,600,26600
20240117,15:00:13,24.45,1000,26600
20240117,15:01:03,24.5,900,24600
20240117,15:01:42,24.35,50,24600
20240117,15:02:00,24.1,150,24600
20240117,15:02:11,24.05,50,24600
20240117,15:02:46,24.0,350,24600
20240117,15:04:00,24.0,650,24700
20240117,15:08:05,24.05,50,24950
20240117,15:08:15,24.0,100,24950
20240117,15:08:35,24.05,50,24950
20240117,15:19:10,24.4,50,24950
20240117,15:19:28,24.35,50,24950
20240117,15:19:38,24.35,100,24950
20240117,15:21:23,24.7,50,24950
20240117,15:22:26,24.4,50,24950
20240117,15:22:56,24.15,50,24950
20240117,15:23:16,23.95,100,24950
20240117,15:25:51,23.95,200,24950
20240117,15:27:24,24.1,50,24950
20240117,15:27:34,23.95,200,24950
20240117,15:28:08,23.3,50,25000
20240117,15:28:18,23.3,50,25000
20240117,15:28:27,23.2,500,25000
20240118,09:15:18,24.35,1,24850
20240118,09:15:18,24.35,50,24850
20240118,09:16:03,20.45,50,24850
20240118,09:16:14,20.45,50,24850
20240118,09:19:55,19.35,50,24850
20240118,09:20:46,19.35,50,24800
20240118,09:22:19,20.35,50,24800
20240118,09:22:49,20.4,300,24800
20240118,09:25:55,21.3,100,25100
20240118,09:30:01,21.3,100,25100
20240118,09:32:04,21.5,500,25100
20240118,09:35:19,20.45,50,25150
20240118,09:35:50,20.45,50,25100
20240118,09:36:02,20.4,50,25100
20240118,09:38:31,20.4,50,25100
20240118,09:43:46,20.35,100,25100
20240118,09:47:15,19.5,200,25100
20240118,09:50:08,19.55,50,25300
20240118,09:50:19,19.55,150,25300
20240118,09:50:30,19.5,50,25300
20240118,09:50:41,19.45,50,25300
20240118,09:51:02,19.35,100,25050
20240118,09:51:13,19.3,250,25050
20240118,09:51:36,19.3,150,25050
20240118,09:51:47,19.35,50,25050
20240118,09:52:06,19.3,250,25050
20240118,09:53:01,19.35,50,25050
20240118,09:53:38,19.35,50,25050
20240118,09:54:48,19.25,100,24900
20240118,09:54:59,19.25,100,24900
20240118,09:55:10,19.25,50,24900
20240118,09:55:20,19.25,50,24900
20240118,09:55:41,19.25,50,24900
20240118,09:55:50,19.25,50,24900
20240118,09:56:00,19.25,100,24900
20240118,09:57:00,19.25,500,25150
20240118,10:04:16,19.0,50,25150
20240118,10:07:34,19.0,300,25200
20240118,10:09:49,20.05,50,25150
20240118,10:11:47,18.6,50,25150
20240118,10:17:36,18.5,50,25150
20240118,10:17:46,18.45,50,25150
20240118,10:18:17,18.1,100,25050
20240118,10:21:17,18.1,50,24950
20240118,10:23:03,17.45,150,24950
20240118,10:24:48,17.0,50,25000
20240118,10:29:53,17.0,100,25000
20240118,10:31:15,17.0,100,25000
20240118,10:31:26,17.05,150,25000
20240118,10:31:47,17.1,50,25000
20240118,10:31:57,17.1,100,25000
20240118,10:32:58,17.1,50,25350
20240118,10:33:28,17.0,300,25350
20240118,10:33:47,17.0,300,25350
20240118,10:33:57,17.0,150,25350
20240118,10:34:40,17.0,250,25350
20240118,10:36:16,16.85,50,26250
20240118,10:36:58,16.85,50,26250
20240118,10:38:10,17.25,50,26250
20240118,10:44:43,17.9,50,26300
20240118,10:49:32,18.45,50,26300
20240118,10:52:23,18.5,200,26250
20240118,10:57:19,17.8,50,26100
20240118,10:57:29,17.75,100,26100
20240118,10:59:32,18.0,100,26100
20240118,11:04:41,18.15,100,26150
20240118,11:05:50,18.7,250,26150
20240118,11:07:11,18.75,200,26350
20240118,11:07:22,18.85,100,26350
20240118,11:07:32,19.05,50,26350
20240118,11:07:53,19.15,50,26350
20240118,11:11:13,18.85,100,26550
20240118,11:11:23,18.7,300,26550
20240118,11:11:44,18.9,200,26550
20240118,11:15:34,18.7,300,26550
20240118,11:15:45,18.7,100,26550
20240118,11:20:03,18.9,50,26950
20240118,11:21:34,18.85,50,26950
20240118,11:23:14,18.95,50,26950
20240118,11:24:16,18.95,50,26950
20240118,11:25:27,18.95,150,26950
20240118,11:28:24,18.75,50,26950
20240118,11:36:57,18.95,50,26950
20240118,11:43:31,18.35,150,26950
20240118,11:54:09,19.0,50,26900
20240118,11:57:56,19.05,50,26950
20240118,11:58:08,19.15,50,26950
20240118,12:00:32,19.3,100,26950
20240118,12:01:26,19.4,100,26950
20240118,12:01:48,19.7,200,26950
20240118,12:02:20,19.15,50,26950
20240118,12:06:52,19.7,200,26850
20240118,12:07:26,19.75,50,26850
20240118,12:07:38,19.8,200,26850
20240118,12:09:07,20.25,100,26850
20240118,12:09:47,20.25,200,27000
20240118,12:10:20,20.35,50,27000
20240118,12:13:19,20.55,250,26850
20240118,12:24:16,20.95,150,26950
20240118,12:25:37,21.25,150,26950
20240118,12:27:03,21.8,100,26950
20240118,12:27:14,21.6,100,26950
20240118,12:27:47,21.9,100,26950
20240118,12:27:58,21.9,50,26950
20240118,12:28:09,21.9,150,26950
20240118,12:28:21,21.9,100,26950
20240118,12:28:32,22.1,100,26950
20240118,12:32:27,21.4,50,26950
20240118,12:34:07,21.1,200,27000
20240118,12:36:57,20.65,50,27000
20240118,12:37:08,19.85,50,27000
20240118,12:37:31,20.25,50,27000
20240118,12:38:48,19.95,50,27000
20240118,12:52:07,19.4,100,27000
20240118,12:57:09,20.0,50,27050
20240118,12:58:34,19.95,100,27050
20240118,13:00:35,20.35,300,26950
20240118,13:05:49,20.25,50,27050
20240118,13:06:00,20.4,200,27050
20240118,13:28:13,19.95,100,26950
20240118,13:36:29,20.2,250,26950
20240118,13:55:18,19.65,100,27050
20240118,13:55:29,19.85,50,27050
20240118,13:57:04,19.8,250,27050
20240118,13:57:24,20.15,50,27050
20240118,14:06:15,20.45,50,26950
20240118,14:07:17,20.6,250,26950
20240118,14:08:01,20.6,50,26950
20240118,14:08:12,20.6,100,26950
20240118,14:08:22,20.8,200,26950
20240118,14:08:32,20.5,50,26950
20240118,14:11:01,20.85,100,26950
20240118,14:17:38,20.9,50,26950
20240118,14:20:49,20.45,150,27000
20240118,14:40:44,19.9,100,27050
20240118,14:41:24,19.8,100,27050
20240118,14:48:16,19.0,300,26950
20240118,14:48:57,18.85,50,26950
20240118,14:49:26,19.1,100,26950
20240118,14:49:35,18.95,100,26950
20240118,14:49:44,18.85,100,26950
20240118,14:49:53,18.9,50,26950
20240118,14:54:53,19.2,50,26950
20240118,14:55:03,19.35,50,26950
20240118,14:55:24,19.2,50,26950
20240118,14:55:36,19.15,100,26950
20240118,14:56:07,18.8,1800,26950
20240118,14:57:20,18.95,200,26950
20240118,14:57:41,18.95,50,28650
20240118,14:57:52,19.15,50,28650
20240118,15:02:05,18.8,50,28650
20240118,15:02:35,18.8,150,28650
20240118,15:02:54,18.65,400,28650
20240118,15:03:04,18.65,250,28650
20240118,15:04:49,18.55,200,28750
20240118,15:04:58,18.4,250,28750
20240118,15:06:06,18.25,300,28750
20240118,15:06:29,18.35,50,28750
20240118,15:07:14,18.15,100,28600
20240118,15:13:33,18.15,200,28600
20240118,15:14:09,18.5,50,28600
20240118,15:14:21,18.7,150,28600
20240118,15:15:56,18.3,50,28700
20240118,15:18:00,18.05,50,28700
20240118,15:19:04,17.9,50,28600
20240118,15:19:15,17.8,200,28600
20240118,15:19:28,18.4,1250,28600
20240118,15:19:40,18.3,50,28600
20240118,15:20:02,18.5,100,28600
20240118,15:20:22,18.35,300,28600
20240118,15:20:53,18.1,550,28600
20240118,15:23:36,18.0,50,28550
20240118,15:23:48,18.0,50,28550
20240118,15:24:00,17.9,100,28550
20240118,15:24:12,17.9,50,28550
20240118,15:24:24,17.9,100,28550
20240118,15:24:35,17.9,50,28550
20240118,15:25:58,17.6,300,28950
20240118,15:27:55,18.35,150,28900
20240118,15:29:07,19.1,100,28900
20240119,09:15:23,18.55,1,28900
20240119,09:15:23,18.55,250,28900
20240119,09:15:45,19.4,300,28900
20240119,09:16:06,18.5,150,28900
20240119,09:16:54,18.95,50,28900
20240119,09:17:08,19.1,100,28900
20240119,09:17:59,19.2,50,29150
20240119,09:19:11,19.3,50,29150
20240119,09:20:33,19.4,50,29150
20240119,09:20:43,18.95,50,29250
20240119,09:21:23,18.35,100,29250
20240119,09:22:11,17.85,50,29250
20240119,09:22:22,17.0,1000,29250
20240119,09:22:42,17.0,50,29250
20240119,09:22:51,16.75,50,29250
20240119,09:23:29,16.75,50,29250
20240119,09:24:07,16.35,50,30250
20240119,09:27:14,16.35,100,30300
20240119,09:28:58,16.75,2250,30300
20240119,09:30:27,16.75,50,32500
20240119,09:34:05,16.35,50,32500
20240119,09:35:43,16.6,50,32500
20240119,09:36:27,16.0,800,32500
20240119,09:37:38,15.95,200,32500
20240119,09:38:07,15.95,100,32500
20240119,09:38:36,16.2,50,32500
20240119,09:39:06,16.4,50,33250
20240119,09:39:16,16.3,50,33250
20240119,09:39:27,16.35,50,33250
20240119,09:42:25,15.85,50,33250
20240119,09:45:13,15.85,300,33250
20240119,09:49:21,16.05,50,32950
20240119,10:25:15,16.3,50,32900
20240119,10:28:15,16.75,50,32900
20240119,10:29:14,16.85,50,32900
20240119,10:30:05,16.7,200,32900
20240119,10:30:15,16.5,350,32900
20240119,10:30:25,16.5,600,32900
20240119,10:30:35,16.55,200,32900
20240119,10:40:03,16.4,150,32900
20240119,10:40:31,16.4,150,32900
20240119,10:57:26,16.45,200,33050
20240119,10:58:47,16.45,50,33050
20240119,10:59:24,16.45,400,33050
20240119,11:09:44,15.45,150,32800
20240119,11:12:09,15.45,50,32850
20240119,11:13:20,15.7,50,32850
20240119,11:14:46,15.7,250,32850
20240119,11:17:19,16.05,50,32850
20240119,11:18:47,15.65,100,32850
20240119,11:18:56,15.65,100,32850
20240119,11:39:34,15.6,50,32800
20240119,11:41:18,15.4,50,32800
20240119,11:41:44,15.4,50,32800
20240119,11:58:47,15.4,150,32900
20240119,12:23:39,15.45,50,33050
20240119,12:26:47,15.6,100,33050
20240119,12:34:16,15.0,500,33050
20240119,12:36:24,15.0,100,33550
20240119,12:51:30,16.0,400,33550
20240119,13:47:48,15.05,200,33550
20240119,13:48:14,15.25,50,33550
20240119,13:48:34,15.25,50,33550
20240119,13:48:44,15.3,150,33550
20240119,13:49:02,15.3,50,33550
20240119,13:51:21,15.7,50,33550
20240119,13:52:25,15.7,50,33550
20240119,14:00:30,15.6,100,33550
20240119,14:04:54,16.0,200,33550
20240119,14:05:03,16.3,250,33550
20240119,14:05:21,16.2,550,33550
20240119,14:05:29,15.95,50,33550
20240119,14:05:38,16.4,150,33550
20240119,14:05:48,16.1,200,33550
20240119,14:05:58,16.1,50,33550
20240119,14:06:07,16.15,150,33550
20240119,14:06:16,16.05,100,33600
20240119,14:06:25,16.2,50,33600
20240119,14:08:40,16.4,150,33600
20240119,14:15:39,16.0,100,33600
20240119,14:16:43,16.0,200,33600
20240119,14:16:52,16.15,50,33600
20240119,14:17:29,16.2,50,33600
20240119,14:49:54,16.2,250,33850
20240119,14:50:03,16.2,300,33850
20240119,14:50:30,16.25,50,33850
20240119,14:50:39,16.25,200,33850
20240119,14:51:32,16.25,150,33900
20240119,14:52:16,16.15,150,33900
20240119,14:58:52,16.05,50,33850
20240119,15:00:48,16.0,300,33850
20240119,15:01:00,16.0,200,33850
20240119,15:19:34,16.0,50,33850
20240119,15:21:08,16.1,50,33850
20240119,15:24:40,16.1,50,33950
20240119,15:26:51,16.25,150,33950
20240119,15:29:57,17.65,50,33900
20240120,10:29:43,15.9,1,33900
20240120,10:29:43,15.9,100,33900
20240120,10:50:12,15.3,100,33900
20240120,11:07:05,15.3,50,33900
20240120,11:10:43,16.35,50,33900
20240120,11:34:53,16.35,150,33900
20240120,11:35:33,15.75,150,33900
20240120,11:35:40,15.75,100,33900
20240120,11:35:54,15.75,50,33900
20240120,11:36:16,16.2,50,33900
20240120,11:36:31,15.75,50,33900
20240120,11:40:12,15.5,50,33900
20240120,11:45:50,16.2,50,33900
20240120,11:46:31,16.2,50,33900
20240120,11:54:59,16.0,50,33900
20240120,12:23:21,16.15,50,33900
20240120,12:44:11,14.9,50,33900
20240120,12:51:28,14.75,300,33900
20240120,12:53:31,14.45,250,33900
20240120,12:53:40,14.25,750,33900
20240120,12:53:49,14.2,450,33900
20240120,12:55:50,14.2,50,33900
20240120,13:06:42,14.1,550,33900
20240120,13:28:06,14.1,450,33600
20240120,13:36:25,14.15,50,34050
20240120,13:39:35,14.15,50,34050
20240120,13:40:09,14.1,50,34050
20240120,13:47:47,14.0,1250,34000
20240120,13:48:05,14.0,100,34000
20240120,13:54:48,13.85,200,34150
20240120,13:54:56,13.85,200,34150
20240120,13:55:40,13.85,100,34150
20240120,13:55:49,13.85,50,34150
20240120,13:55:58,13.85,100,34150
20240120,13:56:07,13.85,50,34150
20240120,14:09:59,13.85,50,34150
20240120,14:10:15,13.85,50,34150
20240120,14:24:57,13.85,200,34150
20240120,14:26:18,14.0,50,34150
20240120,14:37:41,13.85,200,34400
20240120,14:37:50,13.8,100,34400
20240120,14:42:10,13.8,50,34400
20240120,14:43:22,13.8,950,34400
20240120,14:43:54,13.8,500,34400
20240120,14:44:21,13.05,300,34400
20240120,14:45:58,12.85,50,33400
20240120,14:47:08,12.75,50,33400
20240120,14:47:47,12.75,1000,33400
20240120,14:48:14,12.95,100,33400
20240120,14:48:23,12.95,50,33400
20240120,14:48:33,12.95,100,34300
20240120,14:48:43,12.9,50,34300
20240120,14:49:02,12.85,50,34300
20240120,15:08:45,12.75,50,34400
20240120,15:10:46,12.6,250,34350
20240120,15:11:05,12.6,200,34350
20240120,15:11:14,12.6,500,34350
20240120,15:11:52,12.6,250,34350
20240120,15:15:18,12.6,250,33250
20240120,15:15:29,12.75,100,33300
20240120,15:16:00,12.75,50,33300
20240120,15:17:36,12.6,50,33300
20240120,15:26:40,12.7,50,33250
20240120,15:26:49,12.8,250,33250
20240120,15:27:33,12.85,50,33250
20240120,15:27:52,12.9,50,33000
20240123,09:16:02,14.4,150,32950
20240123,09:16:05,14.2,150,32950
20240123,09:16:20,14.55,50,32950
20240123,09:16:32,14.5,450,32950
20240123,09:16:52,14.85,250,32950
20240123,09:17:08,14.75,50,32950
20240123,09:17:11,14.15,250,32950
20240123,09:17:45,14.95,100,32950
20240123,09:17:50,14.95,50,32950
20240123,09:19:07,14.95,250,32950
20240123,09:19:18,14.7,150,32950
20240123,09:19:24,14.6,50,32950
20240123,09:31:37,14.0,100,33100
20240123,09:38:54,13.95,150,33100
20240123,09:44:43,13.9,50,32950
20240123,09:49:06,13.95,100,32950
20240123,09:51:17,14.0,250,32950
20240123,09:53:09,13.6,200,32950
20240123,09:54:40,13.8,350,33350
20240123,09:55:13,13.5,1800,33350
20240123,09:55:22,13.45,200,33350
20240123,09:55:34,13.5,300,33350
20240123,09:56:03,13.4,300,33350
20240123,09:56:27,13.4,50,33350
20240123,09:56:45,13.3,200,36150
20240123,09:58:03,13.35,100,36150
20240123,09:58:55,13.25,50,36150
20240123,09:59:13,13.2,100,36150
20240123,10:00:08,13.15,50,36300
20240123,10:01:00,13.0,100,36300
20240123,10:01:13,12.9,50,36300
20240123,10:06:14,12.8,50,36300
20240123,10:08:46,12.6,100,36250
20240123,10:08:54,12.25,250,36250
20240123,10:09:22,11.9,50,36250
20240123,10:09:28,11.85,300,36250
20240123,10:10:33,11.8,50,36250
20240123,10:14:23,11.85,150,36800
20240123,10:28:50,11.5,200,36950
20240123,10:28:57,11.5,250,36950
20240123,10:30:59,11.8,50,36700
20240123,10:31:37,11.7,50,36700
20240123,10:32:54,11.8,50,36700
20240123,10:41:36,11.5,250,36700
20240123,10:41:43,11.5,300,36700
20240123,10:41:54,11.5,250,36200
20240123,10:42:05,11.5,250,36200
20240123,10:42:13,11.5,300,36200
20240123,10:44:31,11.5,100,36200
20240123,10:44:44,11.55,50,36200
20240123,10:45:09,11.55,100,35350
20240123,10:48:53,11.5,100,35300
20240123,10:48:58,11.55,100,35300
20240123,10:49:47,11.55,600,35300
20240123,10:49:50,11.5,250,35300
20240123,10:50:41,11.5,100,35300
20240123,10:50:53,11.55,1250,34900
20240123,10:50:56,11.5,150,34900
20240123,10:51:26,11.45,900,34900
20240123,10:51:57,11.45,1300,34900
20240123,10:52:07,11.4,350,34900
20240123,10:52:34,11.5,600,34900
20240123,10:52:52,11.35,900,34900
20240123,10:53:33,11.35,100,34900
20240123,10:53:55,11.6,50,34850
20240123,11:01:14,11.6,250,34800
20240123,11:02:29,12.0,200,34800
20240123,11:03:23,11.8,100,34950
20240123,11:05:30,11.8,50,34950
20240123,11:08:18,11.85,100,35050
20240123,11:09:03,12.15,400,35150
20240123,11:10:52,11.85,200,35150
20240123,11:11:02,11.8,50,35150
20240123,11:15:33,11.95,50,34950
20240123,11:16:34,12.1,150,34950
20240123,11:19:42,12.1,100,35000
20240123,11:24:00,12.3,650,34950
20240123,11:26:30,12.45,200,34950
20240123,11:29:21,12.45,50,34750
20240123,11:31:15,12.45,50,34700
20240123,11:31:38,12.5,400,34700
20240123,11:33:31,12.5,200,34650
20240123,11:40:29,12.5,100,34650
20240123,11:40:35,12.5,50,34650
20240123,11:40:44,12.5,50,34650
20240123,11:41:48,12.45,50,34650
20240123,11:42:11,12.4,250,34750
20240123,11:42:41,11.45,100,34750
20240123,11:42:50,11.3,1150,34750
20240123,11:42:57,10.7,2700,34750
20240123,11:43:18,10.5,1050,34750
20240123,11:43:38,10.85,350,34750
20240123,11:43:50,11.3,900,34750
20240123,11:43:52,11.4,50,34750
20240123,11:45:48,11.15,350,35650
20240123,11:46:01,11.15,600,35650
20240123,11:46:09,11.15,100,35650
20240123,11:46:15,11.0,1800,35650
20240123,11:48:54,11.8,550,36800
20240123,11:51:34,12.0,150,36500
20240123,11:52:39,11.9,50,36500
20240123,11:53:15,11.8,50,36500
20240123,11:53:23,11.65,150,36500
20240123,11:54:15,11.65,100,36450
20240123,11:55:01,11.6,600,36450
20240123,11:57:51,11.65,50,36350
20240123,12:02:34,11.35,100,36300
20240123,12:03:01,11.65,100,36300
20240123,12:04:08,11.3,150,36350
20240123,12:04:26,11.05,500,36350
20240123,12:04:31,10.95,650,36350
20240123,12:04:50,11.1,750,36350
20240123,12:04:55,11.1,50,36350
20240123,12:06:54,10.6,50,35650
20240123,12:08:14,10.6,50,35650
20240123,12:15:37,11.45,150,35550
20240123,12:16:08,11.2,100,35550
20240123,12:17:23,11.4,100,35550
20240123,12:17:33,11.45,400,35550
20240123,12:21:11,11.5,250,35350
20240123,12:22:02,11.65,50,35350
20240123,12:25:04,11.45,300,35350
20240123,12:27:00,11.45,250,35350
20240123,12:27:15,11.55,250,35500
20240123,12:27:32,11.55,250,35500
20240123,12:27:58,11.6,50,35500
20240123,12:28:02,11.55,200,35500
20240123,12:28:20,11.7,100,35500
20240123,12:28:26,11.5,100,35500
20240123,12:29:07,11.75,50,35500
20240123,12:33:01,11.9,50,36150
20240123,12:33:34,11.75,50,36200
20240123,12:40:02,11.85,50,36250
20240123,12:40:29,11.85,50,36250
20240123,12:45:39,11.85,1000,36300
20240123,12:45:47,12.35,100,36300
20240123,12:46:52,12.3,200,36300
20240123,12:47:10,12.35,100,36300
20240123,12:47:27,12.3,50,36300
20240123,12:48:21,12.25,250,37150
20240123,12:48:26,12.3,350,37150
20240123,12:48:51,12.15,250,37150
20240123,12:50:43,12.3,50,37150
20240123,12:55:44,12.05,750,37900
20240123,12:59:57,12.2,50,38650
20240123,13:00:12,12.05,1800,38700
20240123,13:00:48,12.05,450,38700
20240123,13:01:24,12.7,1350,38700
20240123,13:01:37,12.25,50,38700
20240123,13:01:56,12.0,200,38700
20240123,13:11:20,11.65,250,39650
20240123,13:11:32,11.7,250,39650
20240123,13:20:47,11.5,250,40150
20240123,13:28:22,12.0,500,40200
20240123,13:28:28,11.8,500,40200
20240123,13:29:24,11.95,400,40200
20240123,13:29:58,12.0,50,40200
20240123,13:31:48,12.3,300,41100
20240123,13:33:15,12.0,250,41100
20240123,13:33:26,11.95,200,41150
20240123,13:33:32,11.95,50,41150
20240123,13:33:45,11.9,400,41150
20240123,13:33:50,11.9,50,41150
20240123,13:34:15,12.0,200,41150
20240123,13:34:17,12.0,100,41150
20240123,13:38:19,12.2,50,42150
20240123,13:39:27,12.05,750,42150
20240123,13:39:48,12.05,250,42150
20240123,13:40:01,12.05,250,42150
20240123,13:40:12,12.05,700,42150
20240123,13:40:27,12.0,500,42150
20240123,13:41:12,11.85,250,42150
20240123,13:41:34,11.9,600,42150
20240123,13:41:40,11.9,300,42150
20240123,13:41:52,11.95,100,42150
20240123,13:41:57,11.9,150,42150
20240123,13:42:10,11.85,150,42150
20240123,13:42:31,11.95,50,44950
20240123,13:42:47,11.9,450,44950
20240123,13:43:08,11.8,200,44950
20240123,13:43:29,11.8,300,44950
20240123,13:43:57,11.8,250,44950
20240123,13:44:04,11.9,200,44950
20240123,13:45:01,11.85,250,44950
20240123,13:49:52,11.85,50,44850
20240123,13:51:16,11.8,200,44850
20240123,13:51:24,11.75,650,44650
20240123,13:51:32,11.85,300,44650
20240123,13:53:06,11.8,50,44650
20240123,13:55:54,11.7,250,43800
20240123,13:56:30,11.8,150,43800
20240123,13:56:42,11.65,250,43800
20240123,13:58:59,11.85,50,44100
20240123,13:59:58,11.85,200,44100
20240123,14:00:37,11.8,50,44250
20240123,14:02:08,11.85,100,44250
20240123,14:02:35,11.95,300,44250
20240123,14:03:19,11.85,50,44250
20240123,14:03:55,12.0,350,44650
20240123,14:04:07,11.95,50,44650
20240123,14:04:56,12.05,1700,44650
20240123,14:05:04,12.05,250,44650
20240123,14:05:14,12.15,300,44650
20240123,14:05:41,12.25,400,44650
20240123,14:05:56,12.1,300,44650
20240123,14:06:29,12.15,200,44150
20240123,14:06:59,12.15,400,44150
20240123,14:07:02,12.15,450,44150
20240123,14:07:14,12.2,100,44150
20240123,14:07:56,12.1,50,44150
20240123,14:08:45,11.95,50,44150
20240123,14:08:55,12.0,100,44150
20240123,14:09:48,12.0,50,44750
20240123,14:10:05,12.05,200,44750
20240123,14:10:36,12.25,200,44750
20240123,14:11:19,12.2,200,44750
20240123,14:12:41,12.25,200,44600
20240123,14:13:08,12.4,100,44600
20240123,14:13:53,11.9,50,44600
20240123,14:16:03,12.4,50,44350
20240123,14:16:13,12.4,50,44350
20240123,14:18:18,12.5,50,44350
20240123,14:18:31,12.4,50,44450
20240123,14:18:39,12.1,350,44450
20240123,14:19:00,11.75,650,44450
20240123,14:19:04,11.65,250,44450
20240123,14:19:20,11.65,700,44450
20240123,14:19:28,11.6,550,44450
20240123,14:24:39,11.55,50,43000
20240123,14:24:55,11.3,50,43000
20240123,14:25:53,11.3,50,43000
20240123,14:28:17,11.1,50,43000
20240123,14:28:19,11.25,50,42950
20240123,14:30:23,11.6,150,42950
20240123,14:30:28,11.5,50,42950
20240123,14:34:18,11.25,50,42950
20240123,14:34:49,11.4,150,42950
20240123,14:35:00,11.3,100,42950
20240123,14:38:08,11.35,50,42950
20240123,14:43:16,10.8,50,42950
20240123,14:45:39,10.95,50,42900
20240123,14:45:43,10.8,50,42900
20240123,14:45:56,10.5,200,42900
20240123,14:46:38,10.4,200,42900
20240123,14:46:51,9.95,950,42900
20240123,14:47:05,10.1,100,42900
20240123,14:47:35,10.25,100,42900
20240123,14:47:46,10.3,50,42900
20240123,14:48:08,10.25,50,42900
20240123,14:50:52,10.8,150,43900
20240123,14:51:05,10.8,200,43900
20240123,14:51:08,10.9,100,43900
20240123,14:58:13,10.8,50,43700
20240123,14:58:47,10.65,50,43700
20240123,14:59:31,10.7,250,43700
20240123,14:59:46,11.05,100,43700
20240123,15:02:01,10.55,150,43450
20240123,15:06:04,11.3,350,43450
20240123,15:06:14,11.35,100,43450
20240123,15:19:16,11.95,50,43500
20240123,15:20:08,12.05,1300,43500
20240123,15:20:10,12.0,350,43500
20240123,15:25:01,12.0,100,43900
20240123,15:25:40,12.15,100,43900
20240123,15:25:52,12.0,100,43900
20240123,15:26:30,12.25,50,43900
20240123,15:26:50,12.2,100,43900
20240123,15:26:56,12.25,100,43900
20240123,15:27:07,12.3,50,43900
20240123,15:28:39,12.45,200,43550
20240123,15:29:30,12.05,50,43550
20240123,15:29:59,11.85,1,43350
20240124,09:16:27,11.4,1,43350
20240124,09:16:27,11.85,1,43350
20240124,09:16:27,11.4,1250,43350
20240124,09:16:51,11.15,3100,43350
20240124,09:17:08,11.35,200,43350
20240124,09:17:32,11.3,50,43350
20240124,09:19:44,10.5,150,39450
20240124,09:19:56,10.6,200,39450
20240124,09:21:00,9.95,100,39550
20240124,09:21:42,9.95,50,39550
20240124,09:21:52,10.2,200,39550
20240124,09:23:10,10.4,100,39550
20240124,09:24:41,10.45,100,39500
20240124,09:24:51,10.5,50,39500
20240124,09:25:21,10.45,450,39500
20240124,09:26:05,10.4,100,39500
20240124,09:31:15,10.75,50,39600
20240124,09:31:25,11.05,50,39600
20240124,09:36:04,11.9,50,39650
20240124,09:57:19,13.05,200,39600
20240124,09:59:58,12.7,100,39600
20240124,10:06:25,12.7,100,39550
20240124,10:06:59,12.5,300,39550
20240124,10:08:15,12.5,150,39550
20240124,10:13:56,12.5,50,39550
20240124,10:15:26,12.45,50,39600
20240124,10:15:49,12.5,50,39600
20240124,10:16:52,12.55,100,39600
20240124,10:17:12,12.3,200,39600
20240124,10:17:21,12.45,100,39600
20240124,10:17:32,12.45,50,39600
20240124,10:20:34,12.7,50,39950
20240124,10:27:19,11.7,150,39950
20240124,10:27:29,11.8,50,39950
20240124,10:28:25,12.15,50,39950
20240124,10:28:57,11.8,50,39950
20240124,10:29:44,12.15,50,39950
20240124,10:29:55,11.7,150,39950
20240124,10:30:06,11.65,50,39950
20240124,10:31:07,11.95,50,40050
20240124,10:31:18,11.7,100,40050
20240124,10:34:47,11.4,100,40100
20240124,10:34:57,11.3,350,40100
20240124,10:35:06,11.45,1000,40100
20240124,10:39:42,11.45,150,41550
20240124,10:39:52,11.3,50,41550
20240124,10:40:11,11.45,550,41550
20240124,10:40:21,11.45,50,41550
20240124,10:40:32,11.35,50,41550
20240124,10:40:42,11.35,50,41550
20240124,10:41:04,11.3,150,41550
20240124,10:45:58,11.2,100,42200
20240124,10:46:17,10.85,100,42200
20240124,10:49:24,10.65,50,42400
20240124,10:49:44,10.65,50,42400
20240124,11:03:49,11.25,50,42500
20240124,11:10:41,11.5,50,42450
20240124,11:12:11,11.45,50,42450
20240124,11:12:40,11.5,150,42450
20240124,11:12:49,11.55,50,42450
20240124,11:13:17,11.4,50,42450
20240124,11:23:00,11.45,50,42250
20240124,11:23:19,11.5,1000,42250
20240124,11:31:14,10.8,200,42250
20240124,11:35:44,11.0,100,42450
20240124,11:36:30,11.3,100,42500
20240124,11:40:02,11.05,100,42450
20240124,11:47:44,11.6,50,42500
20240124,11:55:12,11.15,200,42500
20240124,11:56:19,11.1,50,42500
20240124,12:23:55,12.05,400,42450
20240124,12:25:57,11.25,50,42250
20240124,12:26:07,11.3,50,42250
20240124,12:26:35,11.4,100,42250
20240124,12:27:13,11.95,750,42250
20240124,12:28:04,11.6,100,42650
20240124,12:28:15,11.6,100,42650
20240124,12:28:26,11.4,50,42650
20240124,12:29:11,11.7,200,42650
20240124,12:34:03,11.65,100,42350
20240124,12:42:15,12.1,50,42300
20240124,12:52:13,12.25,50,42250
20240124,13:04:04,12.4,450,42200
20240124,13:04:15,12.4,600,42200
20240124,13:04:26,12.35,300,42200
20240124,13:05:28,12.3,1000,42200
20240124,13:06:51,12.2,50,44050
20240124,13:07:12,11.8,100,44050
20240124,13:08:05,11.75,1050,44050
20240124,13:08:15,11.7,50,44050
20240124,13:08:24,12.0,50,44050
20240124,13:08:35,11.95,200,44050
20240124,13:09:22,12.25,1000,44050
20240124,13:09:44,12.4,1000,46550
20240124,13:09:54,12.25,2000,46550
20240124,13:10:22,12.45,1150,46550
20240124,13:10:31,12.5,300,46550
20240124,13:11:31,12.65,400,46550
20240124,13:12:40,12.8,100,51000
20240124,13:12:59,12.75,50,51000
20240124,13:13:08,12.75,450,51000
20240124,13:13:18,12.65,900,51000
20240124,13:13:37,12.75,100,51000
20240124,13:13:57,12.75,50,51000
20240124,13:14:07,12.7,50,51000
20240124,13:14:16,12.7,1000,51000
20240124,13:15:01,12.7,200,51000
20240124,13:15:10,12.75,50,51000
20240124,13:15:20,12.7,1000,51000
20240124,13:15:29,12.7,1000,53350
20240124,13:15:57,12.4,1000,53350
20240124,13:16:06,12.45,1250,53350
20240124,13:16:24,12.3,1000,53350
20240124,13:16:55,12.45,100,53350
20240124,13:17:47,12.45,800,53350
20240124,13:18:08,12.45,1000,53350
20240124,13:18:36,12.65,1050,57350
20240124,13:19:08,12.65,100,57350
20240124,13:19:28,12.75,50,57350
20240124,13:19:38,12.7,350,57350
20240124,13:19:49,12.65,100,57350
20240124,13:19:59,12.6,50,57350
20240124,13:20:10,12.5,150,57350
20240124,13:20:23,12.75,100,57350
20240124,13:21:36,12.8,500,58150
20240124,13:21:56,12.9,100,58150
20240124,13:22:16,13.0,100,58150
20240124,13:22:26,12.95,100,58150
20240124,13:22:56,13.0,150,58150
20240124,13:23:05,12.85,50,58150
20240124,13:23:15,12.55,200,58150
20240124,13:23:25,12.55,50,58150
20240124,13:23:44,12.7,250,58150
20240124,13:26:44,12.4,50,58050
20240124,13:26:54,12.55,250,58050
20240124,13:27:22,12.5,200,58050
20240124,13:29:33,12.6,50,58000
20240124,13:30:00,12.45,1000,58000
20240124,13:30:09,12.7,550,58000
20240124,13:30:18,12.7,100,58000
20240124,13:30:37,12.7,50,59300
20240124,13:30:54,12.5,900,59300
20240124,13:31:04,12.5,1050,59300
20240124,13:31:12,12.5,50,59300
20240124,13:31:21,12.4,50,59300
20240124,13:32:00,12.25,50,59300
20240124,13:32:10,12.35,100,59300
20240124,13:32:20,12.35,150,59300
20240124,13:32:29,12.2,400,59300
20240124,13:32:38,12.35,250,59300
20240124,13:32:47,12.4,200,59300
20240124,13:33:05,12.25,50,59300
20240124,13:34:30,11.95,1250,60900
20240124,13:34:42,11.9,1050,60900
20240124,13:35:32,11.95,250,60900
20240124,13:35:50,11.95,50,60900
20240124,13:36:27,12.0,50,60900
20240124,13:36:36,12.0,50,62400
20240124,13:37:15,11.85,150,62400
20240124,13:37:38,11.8,500,62400
20240124,13:41:33,12.05,50,62650
20240124,13:41:42,11.95,100,62650
20240124,13:41:51,12.0,50,62650
20240124,13:42:00,12.0,200,62650
20240124,13:42:09,11.95,250,62650
20240124,13:42:18,11.95,250,62650
20240124,13:42:27,11.9,50,62650
20240124,13:42:37,11.85,1200,62400
20240124,13:42:46,11.95,250,62400
20240124,13:42:55,11.95,250,62400
20240124,13:43:05,12.0,100,62400
20240124,13:43:14,12.0,150,62400
20240124,13:43:24,12.0,250,62400
20240124,13:44:11,11.95,200,62400
20240124,13:44:20,11.95,1100,62400
20240124,13:44:30,11.95,50,62400
20240124,13:45:06,12.0,100,62400
20240124,13:50:12,12.25,100,64250
20240124,13:50:39,12.4,600,64250
20240124,13:51:44,12.35,200,63650
20240124,13:52:41,12.25,50,63650
20240124,13:52:51,12.35,50,63650
20240124,14:02:54,12.6,50,63400
20240124,14:03:23,12.65,50,63400
20240124,14:03:32,12.65,100,63400
20240124,14:04:29,12.6,50,63400
20240124,14:05:31,12.7,100,63400
20240124,14:06:07,12.7,50,63400
20240124,14:06:28,12.7,50,63400
20240124,14:07:07,12.7,100,63450
20240124,14:07:16,12.75,350,63450
20240124,14:10:43,12.7,200,63400
20240124,14:12:16,12.75,50,63400
20240124,14:13:24,12.65,50,63400
20240124,14:14:28,12.8,200,63400
20240124,14:14:37,12.8,200,63400
20240124,14:14:46,12.75,100,63400
20240124,14:15:33,12.85,50,63400
20240124,14:16:11,12.75,100,62850
20240124,14:17:38,12.8,100,62850
20240124,14:22:01,12.75,50,62850
20240124,14:26:35,12.8,50,62850
20240124,14:28:13,12.85,50,62850
20240124,14:30:10,12.8,50,62850
20240124,14:31:26,12.8,50,62850
20240124,14:32:16,12.8,1050,62850
20240124,14:34:10,12.65,800,62750
20240124,14:34:19,12.65,300,62750
20240124,14:34:28,12.65,50,62750
20240124,14:34:47,12.65,50,62750
20240124,14:35:59,12.7,250,62750
20240124,14:36:22,13.05,850,62750
20240124,14:36:32,13.15,350,62750
20240124,14:36:42,13.15,100,64650
20240124,14:40:08,12.95,100,64700
20240124,14:40:47,12.95,100,64700
20240124,14:41:08,12.9,150,64700
20240124,14:41:20,12.75,400,64700
20240124,14:41:53,12.9,50,64700
20240124,14:42:04,12.8,300,64700
20240124,14:42:15,12.75,300,64700
20240124,14:42:27,12.85,100,64700
20240124,14:42:56,12.85,100,64450
20240124,14:43:16,12.85,50,64450
20240124,14:43:28,12.85,50,64450
20240124,14:49:32,12.45,50,64450
20240124,14:59:07,12.5,200,64500
20240124,14:59:29,12.5,250,64500
20240124,15:05:33,12.75,450,64750
20240124,15:09:50,13.0,50,65200
20240124,15:10:48,12.9,50,65200
20240124,15:16:37,13.0,50,65300
20240124,15:18:02,13.0,500,65300
20240124,15:18:13,12.8,50,65300
20240124,15:18:24,12.95,50,65300
20240124,15:18:34,12.95,100,65300
20240124,15:18:43,12.9,100,65300
20240124,15:19:30,12.9,250,65250
20240124,15:23:46,12.95,100,64900
20240124,15:25:48,12.9,450,64950
20240124,15:27:54,12.75,50,64950
20240124,15:28:02,12.9,400,64950
20240124,15:29:34,13.05,50,64950
20240124,15:29:56,14.0,150,64950
20240125,09:15:42,13.65,1,64850
20240125,09:15:42,13.7,1,64850
20240125,09:15:42,13.65,150,64850
20240125,09:22:13,12.35,150,64850
20240125,09:28:03,11.85,100,64850
20240125,09:47:16,11.85,250,64800
20240125,09:52:44,11.85,50,65050
20240125,09:53:45,12.75,200,65050
20240125,09:54:56,12.8,50,64850
20240125,10:01:19,12.7,600,64800
20240125,10:01:51,12.5,50,64800
20240125,10:02:01,12.5,150,64800
20240125,10:02:10,12.5,50,64800
20240125,10:13:28,12.4,50,64550
20240125,10:13:47,12.5,50,64550
20240125,10:15:37,12.5,150,64600
20240125,10:16:17,12.5,250,64600
20240125,10:16:28,13.0,100,64600
20240125,10:16:40,12.5,100,64600
20240125,10:18:00,12.25,50,64600
20240125,10:28:34,13.1,250,64700
20240125,10:29:15,13.0,50,64700
20240125,10:29:25,12.95,250,64700
20240125,11:02:56,13.2,50,64200
20240125,11:14:17,13.0,50,64250
20240125,11:21:42,13.85,450,64250
20240125,11:27:30,11.75,400,64300
20240125,11:28:11,11.75,200,64300
20240125,11:32:10,12.75,600,64300
20240125,11:41:58,13.55,50,64300
20240125,12:38:46,12.8,50,64300
20240125,12:50:02,12.4,50,64300
20240125,13:09:14,12.4,200,64300
20240125,13:09:23,12.45,50,64300
20240125,13:09:51,12.5,200,64550
20240125,13:12:37,12.9,100,64550
20240125,13:26:31,12.95,50,64750
20240125,13:27:18,12.5,200,64750
20240125,13:38:16,13.35,50,64750
20240125,13:38:24,13.4,450,64750
20240125,13:45:11,12.0,7500,64550
20240125,13:45:20,12.9,1000,64550
20240125,13:45:29,12.85,1000,64550
20240125,13:45:38,12.9,1000,64550
20240125,13:52:35,13.35,50,72000
20240125,13:53:03,13.2,50,72000
20240125,13:53:13,13.15,50,72000
20240125,14:03:24,13.4,100,72050
20240125,14:08:49,13.35,50,72050
20240125,14:11:41,12.75,50,72050
20240125,14:21:14,12.85,50,72050
20240125,14:23:10,12.85,100,72050
20240125,14:28:45,13.3,350,72050
20240125,14:29:22,13.4,100,72050
20240125,14:38:59,13.25,50,72200
20240125,14:41:17,13.45,100,72200
20240125,14:53:40,12.5,50,72200
20240125,14:55:14,12.6,400,72250
20240125,14:57:03,12.6,100,72250
20240125,14:57:38,12.35,100,72250
20240125,14:57:47,12.5,50,72250
20240125,14:58:22,12.45,50,72500
20240125,15:01:38,12.45,50,72550
20240125,15:03:20,12.55,50,72550
20240125,15:10:52,12.45,250,72600
20240125,15:12:05,12.55,100,72600
20240125,15:24:55,16.45,2850,72600
20240125,15:25:05,13.95,550,73250
20240125,15:26:24,13.85,50,73250
20240125,15:26:54,13.85,100,73250
20240125,15:29:48,11.55,200,72950
20240129,09:15:09,14.6,1,73150
20240129,09:15:09,14.6,50,73150
20240129,09:16:05,13.85,150,73150
20240129,09:17:14,13.85,200,73150
20240129,09:22:09,13.0,1300,73250
20240129,09:23:17,13.25,350,74450
20240129,09:23:33,13.35,50,74450
20240129,09:24:11,13.4,50,74450
20240129,09:24:20,13.7,400,74450
20240129,09:24:28,13.6,200,74450
20240129,09:24:37,13.7,100,74450
20240129,09:24:46,13.7,50,74450
20240129,09:24:55,13.75,550,74450
20240129,09:25:15,14.05,500,74450
20240129,09:26:05,14.75,1050,74450
20240129,09:26:14,14.75,150,74450
20240129,09:26:32,14.35,100,74700
20240129,09:27:18,14.2,300,74700
20240129,09:27:28,14.4,100,74700
20240129,09:27:38,14.45,350,74700
20240129,09:27:46,14.4,600,74700
20240129,09:28:56,14.25,200,74700
20240129,09:29:24,14.35,1150,74550
20240129,09:29:58,14.4,600,74550
20240129,09:31:19,14.3,50,74550
20240129,09:32:34,14.25,200,75150
20240129,09:32:42,14.2,200,75150
20240129,09:33:01,14.0,150,75150
20240129,09:35:15,14.0,250,75150
20240129,09:36:30,14.2,200,75100
20240129,09:36:39,14.25,50,75100
20240129,09:40:26,13.9,300,75150
20240129,09:40:43,13.9,50,75150
20240129,09:41:06,13.8,200,75150
20240129,09:41:31,13.75,50,75450
20240129,09:41:40,13.8,100,75450
20240129,09:42:24,13.9,500,75450
20240129,09:42:40,13.85,400,75450
20240129,09:43:05,13.95,100,75450
20240129,09:43:21,14.05,100,75450
20240129,09:47:22,13.85,50,75450
20240129,09:47:45,13.8,50,75450
20240129,09:48:59,13.65,150,75450
20240129,09:49:15,13.6,500,75450
20240129,09:49:31,13.55,50,75450
20240129,09:49:38,13.55,100,75450
20240129,09:49:46,13.5,150,75450
20240129,09:50:09,13.45,200,75450
20240129,09:52:24,13.55,50,74950
20240129,09:53:49,13.35,250,74950
20240129,09:54:48,13.45,250,74950
20240129,09:55:30,13.35,550,74950
20240129,09:55:37,13.25,550,74950
20240129,09:57:18,13.6,250,74700
20240129,09:57:32,13.6,250,74700
20240129,09:57:40,13.6,500,74700
20240129,09:57:50,13.65,150,74700
20240129,09:59:22,13.85,50,74700
20240129,09:59:41,13.75,50,74700
20240129,09:59:59,14.0,150,74700
20240129,10:01:40,13.65,100,74700
20240129,10:01:48,13.65,100,74700
20240129,10:02:05,13.65,50,74700
20240129,10:02:56,13.6,50,74900
20240129,10:04:42,13.65,50,74900
20240129,10:04:57,13.7,450,74900
20240129,10:05:05,13.95,3400,74900
20240129,10:05:13,14.0,3100,74900
20240129,10:05:23,13.8,750,75250
20240129,10:05:54,13.8,250,75250
20240129,10:09:38,13.25,100,75700
20240129,10:10:28,13.45,100,75700
20240129,10:11:00,13.55,100,75700
20240129,10:11:35,13.55,700,75900
20240129,10:12:28,13.5,500,75900
20240129,10:12:45,13.5,300,75900
20240129,10:13:17,13.5,100,75900
20240129,10:14:31,13.45,100,75400
20240129,10:16:33,13.7,100,75400
20240129,10:17:08,13.4,100,75400
20240129,10:17:49,13.4,100,75400
20240129,10:18:48,13.4,100,75400
20240129,10:20:01,13.2,50,75400
20240129,10:21:46,13.35,100,75500
20240129,10:22:13,13.15,50,75500
20240129,10:22:44,13.3,200,75500
20240129,10:23:00,13.35,200,75500
20240129,10:23:25,13.4,200,75650
20240129,10:25:30,13.4,150,75650
20240129,10:25:37,13.4,50,75650
20240129,10:25:45,13.3,150,75650
20240129,10:25:53,13.25,150,75650
20240129,10:26:43,13.2,950,75500
20240129,10:27:43,13.0,100,75500
20240129,10:29:59,12.95,500,75250
20240129,10:30:57,12.95,1800,75250
20240129,10:31:15,13.2,250,75250
20240129,10:32:11,13.1,500,75250
20240129,10:33:16,13.2,200,74550
20240129,10:33:24,13.45,1800,74550
20240129,10:33:32,13.45,1600,74550
20240129,10:33:40,13.4,4600,74550
20240129,10:34:22,13.2,500,74550
20240129,10:34:30,13.45,1800,74550
20240129,10:34:45,13.15,500,74550
20240129,10:34:53,13.05,500,74550
20240129,10:35:00,13.4,1800,74550
20240129,10:35:08,13.4,1800,74550
20240129,10:35:17,13.4,100,74550
20240129,10:35:26,13.45,1750,77650
20240129,10:35:34,13.4,2150,77650
20240129,10:35:43,13.5,1550,77650
20240129,10:36:06,13.2,1000,77650
20240129,10:37:30,13.4,150,77650
20240129,10:37:39,13.4,550,77650
20240129,10:37:48,13.6,1150,77650
20240129,10:37:58,13.45,1900,77650
20240129,10:38:06,13.55,1800,77650
20240129,10:38:15,13.55,2250,77650
20240129,10:38:23,13.5,1750,83350
20240129,10:38:31,13.55,1000,83350
20240129,10:39:40,13.55,200,83350
20240129,10:41:19,13.7,1900,83350
20240129,10:41:28,13.65,250,85550
20240129,10:41:36,13.85,1850,85550
20240129,10:41:54,13.75,1800,85550
20240129,10:42:02,13.8,250,85550
20240129,10:42:11,13.8,350,85550
20240129,10:46:06,13.55,1900,87150
20240129,10:46:14,13.55,200,87150
20240129,10:46:58,13.45,1800,87150
20240129,10:47:15,13.55,1450,87150
20240129,10:47:24,13.6,50,87150
20240129,10:47:32,13.85,1900,88600
20240129,10:47:41,13.7,350,88600
20240129,10:48:06,13.75,1800,88600
20240129,10:48:40,13.7,50,88600
20240129,10:48:48,13.7,50,88600
20240129,10:49:20,13.7,200,88600
20240129,10:49:28,13.65,400,88600
20240129,10:49:35,13.65,100,88600
20240129,10:51:02,13.65,250,91000
20240129,10:51:43,13.6,50,91000
20240129,10:52:50,13.55,200,91000
20240129,10:53:15,13.6,100,91000
20240129,10:54:25,13.5,200,91200
20240129,10:55:21,13.5,150,91200
20240129,10:58:09,13.55,50,91250
20240129,10:58:17,13.6,250,91250
20240129,10:58:27,13.75,1800,91250
20240129,10:58:37,13.85,1700,91250
20240129,10:58:46,13.8,250,91250
20240129,10:58:54,13.85,1500,91250
20240129,10:59:20,13.8,450,91250
20240129,11:00:29,13.75,850,95450
20240129,11:00:38,13.7,2750,95450
20240129,11:00:48,13.65,1400,95450
20240129,11:02:50,13.65,600,91000
20240129,11:02:58,13.65,200,91000
20240129,11:03:07,13.65,50,91000
20240129,11:03:22,13.65,50,91000
20240129,11:03:31,13.75,100,91000
20240129,11:03:39,13.65,400,91000
20240129,11:03:47,13.8,200,91000
20240129,11:03:55,13.85,550,91000
20240129,11:04:04,13.8,100,91000
20240129,11:04:21,13.7,200,91000
20240129,11:04:29,13.75,100,91000
20240129,11:04:56,13.75,100,91000
20240129,11:05:05,13.65,500,91000
20240129,11:05:15,13.7,100,91000
20240129,11:05:23,13.75,50,91000
20240129,11:05:48,13.75,100,91700
20240129,11:06:55,13.75,200,91700
20240129,11:07:24,13.75,50,91700
20240129,11:08:00,13.75,50,91700
20240129,11:09:13,13.75,250,91600
20240129,11:10:46,13.7,50,91600
20240129,11:10:54,13.65,100,91600
20240129,11:12:47,13.7,250,91600
20240129,11:13:27,13.7,250,91600
20240129,11:14:53,13.8,400,91600
20240129,11:16:02,13.8,50,91600
20240129,11:17:08,13.6,500,91600
20240129,11:19:03,13.6,50,91250
20240129,11:19:39,13.2,600,91250
20240129,11:19:50,13.0,250,91250
20240129,11:20:18,13.3,50,91250
20240129,11:20:35,13.4,100,90650
20240129,11:21:29,12.9,500,90650
20240129,11:23:46,12.7,1600,90550
20240129,11:24:06,12.7,100,90550
20240129,11:25:25,12.7,500,90550
20240129,11:26:09,12.7,1350,90550
20240129,11:26:18,12.45,500,90550
20240129,11:27:01,12.45,50,89700
20240129,11:27:18,12.5,250,89700
20240129,11:30:14,13.0,1000,89750
20240129,11:30:23,13.0,1000,89750
20240129,11:30:33,13.0,2250,89750
20240129,11:30:45,12.8,2450,89750
20240129,11:33:33,12.7,150,91100
20240129,11:42:47,12.65,50,91050
20240129,11:48:34,12.95,50,91050
20240129,11:51:18,12.7,250,91050
20240129,11:52:25,12.9,250,91050
20240129,11:52:58,12.6,50,91050
20240129,11:53:41,12.65,150,91000
20240129,11:56:05,12.6,50,91000
20240129,11:56:32,12.55,150,91000
20240129,11:57:24,12.65,200,90950
20240129,12:02:55,12.85,100,90950
20240129,12:03:20,12.9,650,90950
20240129,12:04:12,12.85,50,90950
20240129,12:07:28,12.85,50,90600
20240129,12:13:11,12.85,50,90650
20240129,12:17:49,12.7,750,90650
20240129,12:21:38,12.5,500,90800
20240129,12:26:51,12.4,50,91050
20240129,12:31:44,12.35,200,91000
20240129,12:32:43,12.25,100,91200
20240129,12:32:51,12.25,50,91200
20240129,12:33:28,12.25,100,91200
20240129,12:33:36,12.4,100,91200
20240129,12:33:51,12.45,50,91200
20240129,12:35:05,12.45,50,91200
20240129,12:35:15,12.5,1150,91200
20240129,12:40:05,12.35,200,91200
20240129,12:45:26,12.5,500,91400
20240129,12:45:36,12.5,600,91400
20240129,12:50:02,12.4,50,91400
20240129,12:51:25,12.45,50,91450
20240129,12:52:27,12.45,200,91450
20240129,12:52:55,12.5,500,91450
20240129,12:56:35,12.5,200,91450
20240129,12:57:37,12.5,600,91450
20240129,12:58:10,12.5,600,91450
20240129,12:58:43,12.5,900,91450
20240129,13:00:03,12.85,100,91500
20240129,13:00:47,13.0,600,91500
20240129,13:01:10,13.0,3300,91500
20240129,13:01:39,13.0,1200,91500
20240129,13:02:29,12.65,600,91500
20240129,13:03:16,12.8,150,93650
20240129,13:03:26,12.75,100,93650
20240129,13:05:41,12.85,100,93650
20240129,13:05:50,12.9,50,93650
20240129,13:06:00,12.95,100,93650
20240129,13:06:26,12.95,100,93650
20240129,13:06:35,13.0,250,93650
20240129,13:06:45,13.0,500,93650
20240129,13:07:13,13.0,2700,93650
20240129,13:07:21,13.0,1600,93650
20240129,13:07:40,12.9,50,93650
20240129,13:07:50,12.85,50,93650
20240129,13:07:59,12.75,50,93650
20240129,13:08:08,12.8,350,93650
20240129,13:08:18,12.7,50,93650
20240129,13:08:36,12.55,250,93650
20240129,13:09:06,12.65,50,98350
20240129,13:10:20,12.85,150,98350
20240129,13:10:28,12.7,50,98350
20240129,13:10:38,12.75,50,98350
20240129,13:10:48,12.75,50,98350
20240129,13:11:05,12.85,100,98350
20240129,13:11:22,12.8,50,98350
20240129,13:12:51,12.75,500,98350
20240129,13:13:52,12.95,50,98350
20240129,13:14:25,13.05,250,98350
20240129,13:14:33,13.0,100,98350
20240129,13:14:50,13.05,200,98700
20240129,13:14:58,12.9,200,98700
20240129,13:15:16,13.0,100,98700
20240129,13:17:12,12.95,250,98700
20240129,13:20:07,12.45,900,98450
20240129,13:20:15,12.5,100,98450
20240129,13:20:26,12.75,100,98450
20240129,13:20:34,12.75,100,98450
20240129,13:23:52,12.55,200,98250
20240129,13:25:00,12.75,500,98250
20240129,13:25:09,12.7,300,98250
20240129,13:25:57,12.65,250,98250
20240129,13:26:53,12.7,250,97600
20240129,13:27:09,12.7,250,97600
20240129,13:27:26,12.6,250,97600
20240129,13:27:34,12.55,250,97600
20240129,13:29:09,12.45,200,97600
20240129,13:29:17,12.4,50,97600
20240129,13:29:25,12.4,50,97600
20240129,13:29:43,12.4,50,97600
20240129,13:29:51,12.4,50,97600
20240129,13:30:06,12.45,350,96600
20240129,13:30:31,12.4,300,96600
20240129,13:30:39,12.35,50,96600
20240129,13:31:05,12.55,100,96600
20240129,13:31:14,12.55,50,96600
20240129,13:31:57,12.4,50,96600
20240129,13:36:58,12.9,300,96800
20240129,13:37:07,12.7,50,96800
20240129,13:39:24,12.95,100,96900
20240129,13:39:40,13.0,100,96900
20240129,13:40:56,13.0,1200,96900
20240129,13:42:19,13.0,100,98100
20240129,13:43:00,12.85,100,98100
20240129,13:43:24,13.0,200,98100
20240129,13:45:18,12.75,150,98500
20240129,13:45:49,12.95,50,98500
20240129,13:45:58,13.0,250,98500
20240129,13:46:06,13.0,450,98500
20240129,13:46:14,13.0,850,98500
20240129,13:46:48,12.7,1550,98500
20240129,13:46:57,12.95,250,98500
20240129,13:47:06,12.95,250,98500
20240129,13:47:15,12.95,850,98500
20240129,13:47:23,12.95,450,98500
20240129,13:47:31,13.0,1600,98500
20240129,13:47:40,12.95,50,98500
20240129,13:48:13,13.0,250,101250
20240129,13:48:21,12.95,100,101250
20240129,13:48:38,13.0,400,101250
20240129,13:50:05,13.0,50,101250
20240129,13:51:39,13.05,50,101900
20240129,13:52:36,13.05,100,101900
20240129,13:52:45,13.15,100,101900
20240129,13:53:03,13.2,100,101900
20240129,13:53:31,13.25,50,101900
20240129,13:54:19,13.35,100,101900
20240129,13:57:07,13.35,900,101950
20240129,13:59:04,13.3,200,101950
20240129,14:02:09,13.7,50,102750
20240129,14:02:26,13.55,50,102750
20240129,14:02:46,13.75,50,102750
20240129,14:02:55,13.55,600,102700
20240129,14:03:12,13.7,100,102700
20240129,14:03:21,13.75,100,102700
20240129,14:03:49,13.5,50,102700
20240129,14:03:59,13.6,150,102700
20240129,14:04:26,13.65,300,102700
20240129,14:04:52,13.85,50,102700
20240129,14:05:02,13.85,50,102700
20240129,14:05:21,13.9,50,102700
20240129,14:05:30,13.8,700,102700
20240129,14:05:38,13.85,50,102700
20240129,14:05:55,13.9,150,102450
20240129,14:06:04,13.9,50,102450
20240129,14:06:13,13.9,100,102450
20240129,14:06:21,13.85,50,102450
20240129,14:06:56,14.0,50,102450
20240129,14:07:56,13.8,500,102450
20240129,14:08:12,13.7,400,102450
20240129,14:08:28,13.8,50,102450
20240129,14:08:37,13.7,1000,102450
20240129,14:08:46,13.9,150,102450
20240129,14:08:54,13.95,400,103150
20240129,14:13:17,13.75,50,102800
20240129,14:13:52,13.7,350,102800
20240129,14:14:13,13.7,950,102800
20240129,14:14:24,13.75,450,102800
20240129,14:14:34,13.85,200,102800
20240129,14:14:43,13.8,150,102800
20240129,14:15:01,13.6,100,102750
20240129,14:15:40,13.75,50,102750
20240129,14:17:05,13.55,50,102750
20240129,14:18:29,13.95,200,102750
20240129,14:18:39,13.95,200,102750
20240129,14:19:06,13.8,50,102750
20240129,14:19:32,13.95,200,102750
20240129,14:19:42,13.95,50,102750
20240129,14:19:51,13.95,50,102750
20240129,14:19:59,13.95,50,102750
20240129,14:20:08,13.9,50,102750
20240129,14:20:44,13.95,400,102750
20240129,14:21:26,13.95,300,102950
20240129,14:23:35,13.95,1000,102950
20240129,14:24:43,14.0,550,103700
20240129,14:26:06,13.95,100,103700
20240129,14:26:14,13.95,550,103700
20240129,14:26:31,13.95,50,103700
20240129,14:27:03,13.95,100,104850
20240129,14:27:39,14.0,250,104850
20240129,14:27:47,14.0,50,104850
20240129,14:28:47,14.0,50,104850
20240129,14:31:10,14.0,350,105250
20240129,14:31:30,13.85,50,105250
20240129,14:31:39,13.8,50,105250
20240129,14:32:44,13.8,50,105250
20240129,14:33:41,13.65,50,105450
20240129,14:33:50,13.5,50,105450
20240129,14:33:59,13.65,50,105450
20240129,14:35:44,13.9,250,105450
20240129,14:39:21,13.8,200,105200
20240129,14:39:30,13.85,250,105200
20240129,14:40:59,14.0,450,105200
20240129,14:42:16,14.0,700,105000
20240129,14:42:42,14.05,100,105000
20240129,14:43:10,14.05,300,105000
20240129,14:44:00,13.9,100,105000
20240129,14:44:19,13.75,300,105000
20240129,14:44:29,13.95,200,105000
20240129,14:44:46,13.8,100,105000
20240129,14:44:55,13.75,100,105000
20240129,14:45:03,13.85,100,105700
20240129,14:45:28,13.85,50,105700
20240129,14:45:54,13.7,50,105700
20240129,14:46:38,13.65,400,105700
20240129,14:46:46,13.7,400,105700
20240129,14:47:02,13.8,250,105700
20240129,14:47:55,13.7,50,105700
20240129,14:50:17,13.7,200,106500
20240129,14:50:25,13.75,200,106500
20240129,14:50:50,13.95,200,106500
20240129,14:51:16,14.05,250,106750
20240129,14:52:38,13.35,750,106750
20240129,14:52:54,13.4,100,106750
20240129,14:53:03,13.35,200,106750
20240129,14:53:12,13.4,150,106750
20240129,14:53:37,13.4,100,106750
20240129,14:53:45,13.45,50,106750
20240129,14:54:08,12.8,950,106350
20240129,14:54:18,12.95,50,106350
20240129,14:54:26,12.95,100,106350
20240129,14:54:34,13.0,1100,106350
20240129,14:54:50,12.9,50,106350
20240129,14:54:58,12.95,50,106350
20240129,14:55:06,13.0,150,106350
20240129,14:55:16,13.15,50,106350
20240129,14:55:23,13.05,100,106350
20240129,14:55:31,13.1,100,106350
20240129,14:56:03,13.15,50,106350
20240129,14:58:24,12.75,1050,106500
20240129,14:58:36,12.6,100,106500
20240129,14:58:48,12.35,950,106500
20240129,14:59:00,12.1,600,106500
20240129,14:59:12,12.35,450,106500
20240129,14:59:22,12.5,250,106500
20240129,14:59:51,12.65,100,106500
20240129,15:00:02,12.65,50,106500
20240129,15:00:22,12.9,50,106050
20240129,15:00:32,12.75,200,106050
20240129,15:00:41,12.7,50,106050
20240129,15:00:51,12.45,500,106050
20240129,15:01:02,12.6,300,106050
20240129,15:01:13,12.4,600,106050
20240129,15:01:22,12.55,100,106050
20240129,15:01:30,12.55,250,106050
20240129,15:01:57,12.75,200,106050
20240129,15:02:08,12.6,300,106050
20240129,15:02:28,12.75,350,106050
20240129,15:02:48,12.85,150,106050
20240129,15:03:08,12.6,50,105950
20240129,15:04:49,12.75,50,105950
20240129,15:10:10,13.4,300,105950
20240129,15:10:31,13.3,250,105950
20240129,15:11:14,13.05,50,105950
20240129,15:11:34,13.2,50,105950
20240129,15:11:44,13.25,50,105950
20240129,15:11:53,13.2,50,105950
20240129,15:13:10,13.25,50,105300
20240129,15:13:56,13.15,200,105300
20240129,15:14:05,13.05,300,105300
20240129,15:14:15,13.05,50,105300
20240129,15:14:24,12.95,600,105300
20240129,15:14:33,12.95,150,105300
20240129,15:14:42,12.9,150,105300
20240129,15:14:52,12.95,50,105300
20240129,15:15:02,12.8,400,105300
20240129,15:15:13,12.9,400,105000
20240129,15:15:42,12.9,50,105000
20240129,15:15:51,12.9,200,105000
20240129,15:16:11,12.95,700,105000
20240129,15:16:22,12.9,450,105000
20240129,15:21:12,13.3,1800,105000
20240129,15:21:23,13.55,250,105000
20240129,15:22:53,13.5,800,105000
20240129,15:23:13,13.55,50,105000
20240129,15:23:23,13.55,250,105000
20240129,15:23:35,13.5,50,105000
20240129,15:24:06,13.5,50,104650
20240129,15:24:59,13.85,50,104650
20240129,15:25:44,14.0,950,104650
20240129,15:26:14,14.0,350,104650
20240129,15:26:24,14.0,250,104650
20240129,15:27:06,14.25,400,105100
20240129,15:27:39,14.15,350,105100
20240129,15:27:50,14.0,200,105100
20240129,15:28:10,14.15,50,105100
20240129,15:28:20,14.25,50,105100
20240129,15:28:40,14.25,400,105100
20240129,15:29:12,14.4,650,105100
20240129,15:29:37,14.15,150,105100
20240130,09:15:53,14.7,1,105300
20240130,09:15:53,14.7,100,105300
20240130,09:16:14,14.9,550,105300
20240130,09:17:08,14.9,250,105300
20240130,09:17:38,14.75,50,105300
20240130,09:17:48,14.75,100,105300
20240130,09:17:59,14.7,50,105300
20240130,09:18:10,14.7,50,105300
20240130,09:18:32,14.6,650,105300
20240130,09:18:42,14.6,300,105300
20240130,09:18:52,14.85,50,105300
20240130,09:19:01,14.95,50,105300
20240130,09:19:33,14.95,2100,105300
20240130,09:19:43,14.85,150,105300
20240130,09:19:53,14.85,650,105300
20240130,09:20:05,14.85,300,105300
20240130,09:20:15,14.7,250,105300
20240130,09:20:26,14.9,1800,104500
20240130,09:20:48,14.7,100,104500
20240130,09:21:00,15.0,1450,104500
20240130,09:21:34,15.0,800,104500
20240130,09:22:05,14.95,350,104500
20240130,09:22:26,15.15,800,104500
20240130,09:22:47,15.2,300,104500
20240130,09:22:57,15.2,50,104500
20240130,09:23:08,15.2,150,104500
20240130,09:23:29,15.2,650,104500
20240130,09:23:48,15.2,600,104500
20240130,09:24:29,15.15,50,104500
20240130,09:25:19,15.0,1000,104500
20240130,09:25:31,15.0,500,104500
20240130,09:25:54,14.4,600,104500
20240130,09:26:05,14.55,1150,104500
20240130,09:26:17,14.4,50,104500
20240130,09:26:30,14.35,1100,105200
20240130,09:26:41,14.3,900,105200
20240130,09:26:51,14.2,1650,105200
20240130,09:27:02,14.35,1500,105200
20240130,09:27:13,14.4,200,105200
20240130,09:27:23,14.45,300,105200
20240130,09:27:34,14.5,450,105200
20240130,09:28:05,14.4,150,105200
20240130,09:28:16,14.5,50,105200
20240130,09:28:28,14.5,350,105200
20240130,09:28:51,14.45,100,105200
20240130,09:29:03,14.4,1050,105200
20240130,09:29:14,14.35,350,105200
20240130,09:29:24,14.45,50,103850
20240130,09:30:06,14.15,1000,103850
20240130,09:30:19,14.1,1500,103850
20240130,09:30:31,14.25,200,103850
20240130,09:30:41,14.3,100,103850
20240130,09:30:54,14.4,1050,103850
20240130,09:31:06,14.55,800,103850
20240130,09:31:18,14.4,400,103850
20240130,09:31:39,14.55,350,103850
20240130,09:31:50,14.75,800,103850
20240130,09:32:34,15.0,300,104200
20240130,09:32:54,15.0,50,104200
20240130,09:33:38,15.0,150,104200
20240130,09:34:10,14.85,50,104200
20240130,09:35:53,14.85,100,104350
20240130,09:38:22,14.75,50,104250
20240130,09:39:36,14.8,200,104250
20240130,09:40:20,15.1,100,104250
20240130,09:41:13,15.45,50,104250
20240130,09:42:31,15.45,450,104200
20240130,09:42:42,15.45,200,104200
20240130,09:42:54,15.65,50,104200
20240130,09:43:17,15.65,50,104200
20240130,09:44:36,16.0,200,104000
20240130,09:46:05,16.0,250,104000
20240130,09:47:09,15.95,150,104000
20240130,09:48:03,15.6,150,103650
20240130,09:49:40,15.25,50,103650
20240130,09:50:02,15.3,50,103650
20240130,09:50:25,15.25,50,103650
20240130,09:51:17,15.45,1100,103600
20240130,09:53:04,15.2,50,103600
20240130,09:53:46,15.3,50,103200
20240130,09:55:45,15.1,50,103200
20240130,09:56:19,15.0,500,103200
20240130,09:56:31,15.05,100,103650
20240130,09:57:04,15.2,300,103650
20240130,09:57:14,15.2,50,103650
20240130,09:57:36,15.3,250,103650
20240130,09:58:07,15.3,850,103650
20240130,09:59:22,15.25,50,103650
20240130,10:00:38,15.4,50,103350
20240130,10:00:50,15.3,50,103350
20240130,10:02:05,15.55,150,103350
20240130,10:02:26,15.55,150,103350
20240130,10:02:46,15.55,100,103350
20240130,10:04:49,15.6,500,103350
20240130,10:05:11,15.8,50,103350
20240130,10:05:23,15.85,50,103350
20240130,10:06:18,15.65,50,103850
20240130,10:11:37,15.25,350,103850
20240130,10:14:04,15.45,250,103850
20240130,10:15:36,15.3,50,104150
20240130,10:16:27,15.25,100,104150
20240130,10:16:37,15.3,50,104150
20240130,10:17:40,15.15,100,104150
20240130,10:18:52,14.7,100,104150
20240130,10:19:24,14.8,100,104150
20240130,10:20:06,14.7,200,104150
20240130,10:20:27,14.65,50,104150
20240130,10:21:17,14.75,500,104200
20240130,10:22:08,15.2,250,104200
20240130,10:22:18,15.1,50,104200
20240130,10:22:27,15.1,50,104200
20240130,10:22:38,15.05,50,104200
20240130,10:22:47,15.0,50,104200
20240130,10:23:08,15.05,150,104200
20240130,10:23:19,14.9,50,104200
20240130,10:23:41,15.0,250,104150
20240130,10:25:02,15.15,50,104150
20240130,10:25:12,15.05,50,104150
20240130,10:25:42,14.75,1050,104150
20240130,10:27:14,14.85,50,105200
20240130,10:27:35,14.8,50,105200
20240130,10:30:34,14.8,250,105200
20240130,10:31:48,14.85,50,105200
20240130,10:33:37,14.85,50,105200
20240130,10:37:03,14.55,50,105200
20240130,10:37:47,14.45,100,105200
20240130,10:39:07,14.55,50,105250
20240130,10:41:53,14.5,50,105200
20240130,10:43:51,14.5,100,105200
20240130,10:44:12,14.45,50,105200
20240130,10:45:58,14.45,50,105250
20240130,10:49:12,14.5,100,105250
20240130,10:50:47,14.25,600,105250
20240130,10:50:59,14.35,100,105250
20240130,10:51:22,14.1,500,105250
20240130,10:51:52,14.2,1000,105250
20240130,10:52:02,14.4,550,105250
20240130,10:52:33,14.35,100,105250
20240130,10:55:29,14.15,50,107250
20240130,10:55:49,14.25,150,107250
20240130,11:06:56,14.35,150,107250
20240130,11:07:08,14.25,550,107250
20240130,11:07:32,14.3,150,107250
20240130,11:07:44,14.1,50,107250
20240130,11:08:06,14.25,600,107250
20240130,11:08:39,14.0,150,107250
20240130,11:09:01,14.0,400,107650
20240130,11:09:12,14.25,600,107650
20240130,11:09:58,14.2,50,107650
20240130,11:10:20,14.05,100,107650
20240130,11:13:33,14.2,50,107650
20240130,11:13:42,14.2,250,107650
20240130,11:13:52,14.25,50,107650
20240130,11:15:02,14.5,200,107900
20240130,11:16:01,14.45,100,107900
20240130,11:16:40,14.45,50,107900
20240130,11:17:00,14.4,50,107900
20240130,11:18:40,14.35,50,107800
20240130,11:19:54,14.35,50,107800
20240130,11:20:36,14.4,50,107800
20240130,11:25:28,14.3,50,107800
20240130,11:27:48,14.55,50,107800
20240130,11:28:09,14.5,50,107800
20240130,11:28:19,14.55,50,107800
20240130,11:28:41,14.3,250,107800
20240130,11:31:10,14.8,50,107900
20240130,11:31:19,14.85,100,107900
20240130,11:31:29,14.85,500,107900
20240130,11:31:37,14.8,100,107900
20240130,11:32:16,14.7,50,107900
20240130,11:32:35,14.8,50,107900
20240130,11:33:12,14.9,200,108000
20240130,11:33:30,14.7,150,108000
20240130,11:34:31,15.0,100,108000
20240130,11:35:12,15.15,50,108000
20240130,11:35:22,15.1,50,108000
20240130,11:36:11,15.35,150,107850
20240130,11:36:22,15.2,100,107850
20240130,11:36:44,15.15,100,107850
20240130,11:37:05,15.45,250,107850
20240130,11:37:52,15.4,250,107850
20240130,11:38:01,14.85,200,107850
20240130,11:38:20,14.85,200,107850
20240130,11:38:29,14.85,200,107850
20240130,11:39:31,14.9,100,107600
20240130,11:41:43,15.0,50,107600
20240130,11:43:37,15.3,100,107600
20240130,11:43:46,15.15,50,107600
20240130,11:46:04,15.1,50,107600
20240130,11:47:59,15.15,50,107600
20240130,11:48:43,15.05,100,107600
20240130,11:48:51,15.25,150,107600
20240130,11:49:09,15.05,50,107600
20240130,11:49:26,15.15,50,107600
20240130,11:51:04,15.15,450,107600
20240130,11:51:38,15.7,900,107600
20240130,11:54:17,15.65,50,108350
20240130,11:54:51,15.75,500,108350
20240130,11:55:07,15.9,450,108350
20240130,11:55:25,16.05,300,108350
20240130,11:56:08,16.0,1000,108350
20240130,11:59:04,16.1,50,110650
20240130,12:00:26,16.2,150,110600
20240130,12:01:04,16.2,50,110600
20240130,12:01:14,16.25,300,110600
20240130,12:02:07,16.55,100,110600
20240130,12:02:43,16.75,100,110900
20240130,12:03:28,16.75,50,110900
20240130,12:03:46,16.6,50,110900
20240130,12:13:22,16.15,50,111100
20240130,12:13:30,16.2,100,111100
20240130,12:13:38,16.3,50,111100
20240130,12:14:23,16.05,100,111100
20240130,12:26:23,16.15,150,111200
20240130,12:29:18,16.45,800,111300
20240130,12:32:43,16.3,50,111350
20240130,12:41:26,16.0,50,111350
20240130,12:43:40,15.55,50,111350
20240130,12:44:34,15.6,1050,111350
20240130,12:44:52,15.55,150,111350
20240130,12:45:08,15.5,250,111350
20240130,12:45:25,15.45,200,111350
20240130,12:46:01,15.55,50,111350
20240130,12:46:44,15.5,50,111350
20240130,12:47:28,15.35,50,111350
20240130,12:48:16,14.95,2150,111300
20240130,12:48:25,14.95,50,111300
20240130,12:50:26,15.0,500,111300
20240130,12:50:35,14.95,50,111300
20240130,12:50:43,15.0,1050,111300
20240130,12:51:09,15.0,400,114700
20240130,12:51:19,15.0,1000,114700
20240130,12:55:16,15.25,50,115950
20240130,12:56:09,15.1,50,115950
20240130,13:03:37,15.55,50,115900
20240130,13:04:27,15.5,50,115900
20240130,13:06:42,15.35,50,115900
20240130,13:08:53,15.1,50,115900
20240130,13:12:51,15.05,100,115900
20240130,13:13:26,15.05,300,115900
20240130,13:13:42,15.05,50,115900
20240130,13:13:58,15.05,50,115900
20240130,13:14:14,15.05,100,115900
20240130,13:15:05,15.0,100,115900
20240130,13:18:04,14.75,50,115950
20240130,13:21:15,14.45,100,115900
20240130,13:21:24,14.4,100,115900
20240130,13:21:44,14.35,50,115900
20240130,13:21:56,14.2,150,115900
20240130,13:22:33,14.0,1400,115900
20240130,13:22:55,14.0,1800,115900
20240130,13:23:05,14.0,200,115900
20240130,13:23:14,14.0,1400,115900
20240130,13:23:24,14.15,400,115900
20240130,13:30:23,14.35,50,120350
20240130,13:35:35,14.6,50,120350
20240130,13:37:39,14.4,50,120350
20240130,13:41:11,14.45,50,120350
20240130,13:41:20,14.35,50,120350
20240130,13:44:26,14.7,1000,120400
20240130,13:44:45,14.4,100,120400
20240130,13:44:54,14.4,50,120400
20240130,13:45:03,14.6,250,120750
20240130,13:45:11,14.45,300,120750
20240130,13:45:21,14.45,50,120750
20240130,13:45:30,14.4,50,120750
20240130,13:45:39,14.45,50,120750
20240130,13:45:56,14.5,50,120750
20240130,13:46:51,14.25,50,120750
20240130,13:47:38,14.15,50,120750
20240130,13:48:07,14.0,150,120900
20240130,13:48:18,14.1,400,120900
20240130,13:50:25,14.15,50,120900
20240130,13:51:08,14.05,250,120800
20240130,13:51:26,14.0,50,120800
20240130,13:55:46,13.9,50,120750
20240130,13:55:55,13.9,50,120750
20240130,13:56:04,13.95,100,120750
20240130,13:58:01,13.95,500,120950
20240130,13:58:28,14.0,250,120950
20240130,13:58:45,14.0,50,120950
20240130,13:59:03,14.05,50,120950
20240130,14:00:48,14.25,100,120450
20240130,14:00:57,14.3,50,120450
20240130,14:03:10,14.55,50,120450
20240130,14:04:00,14.7,550,120450
20240130,14:07:29,14.8,100,120450
20240130,14:07:48,14.85,100,120450
20240130,14:07:58,14.7,2750,120450
20240130,14:08:07,15.0,3100,120450
20240130,14:08:16,14.85,1050,120450
20240130,14:08:25,14.85,1000,120450
20240130,14:08:35,14.9,500,120450
20240130,14:08:44,14.85,3200,120450
20240130,14:08:53,14.8,2800,120450
20240130,14:09:04,14.9,1550,120550
20240130,14:09:15,14.8,1950,120550
20240130,14:09:26,14.55,1800,120550
20240130,14:09:38,14.55,1050,120550
20240130,14:09:48,14.85,1000,120550
20240130,14:09:57,14.9,2500,120550
20240130,14:10:07,14.6,100,120550
20240130,14:10:18,14.55,500,120550
20240130,14:10:28,14.55,500,120550
20240130,14:14:33,15.0,250,120400
20240130,14:15:06,14.9,50,120400
20240130,14:23:01,14.45,150,120250
20240130,14:23:31,14.5,100,120250
20240130,14:23:59,14.45,150,120250
20240130,14:25:46,14.15,150,120200
20240130,14:26:25,14.1,100,120200
20240130,14:28:23,13.9,50,119850
20240130,14:30:09,13.75,1350,119850
20240130,14:30:22,13.75,50,118500
20240130,14:30:35,13.7,100,118500
20240130,14:30:48,13.8,50,118500
20240130,14:31:32,13.6,150,118500
20240130,14:31:45,13.4,50,118500
20240130,14:32:11,13.4,150,118500
20240130,14:32:37,13.35,150,118500
20240130,14:33:32,13.35,50,118400
20240130,14:34:05,13.5,300,118400
20240130,14:34:30,13.7,50,118400
20240130,14:34:42,13.65,100,118400
20240130,14:35:35,13.55,50,118400
20240130,14:35:48,13.55,200,118400
20240130,14:36:48,13.55,200,118700
20240130,14:39:43,14.0,1500,118900
20240130,14:39:55,13.65,50,118900
20240130,14:45:52,13.5,50,119150
20240130,14:47:51,13.55,300,119150
20240130,14:48:03,13.4,200,119150
20240130,14:49:24,13.65,50,118950
20240130,14:50:03,13.3,50,118950
20240130,14:50:23,13.3,50,118950
20240130,14:50:33,13.25,50,118950
20240130,14:52:04,13.25,100,118900
20240130,14:53:35,13.15,150,118900
20240130,14:53:55,13.0,50,118900
20240130,14:54:37,13.0,100,118900
20240130,14:54:47,13.2,50,118900
20240130,14:56:28,13.05,50,118900
20240130,14:56:40,13.0,250,118900
20240130,14:56:58,12.85,100,118900
20240130,14:57:08,12.85,250,118900
20240130,14:57:18,12.85,50,118650
20240130,14:57:28,12.7,1450,118650
20240130,14:57:39,12.7,500,118650
20240130,14:57:48,12.65,1650,118650
20240130,14:58:46,12.65,500,118650
20240130,14:58:55,12.65,3500,118650
20240130,14:59:05,12.6,3000,118650
20240130,14:59:15,12.6,3500,118650
20240130,14:59:26,12.55,3500,118650
20240130,14:59:35,12.55,3500,118650
20240130,14:59:45,12.4,1600,118650
20240130,15:00:04,12.4,250,118650
20240130,15:00:26,12.75,800,118650
20240130,15:00:47,12.95,1300,118650
20240130,15:01:09,12.65,250,118650
20240130,15:01:22,12.8,100,118650
20240130,15:02:11,12.55,250,118650
20240130,15:02:34,12.4,100,118650
20240130,15:02:45,12.4,50,118650
20240130,15:02:55,12.3,1400,118650
20240130,15:03:05,12.3,900,118650
20240130,15:03:16,12.35,100,117450
20240130,15:03:39,12.4,100,117450
20240130,15:04:21,12.25,100,117450
20240130,15:04:52,12.25,250,117450
20240130,15:05:01,12.05,150,117450
20240130,15:06:46,11.9,1500,117300
20240130,15:08:28,11.9,550,117300
20240130,15:08:48,12.3,50,117300
20240130,15:08:59,13.1,800,117300
20240130,15:09:08,13.3,50,117300
20240130,15:09:38,13.4,50,117200
20240130,15:10:09,13.3,150,117200
20240130,15:11:41,13.45,50,117200
20240130,15:12:11,13.15,50,117200
20240130,15:12:31,13.1,250,117200
20240130,15:13:00,13.0,200,117200
20240130,15:14:09,12.8,50,117200
20240130,15:15:22,12.75,550,116950
20240130,15:15:33,12.55,200,116950
20240130,15:16:04,12.7,200,116950
20240130,15:16:16,12.6,250,116950
20240130,15:17:50,12.35,50,116950
20240130,15:18:01,12.4,50,116950
20240130,15:18:33,12.5,50,116600
20240130,15:19:13,12.55,350,116600
20240130,15:19:34,12.5,50,116600
20240130,15:19:52,12.5,50,116600
20240130,15:20:02,12.6,650,116600
20240130,15:25:25,13.05,150,117350
20240130,15:25:44,12.85,850,117350
20240130,15:25:54,12.8,50,117350
20240130,15:26:06,12.85,50,117350
20240130,15:27:03,13.1,450,117350
20240130,15:27:23,13.1,50,117250
20240130,15:28:38,13.25,400,117250
20240130,15:28:58,13.4,100,117250
20240130,15:29:33,13.5,50,117250
20240131,09:15:07,14.0,1,116900
20240131,09:15:07,14.0,50,116900
20240131,09:15:16,13.45,150,116900
20240131,09:15:38,12.0,200,116900
20240131,09:17:24,11.65,200,116900
20240131,09:17:37,11.4,250,116900
20240131,09:18:27,11.4,50,116900
20240131,09:18:34,11.5,250,116900
20240131,09:18:41,11.5,100,116900
20240131,09:19:04,11.6,300,116900
20240131,09:19:22,11.55,50,116900
20240131,09:19:31,11.65,50,116900
20240131,09:19:48,11.65,100,116900
20240131,09:20:16,11.65,100,116900
20240131,09:20:59,11.9,50,117100
20240131,09:22:57,11.9,50,117100
20240131,09:23:49,11.85,50,117050
20240131,09:23:58,11.9,50,117050
20240131,09:24:07,11.9,300,117050
20240131,09:24:16,11.85,250,117050
20240131,09:24:24,11.9,50,117050
20240131,09:24:33,11.9,100,117050
20240131,09:24:42,11.9,50,117050
20240131,09:25:17,11.9,50,117050
20240131,09:25:42,11.9,50,117050
20240131,09:25:51,11.95,100,117050
20240131,09:26:01,12.2,700,117050
20240131,09:26:10,11.95,50,117050
20240131,09:26:20,11.95,50,117050
20240131,09:26:29,11.85,50,117050
20240131,09:27:03,11.85,200,117350
20240131,09:27:12,12.0,50,117350
20240131,09:27:20,11.8,200,117350
20240131,09:28:08,11.95,350,117350
20240131,09:29:31,12.05,50,117700
20240131,09:29:41,12.0,100,117700
20240131,09:29:51,12.05,100,117700
20240131,09:30:01,12.15,100,117700
20240131,09:30:10,12.0,200,117700
20240131,09:30:48,12.05,50,117700
20240131,09:31:06,12.05,150,117700
20240131,09:31:16,11.95,400,117700
20240131,09:31:25,11.95,50,117700
20240131,09:34:44,12.0,200,117850
20240131,09:34:55,12.0,150,117850
20240131,09:35:06,11.95,50,117850
20240131,09:35:53,11.95,50,117950
20240131,09:36:55,11.9,200,117950
20240131,09:37:06,11.8,50,117950
20240131,09:37:35,11.75,50,117950
20240131,09:38:02,12.0,200,117950
20240131,09:38:28,11.7,50,117950
20240131,09:38:45,11.7,3150,118100
20240131,09:39:03,11.75,50,118100
20240131,09:39:21,11.8,750,118100
20240131,09:39:39,11.8,150,118100
20240131,09:39:48,11.8,50,118100
20240131,09:40:05,11.8,150,118100
20240131,09:40:14,11.7,200,118100
20240131,09:40:51,11.8,350,118100
20240131,09:43:18,11.9,50,121300
20240131,09:44:00,11.9,50,121300
20240131,09:44:21,11.9,50,121300
20240131,09:45:26,11.8,50,121300
20240131,09:45:55,11.75,50,121300
20240131,09:46:41,11.75,50,121300
20240131,09:46:50,11.75,50,121300
20240131,09:49:11,11.7,50,121300
20240131,09:49:30,11.65,1900,121300
20240131,09:49:39,11.6,50,121300
20240131,09:49:58,11.7,1800,121300
20240131,09:50:06,11.7,1400,121300
20240131,09:52:04,11.75,150,126200
20240131,09:54:20,11.7,400,126050
20240131,09:55:02,11.65,50,126050
20240131,09:56:58,11.5,50,125850
20240131,09:59:08,11.35,50,125850
20240131,10:00:09,11.35,50,125900
20240131,10:01:04,11.25,400,125900
20240131,10:02:33,11.2,500,125800
20240131,10:03:44,11.45,1000,125800
20240131,10:03:54,11.55,100,125800
20240131,10:04:03,11.5,500,125800
20240131,10:04:12,11.5,250,125800
20240131,10:04:21,11.5,3050,125800
20240131,10:04:30,11.5,1100,125800
20240131,10:04:39,11.5,800,125800
20240131,10:04:47,11.5,50,125800
20240131,10:04:56,11.5,3000,125800
20240131,10:05:06,11.45,1900,125800
20240131,10:05:16,11.45,500,125800
20240131,10:05:35,11.5,200,135500
20240131,10:05:45,11.5,50,135500
20240131,10:05:54,11.55,1850,135500
20240131,10:06:03,11.55,200,135500
20240131,10:06:38,11.75,1350,135500
20240131,10:07:05,11.75,50,135500
20240131,10:09:25,11.8,200,135700
20240131,10:09:35,11.8,100,135700
20240131,10:09:54,11.7,650,135700
20240131,10:12:05,11.85,150,135500
20240131,10:14:55,12.0,1800,135500
20240131,10:15:03,12.0,200,135500
20240131,10:15:37,12.0,1800,135500
20240131,10:15:47,12.0,200,135500
20240131,10:16:06,11.95,50,135500
20240131,10:16:17,12.0,1050,135500
20240131,10:16:46,12.05,250,135500
20240131,10:18:33,12.35,50,140450
20240131,10:18:42,12.3,300,140450
20240131,10:19:18,12.15,50,140450
20240131,10:20:01,12.15,500,140450
20240131,10:20:18,12.15,500,140450
20240131,10:22:00,12.0,400,140450
20240131,10:22:08,12.0,300,140450
20240131,10:22:17,12.05,150,140450
20240131,10:22:25,12.05,200,140450
20240131,10:23:06,12.0,150,140450
20240131,10:24:29,11.85,50,140450
20240131,10:25:55,11.75,350,140450
20240131,10:27:12,11.65,150,140450
20240131,10:27:21,11.7,50,140450
20240131,10:27:30,11.75,50,140450
20240131,10:29:57,11.65,200,140450
20240131,10:30:22,11.7,50,140450
20240131,10:33:03,11.8,150,140450
20240131,10:33:52,11.85,1050,140450
20240131,10:34:02,11.85,50,140450
20240131,10:35:53,12.0,400,140450
20240131,10:36:01,12.15,600,140450
20240131,10:36:34,12.05,200,140450
20240131,10:36:53,12.1,250,140450
20240131,10:37:31,12.25,100,140450
20240131,10:38:05,12.35,100,140450
20240131,10:40:52,12.25,350,140450
20240131,10:43:48,12.3,300,140450
20240131,10:44:14,12.25,300,140450
20240131,10:46:43,12.2,50,140550
20240131,10:47:23,12.15,200,140550
20240131,10:47:32,12.2,200,140550
20240131,10:48:03,12.2,50,140750
20240131,10:50:04,12.4,250,140750
20240131,10:50:29,12.4,50,140750
20240131,10:50:52,12.45,150,141050
20240131,10:52:04,12.45,50,141050
20240131,10:52:35,12.5,350,141050
20240131,10:57:05,13.0,50,141050
20240131,11:01:23,12.65,50,141050
20240131,11:01:54,12.65,400,141050
20240131,11:02:40,12.65,100,141050
20240131,11:02:47,12.6,50,141050
20240131,11:03:03,12.65,50,141050
20240131,11:03:25,12.65,100,141050
20240131,11:03:32,12.65,50,141050
20240131,11:05:56,12.65,250,141050
20240131,11:08:35,12.75,150,141050
20240131,11:10:36,12.8,50,141050
20240131,11:12:29,12.7,50,141050
20240131,11:13:03,12.6,600,141050
20240131,11:15:25,12.75,50,141050
20240131,11:15:42,12.75,150,141050
20240131,11:15:50,12.7,50,141050
20240131,11:17:23,12.75,150,141050
20240131,11:17:32,12.7,350,141050
20240131,11:20:06,12.7,300,141050
20240131,11:21:14,12.65,100,141300
20240131,11:23:41,12.65,50,141300
20240131,11:23:57,12.6,300,141350
20240131,11:26:53,12.5,50,141100
20240131,11:33:13,13.0,50,141150
20240131,11:38:09,12.8,50,141150
20240131,11:38:17,12.75,50,141150
20240131,11:38:35,12.7,50,141150
20240131,11:38:44,12.65,100,141150
20240131,11:39:27,12.75,400,141200
20240131,11:39:51,12.75,550,141200
20240131,11:40:51,12.8,50,141200
20240131,11:41:47,12.95,1000,141200
20240131,11:42:11,12.85,500,141300
20240131,11:43:00,12.85,1000,141300
20240131,11:43:25,12.75,500,141300
20240131,11:44:14,12.7,500,141300
20240131,11:44:30,12.7,250,141300
20240131,11:45:20,12.8,1250,140950
20240131,11:45:36,12.7,300,140950
20240131,11:46:08,12.6,50,140950
20240131,11:47:54,12.75,1000,141000
20240131,11:52:34,13.0,50,141000
20240131,11:54:53,13.0,400,141000
20240131,11:59:36,13.05,50,140700
20240131,12:01:37,12.95,50,140700
20240131,12:02:51,13.05,500,140700
20240131,12:03:15,13.2,50,140600
20240131,12:04:08,13.1,50,140600
20240131,12:06:04,13.15,50,140600
20240131,12:06:33,13.1,300,140600
20240131,12:06:43,13.05,100,140600
20240131,12:08:25,13.3,500,140600
20240131,12:08:33,13.3,150,140600
20240131,12:09:04,13.3,150,140350
20240131,12:11:14,12.7,100,140350
20240131,12:16:54,12.5,500,140150
20240131,12:17:48,12.2,50,140150
20240131,12:18:49,12.0,700,140150
20240131,12:19:07,11.95,150,140150
20240131,12:21:05,12.2,50,140150
20240131,12:22:16,12.25,50,140150
20240131,12:22:32,12.2,250,140150
20240131,12:23:04,12.35,50,140150
20240131,12:24:12,12.45,50,140150
20240131,12:26:52,12.45,900,140150
20240131,12:27:01,12.35,50,140000
20240131,12:27:18,12.35,300,140000
20240131,12:28:36,11.7,50,140000
20240131,12:29:16,11.65,50,140000
20240131,12:31:02,11.75,100,139950
20240131,12:34:26,12.3,150,139950
20240131,12:36:48,12.2,50,139950
20240131,12:36:56,12.25,50,139950
20240131,12:40:29,12.2,200,139950
20240131,12:41:11,12.15,300,139950
20240131,12:42:16,12.2,50,139950
20240131,12:43:23,12.0,500,139950
20240131,12:44:46,11.7,300,139950
20240131,12:44:55,11.95,300,139950
20240131,12:46:03,11.75,50,140000
20240131,12:46:21,11.85,100,140000
20240131,12:50:13,11.95,1450,139950
20240131,12:50:29,12.05,650,139950
20240131,12:50:37,12.0,650,139950
20240131,12:50:46,12.05,350,139950
20240131,12:51:03,12.05,200,139950
20240131,12:51:12,11.95,50,139950
20240131,12:53:25,12.1,100,139950
20240131,12:53:43,12.0,1000,139950
20240131,12:53:51,11.95,550,139950
20240131,12:55:34,11.95,750,139950
20240131,12:55:43,12.0,50,139950
20240131,13:00:43,12.15,50,139950
20240131,13:00:52,12.2,50,139950
20240131,13:01:09,12.05,50,139950
20240131,13:01:51,12.25,50,139950
20240131,13:03:24,12.35,50,139950
20240131,13:05:58,12.4,50,139950
20240131,13:07:34,12.65,50,139950
20240131,13:08:21,12.45,200,139950
20240131,13:10:20,12.4,50,139950
20240131,13:12:21,12.55,100,139950
20240131,13:19:39,12.5,50,140000
20240131,13:19:56,12.55,50,140000
20240131,13:20:22,12.6,50,140000
20240131,13:24:21,12.35,50,140000
20240131,13:27:57,12.4,100,140000
20240131,13:29:24,12.2,1000,140000
20240131,13:30:29,12.35,200,140950
20240131,13:32:17,12.7,100,140950
20240131,13:32:34,12.8,50,140950
20240131,13:33:09,12.9,50,140950
20240131,13:33:18,12.95,50,141150
20240131,13:35:53,12.7,50,141150
20240131,13:36:46,12.5,50,141150
20240131,13:37:02,12.55,100,141150
20240131,13:37:27,12.6,50,141150
20240131,13:37:45,12.5,50,141150
20240131,13:38:01,12.45,50,141150
20240131,13:39:01,12.3,300,141150
20240131,13:39:44,12.25,50,141150
20240131,13:40:18,12.1,50,141150
20240131,13:41:29,12.0,50,141150
20240131,13:44:08,12.4,250,141150
20240131,13:47:14,12.25,50,140950
20240131,13:49:54,12.15,100,140950
20240131,13:54:53,12.55,50,141000
20240131,14:05:18,12.8,200,141000
20240131,14:06:04,12.9,50,141000
20240131,14:06:50,12.75,50,141000
20240131,14:13:15,12.95,100,141050
20240131,14:16:40,12.8,300,141050
20240131,14:19:21,12.8,50,141050
20240131,14:21:39,12.65,50,141050
20240131,14:22:25,12.7,200,141050
20240131,14:27:40,12.15,200,141050
20240131,14:28:54,12.15,550,141050
20240131,14:29:20,12.25,50,141050
20240131,14:31:56,12.15,600,141050
20240131,14:32:04,12.15,500,141050
20240131,14:33:52,12.1,100,141000
20240131,14:42:35,12.2,500,141050
20240131,14:44:01,12.25,1200,141050
20240131,14:46:59,12.5,100,142250
20240131,14:47:15,12.7,100,142250
20240131,14:48:23,12.9,250,142300
20240131,14:48:31,12.95,200,142300
20240131,14:48:39,12.8,100,142300
20240131,14:48:48,13.15,450,142300
20240131,14:48:56,13.2,350,142300
20240131,14:49:36,13.15,50,142300
20240131,14:49:44,13.25,750,142300
