date,time,tick_price,volume,open_interest
20240206,13:27:49,3.0,150,3250
20240206,13:27:55,3.0,300,3250
20240206,13:28:02,3.05,2800,3250
20240206,13:28:52,2.95,300,3250
20240206,14:04:37,2.95,150,3250
20240206,14:10:43,3.0,1000,3250
20240206,15:06:35,3.0,150,4200
20240206,15:07:13,3.0,50,4200
20240206,15:25:56,3.0,500,4300
20240207,09:16:28,2.4,1,4300
20240207,09:16:28,2.35,100,4300
20240207,09:16:41,2.6,50,4350
20240207,09:17:28,2.6,50,4350
20240207,09:17:40,2.35,50,4350
20240207,09:18:37,2.55,100,4350
20240207,09:22:16,2.65,200,4400
20240207,09:25:14,2.65,100,4400
20240207,09:31:36,2.65,150,4400
20240207,09:31:47,2.6,100,4550
20240207,09:31:57,2.6,50,4550
20240207,09:41:49,2.5,50,4550
20240207,09:47:09,2.55,50,4550
20240207,10:05:28,2.55,50,4550
20240207,10:22:41,2.4,200,4550
20240207,10:24:36,2.5,150,4750
20240207,10:27:48,2.5,50,4550
20240207,10:31:13,2.7,50,4550
20240207,10:32:14,2.7,150,4600
20240207,10:32:28,2.55,400,4600
20240207,10:32:35,2.45,1250,4600
20240207,10:32:54,2.45,50,4600
20240207,10:33:03,2.45,50,4600
20240207,10:33:12,2.45,50,4600
20240207,10:33:21,2.45,100,4600
20240207,10:37:22,2.45,50,3150
20240207,11:05:35,2.6,150,3100
20240207,11:06:12,2.6,100,3100
20240207,11:06:40,2.75,100,3100
20240207,11:07:02,2.75,50,3100
20240207,11:10:07,2.55,50,3350
20240207,11:15:45,2.4,150,3300
20240207,11:44:31,2.5,50,3150
20240207,11:47:15,2.4,200,3100
20240207,11:47:31,2.4,50,3100
20240207,11:47:40,2.4,50,3100
20240207,11:49:11,2.4,50,3100
20240207,11:49:27,2.4,50,3100
20240207,11:55:55,2.4,50,2700
20240207,12:03:52,2.35,50,2700
20240207,12:11:14,2.35,50,2700
20240207,12:30:14,2.3,250,2700
20240207,12:30:20,2.4,100,2700
20240207,12:30:44,2.25,100,2700
20240207,12:34:37,2.25,50,2900
20240207,12:37:36,2.25,50,2900
20240207,12:38:46,2.25,50,2850
20240207,12:40:26,2.25,1800,2850
20240207,12:40:40,2.25,1000,2850
20240207,12:40:47,2.25,100,2850
20240207,12:41:31,2.15,1500,4300
20240207,12:41:53,2.15,50,4300
20240207,12:41:59,2.15,550,4300
20240207,12:45:44,2.35,50,3300
20240207,12:47:09,2.35,50,3250
20240207,12:47:48,2.35,50,3250
20240207,12:48:25,2.35,50,3250
20240207,12:50:05,2.35,500,3200
20240207,12:50:16,2.4,100,3200
20240207,13:34:00,2.3,50,2700
20240207,13:34:23,2.3,50,2700
20240207,13:42:27,2.15,200,2700
20240207,13:43:39,2.1,50,2700
20240207,14:01:51,2.05,50,2800
20240207,14:02:18,1.85,200,2800
20240207,14:05:09,1.85,50,2800
20240207,14:21:03,1.9,50,2600
20240207,14:34:14,1.95,100,2600
20240207,14:34:54,1.95,150,2600
20240207,14:35:01,1.95,50,2600
20240207,14:37:33,1.9,50,2400
20240207,14:39:00,1.95,50,2450
20240207,14:39:15,1.95,50,2450
20240207,14:40:09,1.9,50,2450
20240207,14:40:55,2.0,150,2450
20240207,14:48:41,1.95,50,2400
20240207,14:50:13,1.9,150,2400
20240207,14:51:37,1.85,100,2300
20240207,14:59:50,1.9,50,2300
20240207,15:00:01,1.9,50,2300
20240207,15:05:38,1.8,100,2200
20240207,15:10:29,1.75,50,2200
20240207,15:11:20,1.75,50,2200
20240207,15:13:26,1.75,50,2300
20240207,15:17:02,1.9,150,2350
20240207,15:17:08,1.85,200,2350
20240207,15:17:14,1.85,300,2350
20240207,15:17:20,1.85,500,2350
20240207,15:17:26,1.85,50,2850
20240207,15:18:39,1.8,50,2850
20240207,15:19:07,1.9,250,2850
20240207,15:19:21,1.85,100,2850
20240207,15:23:16,1.95,50,3050
20240207,15:23:21,1.95,200,3050
20240207,15:23:26,2.0,100,3350
20240207,15:23:40,2.0,50,3350
20240207,15:23:45,1.85,200,3350
20240207,15:28:14,1.8,100,3350
20240207,15:28:32,1.8,100,3350
20240208,09:15:07,1.55,1,3250
20240208,09:15:07,1.55,50,3250
20240208,09:15:18,1.7,150,3250
20240208,09:15:37,1.7,100,3250
20240208,09:15:45,1.7,50,3250
20240208,09:15:53,1.65,50,3250
20240208,09:16:00,1.65,50,3250
20240208,09:16:15,1.65,200,3250
20240208,09:16:24,1.7,200,3250
20240208,09:16:32,1.7,100,3250
20240208,09:16:48,1.7,100,4050
20240208,09:17:20,1.75,100,4050
20240208,09:17:31,1.8,400,4050
20240208,09:17:51,1.75,250,4050
20240208,09:25:19,1.9,100,4150
20240208,09:25:49,1.9,100,4150
20240208,09:32:03,1.7,650,4150
20240208,09:32:12,1.7,200,4150
20240208,09:32:30,1.7,50,4150
20240208,09:32:40,1.7,50,4150
20240208,09:32:59,1.7,50,4150
20240208,09:33:59,1.7,100,4150
20240208,09:34:08,1.75,350,4150
20240208,09:34:28,1.7,100,4150
20240208,09:34:56,1.8,150,4600
20240208,09:36:35,1.7,50,4600
20240208,09:36:45,1.7,50,4600
20240208,09:37:04,1.75,250,4600
20240208,09:37:22,1.75,550,4600
20240208,09:37:49,1.7,100,5250
20240208,09:37:58,1.75,750,5250
20240208,09:38:29,1.8,50,5250
20240208,09:39:31,1.8,50,5250
20240208,09:40:01,1.8,450,5250
20240208,09:44:38,1.75,50,6200
20240208,09:46:48,1.8,50,6200
20240208,09:47:08,1.8,50,6250
20240208,09:57:03,1.8,1000,6250
20240208,09:59:29,1.75,50,6850
20240208,10:03:16,1.8,50,6850
20240208,10:03:44,1.8,50,6850
20240208,10:04:30,1.8,50,6850
20240208,10:04:48,1.8,50,6850
20240208,10:04:59,1.8,100,7050
20240208,10:06:56,1.8,100,7050
20240208,10:08:43,1.85,200,7100
20240208,10:09:23,1.85,100,7100
20240208,10:09:51,1.85,50,7100
20240208,10:10:00,1.85,50,7100
20240208,10:10:10,1.9,50,7100
20240208,10:15:46,1.75,600,7200
20240208,10:15:56,1.75,150,7200
20240208,10:16:16,1.75,50,7200
20240208,10:16:25,1.75,100,7200
20240208,10:20:11,1.7,50,6300
20240208,10:20:20,1.7,50,6300
20240208,10:20:28,1.75,150,6300
20240208,10:24:01,1.7,50,6300
20240208,10:24:09,1.7,50,6300
20240208,10:25:06,1.85,150,6300
20240208,10:26:40,1.65,100,6450
20240208,10:27:07,1.6,50,6450
20240208,10:28:16,1.6,50,6450
20240208,10:33:20,1.65,100,6350
20240208,10:48:29,1.8,50,6350
20240208,10:56:48,1.6,500,6400
20240208,10:57:28,1.65,100,6400
20240208,10:57:39,1.65,100,6400
20240208,10:57:51,1.65,150,6400
20240208,10:58:02,1.65,50,6400
20240208,10:59:18,1.65,50,6000
20240208,11:03:34,1.85,250,5950
20240208,11:04:23,1.85,50,5950
20240208,11:04:32,1.9,50,5950
20240208,11:04:42,1.9,100,5950
20240208,11:04:51,1.9,50,5950
20240208,11:05:35,1.9,50,5850
20240208,11:06:05,1.75,400,5850
20240208,11:08:15,1.65,100,5450
20240208,11:09:50,1.8,50,5450
20240208,11:10:17,1.9,100,5450
20240208,11:10:45,1.95,50,5450
20240208,11:10:55,1.95,100,5450
20240208,11:15:17,1.9,200,5300
20240208,11:15:35,1.95,200,5300
20240208,11:17:18,1.75,100,5250
20240208,11:17:27,1.75,50,5250
20240208,11:17:35,1.8,100,5250
20240208,11:18:23,1.8,50,5250
20240208,11:18:48,1.8,50,5250
20240208,11:18:56,1.8,50,5250
20240208,11:21:27,1.65,500,4950
20240208,11:27:37,1.75,150,4450
20240208,11:27:55,1.65,150,4450
20240208,11:28:14,1.75,150,4450
20240208,11:28:40,1.75,100,4450
20240208,11:28:48,1.7,50,4450
20240208,11:28:58,1.75,100,4450
20240208,11:29:32,1.75,50,5150
20240208,11:30:14,1.75,50,5150
20240208,11:30:22,1.75,350,5150
20240208,11:30:39,1.8,200,5150
20240208,11:30:47,1.7,100,5150
20240208,11:30:55,1.75,100,5150
20240208,11:31:04,1.7,100,5150
20240208,11:32:09,1.75,50,5700
20240208,11:32:25,1.8,100,5700
20240208,11:34:20,1.75,50,5700
20240208,11:34:34,1.75,50,5700
20240208,11:34:42,1.8,100,5700
20240208,11:34:58,1.75,50,5700
20240208,11:37:55,1.6,50,5750
20240208,11:38:02,1.6,50,5750
20240208,11:38:11,1.6,100,5750
20240208,11:42:16,1.75,100,5750
20240208,11:42:30,1.75,150,5750
20240208,11:42:37,1.85,450,5750
20240208,11:42:44,1.7,1200,5750
20240208,11:42:52,1.8,750,5750
20240208,11:43:07,1.9,750,5750
20240208,11:43:16,1.85,500,5750
20240208,11:43:24,1.85,350,5750
20240208,11:43:39,1.85,100,5750
20240208,11:43:47,1.8,100,5750
20240208,11:44:00,1.85,100,5750
20240208,11:44:16,1.85,100,7450
20240208,11:45:47,1.85,50,7450
20240208,11:47:09,1.8,50,7550
20240208,11:47:15,1.8,50,7550
20240208,11:48:32,1.75,200,7550
20240208,11:50:05,1.8,200,7550
20240208,11:51:50,1.75,250,7400
20240208,11:53:06,1.75,50,7400
20240208,11:53:55,1.7,50,7350
20240208,12:06:15,1.7,150,7300
20240208,12:12:49,1.7,50,7200
20240208,12:13:04,1.75,100,7200
20240208,12:16:21,1.75,50,7250
20240208,12:16:27,1.75,250,7250
20240208,12:17:24,1.75,50,7500
20240208,12:19:22,1.75,300,7500
20240208,12:21:46,1.75,100,7400
20240208,12:23:24,1.8,100,7350
20240208,12:23:38,1.8,50,7350
20240208,12:24:05,1.75,100,7350
20240208,12:25:31,1.75,50,7350
20240208,12:25:38,1.75,50,7350
20240208,12:26:05,1.7,200,7350
20240208,12:26:11,1.7,100,7350
20240208,12:26:18,1.7,50,7200
20240208,12:27:37,1.65,250,7200
20240208,12:27:43,1.65,200,7200
20240208,12:27:54,1.65,50,7200
20240208,12:28:00,1.65,50,7200
20240208,12:28:11,1.6,100,7200
20240208,12:28:34,1.6,100,7200
20240208,12:32:00,1.55,150,6550
20240208,12:41:02,1.7,150,6400
20240208,12:41:48,1.7,50,6400
20240208,12:41:58,1.7,50,6400
20240208,12:42:05,1.7,50,6400
20240208,12:42:35,1.7,50,6400
20240208,12:42:45,1.7,50,6400
20240208,12:43:28,1.7,50,6400
20240208,12:44:24,1.7,100,6700
20240208,12:47:54,1.7,50,6700
20240208,12:49:55,1.7,100,6700
20240208,12:50:16,1.7,300,6700
20240208,13:03:14,1.65,200,7000
20240208,13:03:23,1.65,200,7000
20240208,13:03:37,1.65,50,7000
20240208,13:08:59,1.65,50,7150
20240208,13:09:43,1.6,50,7150
20240208,13:10:01,1.6,50,7150
20240208,13:10:12,1.6,50,7150
20240208,13:11:06,1.65,100,7150
20240208,13:11:54,1.65,50,7450
20240208,13:12:16,1.65,100,7450
20240208,13:12:20,1.65,850,7450
20240208,13:12:47,1.65,850,7450
20240208,13:13:14,1.65,150,7450
20240208,13:13:19,1.7,50,7450
20240208,13:15:59,1.7,200,9500
20240208,13:16:46,1.65,50,9500
20240208,13:19:40,1.7,600,9750
20240208,13:19:58,1.7,50,9750
20240208,13:20:03,1.7,50,9750
20240208,13:20:49,1.65,50,10150
20240208,13:20:54,1.65,50,10150
20240208,13:20:58,1.65,50,10150
20240208,13:21:56,1.65,50,10150
20240208,13:23:02,1.7,50,10150
20240208,13:23:10,1.7,50,10150
20240208,13:24:13,1.75,3100,10300
20240208,13:25:55,1.75,1000,10300
20240208,13:28:16,1.7,100,10400
20240208,13:30:58,1.7,50,10300
20240208,13:31:18,1.75,350,10300
20240208,13:32:06,1.7,50,10300
20240208,13:34:43,1.75,300,10600
20240208,13:34:49,1.75,50,10600
20240208,13:35:27,1.75,50,10650
20240208,13:39:45,1.75,50,10650
20240208,13:40:03,1.8,50,10650
20240208,13:40:48,1.8,200,10650
20240208,13:41:00,1.8,300,10650
20240208,13:42:07,1.8,100,10800
20240208,13:42:52,1.8,50,10800
20240208,13:43:24,1.7,50,10800
20240208,13:43:35,1.8,1200,10800
20240208,13:45:53,1.8,100,11200
20240208,13:46:19,1.7,100,11200
20240208,13:46:22,1.7,50,11200
20240208,13:46:25,1.7,100,11200
20240208,13:47:29,1.7,100,11050
20240208,13:47:33,1.75,50,11050
20240208,13:47:37,1.75,50,11050
20240208,13:47:48,1.8,500,11050
20240208,13:47:58,1.8,150,11050
20240208,13:48:06,1.85,650,11050
20240208,13:48:21,1.8,50,11050
20240208,13:48:30,1.8,50,11050
20240208,13:51:30,1.8,50,10550
20240208,13:53:20,1.8,100,10550
20240208,13:53:47,1.85,100,10450
20240208,13:54:06,1.75,200,10450
20240208,13:55:49,1.7,150,10450
20240208,13:55:55,1.65,150,10450
20240208,13:56:00,1.7,100,10450
20240208,13:56:32,1.7,50,9900
20240208,14:00:58,1.75,50,9850
20240208,14:01:40,1.75,50,9850
20240208,14:01:50,1.75,50,9850
20240208,14:03:28,1.75,200,9950
20240208,14:04:06,1.75,450,9950
20240208,14:04:47,1.75,250,9950
20240208,14:04:56,1.75,50,9950
20240208,14:06:11,1.8,50,10050
20240208,14:07:12,1.85,150,10050
20240208,14:12:43,1.9,850,10200
20240208,14:13:07,1.9,50,10200
20240208,14:13:27,1.85,100,10200
20240208,14:13:39,1.95,400,10200
20240208,14:13:46,1.95,100,10200
20240208,14:14:09,2.0,50,10200
20240208,14:14:18,2.0,100,10200
20240208,14:14:27,2.0,250,10200
20240208,14:15:34,2.05,100,11100
20240208,14:15:43,2.15,100,11100
20240208,14:16:39,2.1,50,11100
20240208,14:16:47,2.1,50,11100
20240208,14:16:55,2.1,100,11100
20240208,14:17:11,2.15,250,11100
20240208,14:19:02,2.05,400,11100
20240208,14:21:43,2.15,150,11150
20240208,14:23:00,2.0,50,11150
20240208,14:23:06,2.05,50,11150
20240208,14:23:27,2.05,50,11150
20240208,14:24:17,2.1,50,11150
20240208,14:26:12,2.1,300,11150
20240208,14:26:51,2.15,50,11400
20240208,14:27:16,2.05,50,11400
20240208,14:27:25,2.05,300,11400
20240208,14:27:51,2.05,100,11400
20240208,14:27:59,2.1,150,11400
20240208,14:29:47,2.1,550,11550
20240208,14:31:29,2.15,50,11550
20240208,14:31:56,2.2,100,11550
20240208,14:32:05,2.2,100,11550
20240208,14:33:32,2.25,50,12300
20240208,14:34:02,2.25,50,12300
20240208,14:34:40,2.15,50,12300
20240208,14:35:02,2.25,50,12300
20240208,14:35:09,2.2,100,12300
20240208,14:35:24,2.2,50,12300
20240208,14:35:41,2.25,300,12350
20240208,14:36:29,2.25,50,12350
20240208,14:36:46,2.25,50,12350
20240208,14:37:32,2.2,200,12350
20240208,14:37:50,2.25,50,12350
20240208,14:39:10,2.2,50,12100
20240208,14:39:27,2.2,100,12100
20240208,14:39:36,2.2,500,12100
20240208,14:39:44,2.15,150,12100
20240208,14:40:01,2.15,50,12100
20240208,14:40:34,2.2,50,12100
20240208,14:40:51,2.2,50,12100
20240208,14:40:59,2.15,50,12100
20240208,14:41:08,2.15,100,12100
20240208,14:42:15,2.15,50,11900
20240208,14:45:40,2.15,50,11950
20240208,14:45:56,2.2,100,11950
20240208,14:49:30,2.05,150,12100
20240208,14:50:10,2.0,600,12100
20240208,14:50:18,2.05,300,12100
20240208,14:51:10,2.0,200,11450
20240208,14:52:56,2.1,50,11450
20240208,14:54:42,2.0,700,11350
20240208,14:54:49,2.05,50,11350
20240208,14:54:56,2.05,50,11350
20240208,14:55:11,2.05,100,11350
20240208,15:00:05,2.1,400,11700
20240208,15:00:14,2.05,200,11700
20240208,15:01:26,2.05,50,11700
20240208,15:01:53,2.05,50,11700
20240208,15:02:14,2.1,250,11700
20240208,15:02:23,2.15,450,11700
20240208,15:02:33,2.15,50,11700
20240208,15:03:12,2.15,100,10900
20240208,15:03:22,2.25,350,10900
20240208,15:03:41,2.15,50,10900
20240208,15:04:27,2.15,50,10900
20240208,15:05:03,2.05,350,10900
20240208,15:05:32,2.05,100,10900
20240208,15:05:41,2.05,50,10500
20240208,15:05:58,2.05,150,10500
20240208,15:06:06,2.05,50,10500
20240208,15:06:25,2.05,50,10500
20240208,15:06:50,2.0,200,10500
20240208,15:07:17,2.1,100,10500
20240208,15:07:44,2.0,100,10500
20240208,15:08:46,2.0,50,10700
20240208,15:08:55,2.0,50,10700
20240208,15:09:20,2.35,2200,10700
20240208,15:09:39,2.0,150,10700
20240208,15:09:49,2.05,300,10700
20240208,15:09:57,2.05,350,10700
20240208,15:10:50,2.4,1300,10700
20240208,15:11:07,2.15,500,10700
20240208,15:11:57,2.1,100,12400
20240208,15:12:05,2.05,200,12400
20240208,15:12:22,2.05,200,12400
20240208,15:12:30,2.05,50,12400
20240208,15:12:38,2.1,50,12400
20240208,15:13:02,2.0,200,12400
20240208,15:13:10,2.05,250,12400
20240208,15:13:50,2.05,100,12400
20240208,15:13:59,2.0,150,12400
20240208,15:14:07,2.05,100,12400
20240208,15:14:15,2.05,250,12400
20240208,15:15:07,2.05,50,11950
20240208,15:15:16,2.05,100,11950
20240208,15:15:32,2.05,50,11950
20240208,15:15:41,2.05,50,11950
20240208,15:15:49,2.05,50,11950
20240208,15:16:05,2.05,100,11950
20240208,15:16:45,2.05,200,11950
20240208,15:17:56,2.2,250,11950
20240208,15:18:19,2.0,400,11800
20240208,15:18:26,2.05,6600,11800
20240208,15:18:50,2.05,1850,11800
20240208,15:18:57,2.15,1000,11800
20240208,15:19:05,2.05,50,11800
20240208,15:19:28,2.1,200,11800
20240208,15:19:44,2.1,600,11800
20240208,15:19:53,2.1,50,11800
20240208,15:20:10,2.1,500,11800
20240208,15:20:19,2.1,50,11800
20240208,15:20:51,2.05,300,20900
20240208,15:21:15,2.05,50,20900
20240208,15:21:31,2.0,100,20900
20240208,15:22:46,2.0,50,20900
20240208,15:23:26,1.95,150,20900
20240208,15:24:25,1.95,50,20900
20240208,15:24:48,1.95,300,20900
20240208,15:25:52,1.9,50,20900
20240208,15:26:16,1.95,50,20900
20240208,15:26:42,1.85,3600,20900
20240208,15:26:50,1.9,100,17900
20240208,15:27:06,1.95,100,17900
20240208,15:27:33,1.9,50,17900
20240208,15:27:43,1.9,600,17900
20240208,15:28:11,1.9,450,17900
20240208,15:28:29,1.9,50,17900
20240208,15:28:47,2.0,600,17900
20240208,15:28:56,2.0,50,17900
20240208,15:29:04,1.95,50,17900
20240208,15:29:13,1.95,50,17900
20240208,15:29:30,1.95,100,17900
20240208,15:29:49,2.0,150,17100
20240208,15:29:58,2.0,50,17100
20240209,09:15:03,2.05,1,17100
20240209,09:15:03,2.05,100,17100
20240209,09:15:04,2.1,450,17100
20240209,09:15:05,2.1,500,17100
20240209,09:15:06,2.0,3150,17100
20240209,09:15:07,2.15,600,17100
20240209,09:15:08,2.3,1600,17100
20240209,09:15:09,2.0,600,17100
20240209,09:15:10,1.95,450,17100
20240209,09:15:11,2.0,450,17100
20240209,09:15:12,2.0,100,17100
20240209,09:15:13,2.0,450,17100
20240209,09:15:14,2.0,50,17100
20240209,09:15:15,1.9,500,17100
20240209,09:15:18,1.9,50,17100
20240209,09:15:40,1.85,50,17100
20240209,09:15:41,1.85,600,17100
20240209,09:15:42,1.9,100,17100
20240209,09:15:47,1.9,100,17100
20240209,09:16:03,1.85,50,17100
20240209,09:16:04,1.85,600,17100
20240209,09:16:05,1.85,1450,17100
20240209,09:16:08,1.8,50,17100
20240209,09:16:21,1.8,50,23650
20240209,09:16:24,1.85,1350,23650
20240209,09:16:25,1.85,100,23650
20240209,09:16:33,1.8,100,23650
20240209,09:16:34,1.8,50,23650
20240209,09:16:36,1.85,50,23650
20240209,09:17:00,1.85,100,23650
20240209,09:17:05,1.8,100,23650
20240209,09:17:10,1.85,250,23650
20240209,09:17:13,1.85,50,23650
20240209,09:17:15,1.85,500,23650
20240209,09:17:17,1.85,250,23650
20240209,09:17:22,1.85,50,23650
20240209,09:17:23,1.85,200,23650
20240209,09:17:30,1.85,1000,23650
20240209,09:17:31,1.85,6800,23650
20240209,09:17:32,1.85,400,23650
20240209,09:17:34,1.9,250,23650
20240209,09:17:41,1.9,250,23650
20240209,09:17:45,1.9,1800,23650
20240209,09:17:46,1.9,300,23650
20240209,09:17:51,1.9,550,23650
20240209,09:17:52,1.9,700,23650
20240209,09:17:53,1.9,2000,23650
20240209,09:17:54,1.95,3950,23650
20240209,09:17:55,2.0,1900,23650
20240209,09:17:58,1.95,100,23650
20240209,09:18:03,1.95,1600,23650
20240209,09:18:05,1.95,100,23650
20240209,09:18:11,1.9,900,23650
20240209,09:18:12,1.95,50,23650
20240209,09:18:24,1.9,100,23650
20240209,09:18:31,1.85,2150,23650
20240209,09:18:34,1.85,100,23650
20240209,09:18:44,1.8,200,23650
20240209,09:18:59,1.8,1050,23650
20240209,09:19:03,1.8,50,23650
20240209,09:19:15,1.75,700,23650
20240209,09:19:20,1.75,200,33500
20240209,09:19:38,1.7,50,33500
20240209,09:19:40,1.7,2000,33500
20240209,09:19:42,1.65,50,33500
20240209,09:19:49,1.65,100,33500
20240209,09:19:59,1.65,200,33500
20240209,09:20:00,1.7,100,33500
20240209,09:20:06,1.7,2650,33500
20240209,09:20:15,1.65,150,33500
20240209,09:20:16,1.65,350,33500
20240209,09:20:28,1.7,150,33500
20240209,09:21:31,1.7,1000,33500
20240209,09:21:32,1.65,50,33500
20240209,09:21:33,1.7,1550,33500
20240209,09:21:35,1.7,5300,33500
20240209,09:21:36,1.7,100,33500
20240209,09:21:37,1.7,50,33500
20240209,09:21:48,1.75,50,33500
20240209,09:21:49,1.75,600,33500
20240209,09:21:52,1.75,600,33500
20240209,09:21:54,1.75,250,33500
20240209,09:21:55,1.75,100,33500
20240209,09:21:59,1.75,200,33500
20240209,09:22:01,1.75,50,33500
20240209,09:22:03,1.75,250,33500
20240209,09:22:04,1.8,2000,33500
20240209,09:22:05,1.8,350,33500
20240209,09:22:13,1.8,250,33500
20240209,09:22:15,1.8,50,33500
20240209,09:22:30,1.75,550,38350
20240209,09:22:32,1.7,250,38350
20240209,09:23:06,1.7,50,38350
20240209,09:23:09,1.7,50,38350
20240209,09:23:20,1.7,50,38350
20240209,09:23:33,1.65,350,38350
20240209,09:24:09,1.65,50,38350
20240209,09:24:11,1.65,100,38350
20240209,09:24:38,1.65,50,38350
20240209,09:24:50,1.65,50,38350
20240209,09:24:51,1.65,50,38350
20240209,09:25:00,1.65,1800,38350
20240209,09:25:10,1.6,50,38350
20240209,09:26:22,1.6,1150,38350
20240209,09:26:37,1.6,100,37850
20240209,09:26:41,1.6,100,37850
20240209,09:27:51,1.6,50,37850
20240209,09:27:53,1.65,50,37850
20240209,09:28:13,1.65,50,37850
20240209,09:28:20,1.65,100,37850
20240209,09:28:22,1.6,500,37850
20240209,09:28:26,1.65,50,37850
20240209,09:28:27,1.65,50,37850
20240209,09:28:54,1.65,50,37850
20240209,09:29:00,1.6,100,37850
20240209,09:29:08,1.65,650,37850
20240209,09:29:17,1.65,250,37850
20240209,09:29:30,1.65,50,37850
20240209,09:31:09,1.7,300,37850
20240209,09:31:16,1.6,50,37850
20240209,09:32:09,1.6,200,38400
20240209,09:32:34,1.55,1800,38400
20240209,09:32:42,1.55,1800,38400
20240209,09:32:45,1.55,1800,38400
20240209,09:32:49,1.55,1950,38400
20240209,09:32:50,1.55,450,38400
20240209,09:32:52,1.55,300,38400
20240209,09:32:53,1.55,150,38400
20240209,09:32:54,1.6,150,38400
20240209,09:32:55,1.6,300,38400
20240209,09:33:10,1.6,300,38400
20240209,09:33:11,1.55,1800,38400
20240209,09:33:48,1.5,300,38400
20240209,09:33:56,1.5,600,38400
20240209,09:33:57,1.55,400,38400
20240209,09:34:00,1.55,400,38400
20240209,09:34:01,1.55,400,38400
20240209,09:34:02,1.55,500,38400
20240209,09:34:03,1.55,1800,38400
20240209,09:34:23,1.55,500,38400
20240209,09:34:49,1.5,50,39050
20240209,09:34:58,1.55,1600,39050
20240209,09:35:01,1.55,1600,39050
20240209,09:35:04,1.55,900,39050
20240209,09:35:16,1.55,200,39050
20240209,09:36:12,1.55,500,39050
20240209,09:36:25,1.55,500,39050
20240209,09:36:36,1.55,50,39050
20240209,09:36:46,1.55,50,39050
20240209,09:36:47,1.55,50,39050
20240209,09:36:48,1.55,50,39050
20240209,09:36:50,1.55,50,39050
20240209,09:37:28,1.55,1200,39050
20240209,09:37:28,1.55,600,40050
20240209,09:37:29,1.55,600,40050
20240209,09:37:31,1.55,1200,40050
20240209,09:37:32,1.55,250,40050
20240209,09:37:36,1.55,700,40050
20240209,09:37:37,1.55,100,40050
20240209,09:37:38,1.6,50,40050
20240209,09:38:09,1.6,1800,40050
20240209,09:38:10,1.6,450,40050
20240209,09:38:35,1.6,50,40050
20240209,09:38:39,1.6,100,40050
20240209,09:38:40,1.65,50,40050
20240209,09:38:41,1.65,50,40050
20240209,09:38:42,1.65,50,40050
20240209,09:38:43,1.65,50,40050
20240209,09:38:44,1.65,50,40050
20240209,09:38:45,1.65,50,40050
20240209,09:38:46,1.65,50,40050
20240209,09:38:55,1.65,1800,40050
20240209,09:39:12,1.6,50,40050
20240209,09:39:52,1.65,450,40050
20240209,09:39:53,1.65,50,40050
20240209,09:39:54,1.65,50,40050
20240209,09:39:55,1.65,50,40050
20240209,09:39:56,1.65,50,40050
20240209,09:39:57,1.65,50,40050
20240209,09:39:58,1.65,100,40050
20240209,09:39:59,1.65,100,40050
20240209,09:40:00,1.65,50,40050
20240209,09:40:01,1.65,50,40050
20240209,09:40:02,1.65,100,40050
20240209,09:40:03,1.65,50,40050
20240209,09:40:04,1.65,50,40050
20240209,09:40:05,1.65,50,40050
20240209,09:40:06,1.65,100,40050
20240209,09:40:07,1.65,150,40050
20240209,09:40:08,1.65,50,40050
20240209,09:40:09,1.65,50,40050
20240209,09:40:10,1.65,750,40050
20240209,09:40:11,1.7,350,40050
20240209,09:40:12,1.7,150,40050
20240209,09:40:13,1.7,150,40050
20240209,09:40:14,1.65,450,40050
20240209,09:40:17,1.7,150,40050
20240209,09:40:18,1.7,150,40050
20240209,09:40:19,1.7,150,40050
20240209,09:40:20,1.7,150,40050
20240209,09:40:21,1.7,150,44800
20240209,09:40:22,1.7,150,44800
20240209,09:40:23,1.65,200,44800
20240209,09:40:24,1.65,200,44800
20240209,09:40:25,1.7,150,44800
20240209,09:40:26,1.7,150,44800
20240209,09:40:27,1.7,150,44800
20240209,09:40:28,1.7,200,44800
20240209,09:40:29,1.7,200,44800
20240209,09:40:30,1.7,200,44800
20240209,09:40:31,1.7,300,44800
20240209,09:40:33,1.75,50,44800
20240209,09:40:34,1.75,50,44800
20240209,09:40:35,1.75,50,44800
20240209,09:40:36,1.75,50,44800
20240209,09:40:37,1.75,50,44800
20240209,09:40:38,1.75,50,44800
20240209,09:40:39,1.75,100,44800
20240209,09:40:40,1.75,50,44800
20240209,09:40:41,1.75,500,44800
20240209,09:40:42,1.75,100,44800
20240209,09:40:43,1.7,500,44800
20240209,09:40:44,1.75,50,44800
20240209,09:40:45,1.75,50,44800
20240209,09:40:46,1.75,50,44800
20240209,09:40:47,1.75,50,44800
20240209,09:40:48,1.75,50,44800
20240209,09:40:49,1.75,50,44800
20240209,09:40:50,1.75,50,44800
20240209,09:40:54,1.75,50,44800
20240209,09:40:55,1.75,50,44800
20240209,09:40:56,1.75,50,44800
20240209,09:40:57,1.75,50,44800
20240209,09:40:58,1.75,1500,44800
20240209,09:40:59,1.75,50,44800
20240209,09:41:00,1.7,450,44800
20240209,09:41:02,1.7,50,44800
20240209,09:41:03,1.7,450,44800
20240209,09:41:04,1.75,50,44800
20240209,09:41:05,1.75,50,44800
20240209,09:41:06,1.75,50,44800
20240209,09:41:07,1.75,50,44800
20240209,09:41:08,1.75,50,44800
20240209,09:41:09,1.7,850,44800
20240209,09:41:10,1.7,850,44800
20240209,09:41:11,1.7,400,44800
20240209,09:41:12,1.75,50,44800
20240209,09:41:13,1.75,50,44800
20240209,09:41:14,1.75,50,44800
20240209,09:41:15,1.75,50,44800
20240209,09:41:16,1.75,50,44800
20240209,09:41:17,1.75,50,44800
20240209,09:41:18,1.75,50,44800
20240209,09:41:19,1.7,850,44800
20240209,09:41:21,1.7,300,44800
20240209,09:41:22,1.75,900,44800
20240209,09:41:23,1.75,50,44800
20240209,09:41:24,1.75,50,44800
20240209,09:41:36,1.7,500,44800
20240209,09:41:37,1.7,150,44800
20240209,09:41:44,1.7,150,44800
20240209,09:41:45,1.7,300,44800
20240209,09:41:46,1.7,1550,44800
20240209,09:41:59,1.7,50,44800
20240209,09:42:08,1.7,50,44800
20240209,09:42:10,1.7,50,44800
20240209,09:42:11,1.7,50,44800
20240209,09:42:12,1.7,50,44800
20240209,09:42:13,1.7,50,44800
20240209,09:42:14,1.7,50,44800
20240209,09:42:15,1.7,300,44800
20240209,09:42:16,1.7,50,44800
20240209,09:42:17,1.7,800,44800
20240209,09:42:22,1.7,250,44800
20240209,09:42:27,1.7,200,44800
20240209,09:42:32,1.7,300,44800
20240209,09:42:53,1.7,3300,44800
20240209,09:42:54,1.75,2100,44800
20240209,09:42:58,1.7,50,44800
20240209,09:43:05,1.75,50,44800
20240209,09:43:08,1.7,50,44800
20240209,09:43:12,1.7,50,44800
20240209,09:43:16,1.7,1450,44800
20240209,09:44:13,1.65,50,44800
20240209,09:44:18,1.65,50,54650
20240209,09:44:20,1.65,1450,54650
20240209,09:44:44,1.7,1800,54650
20240209,09:45:21,1.65,50,54650
20240209,09:46:09,1.7,200,54650
20240209,09:46:10,1.7,50,54650
20240209,09:46:11,1.7,50,54650
20240209,09:46:13,1.7,800,54650
20240209,09:47:00,1.7,50,57450
20240209,09:47:02,1.7,50,57450
20240209,09:47:03,1.7,50,57450
20240209,09:47:04,1.7,200,57450
20240209,09:47:05,1.7,200,57450
20240209,09:47:06,1.7,200,57450
20240209,09:47:07,1.7,200,57450
20240209,09:47:09,1.7,300,57450
20240209,09:47:11,1.75,100,57450
20240209,09:47:12,1.75,200,57450
20240209,09:47:13,1.75,200,57450
20240209,09:47:14,1.75,200,57450
20240209,09:47:16,1.75,200,57450
20240209,09:47:52,1.7,800,57450
20240209,09:48:16,1.7,800,57450
20240209,09:48:16,1.7,1250,57450
20240209,09:48:30,1.7,250,57450
20240209,09:48:36,1.7,50,57450
20240209,09:48:38,1.7,50,57450
20240209,09:48:39,1.7,50,57450
20240209,09:48:55,1.7,50,57450
20240209,09:48:58,1.75,50,57450
20240209,09:48:59,1.7,100,57450
20240209,09:49:03,1.75,50,57450
20240209,09:49:05,1.7,850,57450
20240209,09:49:06,1.75,250,57450
20240209,09:49:07,1.7,200,57450
20240209,09:49:08,1.75,50,57450
20240209,09:49:09,1.7,250,57450
20240209,09:49:10,1.75,50,57450
20240209,09:49:12,1.75,100,57450
20240209,09:49:13,1.75,50,57450
20240209,09:49:14,1.75,50,57450
20240209,09:49:15,1.75,50,57450
20240209,09:49:16,1.75,50,57450
20240209,09:49:17,1.75,50,57450
20240209,09:49:19,1.75,50,57450
20240209,09:49:20,1.75,100,57450
20240209,09:49:21,1.7,200,57450
20240209,09:49:22,1.75,150,57450
20240209,09:49:23,1.7,800,60500
20240209,09:49:24,1.75,150,60500
20240209,09:49:27,1.75,50,60500
20240209,09:49:28,1.75,50,60500
20240209,09:49:29,1.75,50,60500
20240209,09:49:30,1.75,50,60500
20240209,09:49:31,1.75,50,60500
20240209,09:49:32,1.75,250,60500
20240209,09:49:33,1.75,50,60500
20240209,09:50:03,1.7,100,60500
20240209,09:50:04,1.75,100,60500
20240209,09:50:06,1.75,50,60500
20240209,09:50:07,1.75,50,60500
20240209,09:50:08,1.75,50,60500
20240209,09:50:09,1.75,50,60500
20240209,09:50:10,1.75,50,60500
20240209,09:50:11,1.75,50,60500
20240209,09:50:12,1.75,50,60500
20240209,09:50:13,1.75,50,60500
20240209,09:50:14,1.75,50,60500
20240209,09:50:15,1.75,50,60500
20240209,09:50:18,1.7,1050,60500
20240209,09:51:04,1.75,50,60500
20240209,09:51:05,1.75,50,60500
20240209,09:51:06,1.75,200,60500
20240209,09:51:07,1.75,200,60500
20240209,09:51:08,1.75,200,60500
20240209,09:51:09,1.75,200,60500
20240209,09:51:10,1.75,200,60500
20240209,09:51:11,1.75,200,60500
20240209,09:51:12,1.75,200,60500
20240209,09:51:13,1.75,200,60500
20240209,09:51:14,1.75,200,60500
20240209,09:51:15,1.75,200,60500
20240209,09:51:40,1.75,50,60500
20240209,09:51:41,1.75,50,60500
20240209,09:51:43,1.75,150,60500
20240209,09:52:16,1.75,450,60500
20240209,09:52:36,1.75,1050,60500
20240209,09:52:42,1.75,300,61950
20240209,09:52:44,1.75,150,61950
20240209,09:52:50,1.75,100,61950
20240209,09:52:55,1.7,500,61950
20240209,09:52:56,1.75,800,61950
20240209,09:52:57,1.75,50,61950
20240209,09:52:58,1.7,150,61950
20240209,09:52:59,1.7,50,61950
20240209,09:53:00,1.7,50,61950
20240209,09:53:01,1.7,50,61950
20240209,09:53:02,1.7,200,61950
20240209,09:53:03,1.7,200,61950
20240209,09:53:04,1.7,2000,61950
20240209,09:53:05,1.65,200,61950
20240209,09:53:06,1.65,50,61950
20240209,09:53:07,1.65,50,61950
20240209,09:53:08,1.65,50,61950
20240209,09:53:09,1.65,50,61950
20240209,09:53:10,1.65,50,61950
20240209,09:53:11,1.65,50,61950
20240209,09:53:12,1.65,200,61950
20240209,09:53:13,1.65,200,61950
20240209,09:53:14,1.65,350,61950
20240209,09:53:15,1.65,200,61950
20240209,09:53:16,1.7,100,61950
20240209,09:53:17,1.65,200,61950
20240209,09:53:18,1.65,200,61950
20240209,09:53:19,1.65,200,61950
20240209,09:53:20,1.65,200,61950
20240209,09:53:21,1.65,200,61950
20240209,09:53:22,1.65,200,61950
20240209,09:53:23,1.65,200,61950
20240209,09:53:24,1.65,200,61950
20240209,09:53:25,1.65,200,61950
20240209,09:53:26,1.65,350,61950
20240209,09:53:27,1.65,200,61950
20240209,09:53:28,1.65,200,61950
20240209,09:53:29,1.65,200,61950
20240209,09:53:30,1.65,500,61950
20240209,09:53:31,1.65,200,61950
20240209,09:53:34,1.7,50,61950
20240209,09:53:35,1.7,250,61950
20240209,09:53:36,1.65,50,61950
20240209,09:53:37,1.7,300,61950
20240209,09:53:39,1.7,550,61950
20240209,09:53:40,1.7,1050,61950
20240209,09:53:44,1.7,200,61950
20240209,09:53:45,1.7,100,61950
20240209,09:53:46,1.7,150,61950
20240209,09:53:47,1.7,200,61950
20240209,09:53:48,1.7,250,61950
20240209,09:54:03,1.7,50,61950
20240209,09:54:04,1.7,200,61950
20240209,09:54:05,1.7,200,61950
20240209,09:54:06,1.65,350,61950
20240209,09:54:07,1.65,200,61950
20240209,09:54:08,1.65,200,61950
20240209,09:54:09,1.65,200,61950
20240209,09:54:10,1.65,200,61950
20240209,09:54:11,1.65,200,61950
20240209,09:54:12,1.65,200,61950
20240209,09:54:13,1.65,200,61950
20240209,09:54:14,1.65,200,61950
20240209,09:54:15,1.7,350,61950
20240209,09:54:16,1.65,1250,61950
20240209,09:54:19,1.65,250,61950
20240209,09:54:20,1.6,200,61950
20240209,09:54:21,1.6,200,61950
20240209,09:54:22,1.6,200,61950
20240209,09:54:23,1.6,150,61950
20240209,09:54:24,1.6,200,61950
20240209,09:54:25,1.6,150,61950
20240209,09:54:26,1.6,150,61950
20240209,09:54:27,1.6,150,61950
20240209,09:54:28,1.6,150,61950
20240209,09:54:29,1.6,150,61950
20240209,09:54:30,1.65,350,61950
20240209,09:54:42,1.65,250,61950
20240209,09:55:04,1.65,100,61950
20240209,09:55:37,1.6,50,61950
20240209,09:55:48,1.65,200,50200
20240209,09:55:49,1.65,1800,50200
20240209,09:56:01,1.65,50,50200
20240209,09:58:17,1.7,50,50200
20240209,09:58:30,1.7,100,50200
20240209,09:58:37,1.7,1500,48250
20240209,09:58:54,1.7,200,48250
20240209,09:58:56,1.7,600,48250
20240209,09:59:37,1.75,1000,48250
20240209,09:59:39,1.75,100,48250
20240209,09:59:40,1.8,200,48250
20240209,09:59:41,1.8,50,48250
20240209,09:59:42,1.8,50,48250
20240209,09:59:42,1.8,1550,48250
20240209,09:59:43,1.8,50,48250
20240209,09:59:44,1.8,50,48250
20240209,09:59:45,1.8,50,48250
20240209,09:59:46,1.8,50,48250
20240209,09:59:48,1.8,250,48250
20240209,09:59:49,1.8,150,48250
20240209,09:59:52,1.8,50,48250
20240209,09:59:53,1.8,50,48250
20240209,09:59:54,1.8,200,48250
20240209,09:59:56,1.8,400,48250
20240209,09:59:57,1.8,50,48250
20240209,09:59:58,1.8,50,48250
20240209,09:59:59,1.8,50,48250
20240209,10:00:00,1.8,50,48250
20240209,10:00:01,1.8,50,48250
20240209,10:00:03,1.8,250,48250
20240209,10:00:04,1.8,200,48250
20240209,10:00:05,1.8,250,48250
20240209,10:00:06,1.8,250,48250
20240209,10:00:07,1.85,200,48250
20240209,10:00:08,1.85,200,48250
20240209,10:00:09,1.85,200,48250
20240209,10:00:10,1.85,300,48250
20240209,10:00:11,1.85,750,48250
20240209,10:00:13,1.85,200,48250
20240209,10:00:14,1.85,50,48250
20240209,10:00:15,1.85,50,48250
20240209,10:00:16,1.85,50,48250
20240209,10:00:18,1.85,100,48250
20240209,10:00:19,1.85,50,48250
20240209,10:00:20,1.85,50,48250
20240209,10:00:21,1.85,50,48250
20240209,10:00:23,1.85,100,48250
20240209,10:00:24,1.85,50,48250
20240209,10:00:25,1.85,2400,48250
20240209,10:00:26,1.85,1700,48250
20240209,10:00:29,1.9,50,48250
20240209,10:00:30,1.9,200,48250
20240209,10:00:31,1.9,200,48250
20240209,10:00:32,1.9,200,48250
20240209,10:00:34,1.9,50,48250
20240209,10:00:36,1.9,250,48250
20240209,10:00:37,1.9,450,48250
20240209,10:00:38,1.9,50,48250
20240209,10:00:39,1.9,200,48250
20240209,10:00:40,1.95,2000,48250
20240209,10:00:41,1.9,600,48250
20240209,10:00:42,1.95,200,48250
20240209,10:00:43,1.9,2200,48250
20240209,10:00:44,1.95,600,48250
20240209,10:00:45,1.95,200,48250
20240209,10:00:46,1.95,50,48250
20240209,10:00:47,1.95,50,48250
20240209,10:00:48,1.95,50,48250
20240209,10:00:49,1.95,100,48250
20240209,10:00:50,2.0,150,48250
20240209,10:00:51,2.0,1800,48250
20240209,10:01:07,2.05,50,48250
20240209,10:01:08,2.05,50,48250
20240209,10:01:09,2.1,250,48250
20240209,10:01:10,2.1,200,48250
20240209,10:01:11,2.1,1050,48250
20240209,10:01:12,2.15,200,48250
20240209,10:01:13,2.15,200,48250
20240209,10:01:14,2.15,850,48250
20240209,10:01:16,2.15,350,48250
20240209,10:01:18,2.15,50,48250
20240209,10:01:27,2.1,150,58650
20240209,10:01:34,2.05,3050,58650
20240209,10:01:47,2.0,50,58650
20240209,10:01:51,2.0,200,58650
20240209,10:01:52,2.0,400,58650
20240209,10:01:53,2.0,200,58650
20240209,10:02:02,1.95,600,58650
20240209,10:02:09,1.95,50,58650
20240209,10:02:13,1.95,400,58650
20240209,10:02:14,1.95,900,58650
20240209,10:02:19,1.95,150,58650
20240209,10:02:28,1.9,50,58650
20240209,10:02:29,1.9,50,58650
20240209,10:02:30,1.9,200,58650
20240209,10:02:31,1.9,950,58650
20240209,10:02:32,1.85,250,58650
20240209,10:02:35,1.85,50,58650
20240209,10:02:36,1.85,50,58650
20240209,10:02:37,1.85,50,58650
20240209,10:02:38,1.8,50,58650
20240209,10:02:39,1.85,150,58650
20240209,10:02:40,1.8,50,58650
20240209,10:02:41,1.8,50,58650
20240209,10:02:42,1.8,50,58650
20240209,10:02:43,1.8,50,58650
20240209,10:02:44,1.85,200,58650
20240209,10:02:45,1.8,50,58650
20240209,10:02:46,1.8,50,58650
20240209,10:02:47,1.8,300,58650
20240209,10:02:48,1.8,200,58650
20240209,10:02:49,1.8,200,58650
20240209,10:02:50,1.8,50,58650
20240209,10:02:51,1.8,50,58650
20240209,10:02:52,1.8,400,58650
20240209,10:02:54,1.8,650,58650
20240209,10:02:55,1.75,50,58650
20240209,10:02:56,1.75,200,58650
20240209,10:02:57,1.75,200,58650
20240209,10:02:58,1.75,200,58650
20240209,10:02:59,1.75,200,58650
20240209,10:03:01,1.75,450,58650
20240209,10:03:02,1.75,50,58650
20240209,10:03:04,1.7,150,58650
20240209,10:03:05,1.7,200,58650
20240209,10:03:06,1.7,200,58650
20240209,10:03:07,1.7,200,58650
20240209,10:03:08,1.7,300,58650
20240209,10:03:09,1.7,200,58650
20240209,10:03:10,1.7,200,58650
20240209,10:03:13,1.7,50,58650
20240209,10:03:14,1.7,100,58650
20240209,10:03:15,1.7,50,58650
20240209,10:03:16,1.7,200,58650
20240209,10:03:17,1.7,200,58650
20240209,10:03:18,1.7,50,58650
20240209,10:03:20,1.7,50,58650
20240209,10:03:21,1.7,50,58650
20240209,10:03:22,1.7,150,58650
20240209,10:03:24,1.75,600,58650
20240209,10:03:25,1.75,900,58650
20240209,10:03:27,1.75,1000,58650
20240209,10:03:31,1.75,1000,58650
20240209,10:03:34,1.75,450,58650
20240209,10:04:05,1.8,50,58650
20240209,10:04:06,1.8,50,58650
20240209,10:04:34,1.75,50,53550
20240209,10:04:49,1.75,300,53550
20240209,10:06:02,1.7,50,53550
20240209,10:06:04,1.7,50,53550
20240209,10:06:07,1.7,50,53550
20240209,10:06:09,1.7,50,53550
20240209,10:06:10,1.7,50,53550
20240209,10:06:11,1.7,50,53550
20240209,10:06:12,1.7,50,53550
20240209,10:06:13,1.7,50,53550
20240209,10:06:18,1.65,50,53550
20240209,10:06:31,1.65,50,53550
20240209,10:06:32,1.65,50,53550
20240209,10:06:33,1.65,50,53550
20240209,10:06:34,1.65,200,53550
20240209,10:06:35,1.65,200,53550
20240209,10:06:36,1.65,200,53550
20240209,10:06:37,1.65,200,53550
20240209,10:06:37,1.65,150,53550
20240209,10:06:38,1.65,200,53550
20240209,10:06:39,1.6,250,53550
20240209,10:06:40,1.6,200,53550
20240209,10:06:41,1.6,200,53550
20240209,10:06:42,1.6,200,53550
20240209,10:06:43,1.6,950,53550
20240209,10:06:44,1.6,1150,53550
20240209,10:06:45,1.6,150,53550
20240209,10:06:46,1.6,150,53550
20240209,10:06:47,1.6,150,53550
20240209,10:06:48,1.6,150,53550
20240209,10:06:49,1.6,150,53550
20240209,10:06:50,1.6,150,53550
20240209,10:06:51,1.6,150,53550
20240209,10:08:33,1.6,50,52450
20240209,10:08:37,1.6,200,52450
20240209,10:08:38,1.6,50,52450
20240209,10:08:45,1.6,200,52450
20240209,10:09:03,1.6,200,52450
20240209,10:09:16,1.6,700,52450
20240209,10:09:17,1.6,250,52450
20240209,10:09:19,1.6,600,52450
20240209,10:09:31,1.6,200,52450
20240209,10:09:33,1.6,1000,52450
20240209,10:09:42,1.65,50,52450
20240209,10:09:43,1.65,50,52450
20240209,10:09:44,1.65,50,52450
20240209,10:09:45,1.65,50,52450
20240209,10:09:46,1.65,50,52450
20240209,10:09:47,1.65,50,52450
20240209,10:09:52,1.65,50,52450
20240209,10:09:53,1.65,50,52450
20240209,10:09:54,1.65,50,52450
20240209,10:09:56,1.65,250,52450
20240209,10:09:57,1.65,200,52450
20240209,10:09:58,1.65,200,52450
20240209,10:10:00,1.65,200,52450
20240209,10:10:06,1.65,50,52450
20240209,10:10:07,1.65,50,52450
20240209,10:10:08,1.65,50,52450
20240209,10:10:10,1.65,100,52450
20240209,10:10:12,1.7,250,52450
20240209,10:10:13,1.7,200,52450
20240209,10:10:14,1.7,200,52450
20240209,10:10:15,1.7,50,52450
20240209,10:10:16,1.7,50,52450
20240209,10:10:17,1.7,50,52450
20240209,10:10:19,1.7,100,52450
20240209,10:10:20,1.7,200,52450
20240209,10:10:22,1.7,450,52450
20240209,10:10:23,1.7,200,52450
20240209,10:10:24,1.7,200,52450
20240209,10:10:25,1.7,200,52450
20240209,10:10:26,1.7,200,53150
20240209,10:10:27,1.7,50,53150
20240209,10:10:28,1.7,50,53150
20240209,10:10:29,1.7,50,53150
20240209,10:10:30,1.7,50,53150
20240209,10:10:31,1.7,50,53150
20240209,10:10:33,1.7,100,53150
20240209,10:10:34,1.7,50,53150
20240209,10:10:35,1.7,50,53150
20240209,10:10:36,1.7,50,53150
20240209,10:10:37,1.7,50,53150
20240209,10:10:38,1.7,50,53150
20240209,10:10:39,1.7,50,53150
20240209,10:10:40,1.7,50,53150
20240209,10:10:41,1.7,50,53150
20240209,10:10:42,1.7,50,53150
20240209,10:10:43,1.7,50,53150
20240209,10:10:44,1.7,200,53150
20240209,10:10:45,1.7,200,53150
20240209,10:10:47,1.7,200,53150
20240209,10:10:48,1.7,1300,53150
20240209,10:10:51,1.75,50,53150
20240209,10:10:53,1.75,400,53150
20240209,10:10:54,1.75,200,53150
20240209,10:10:55,1.75,200,53150
20240209,10:10:55,1.7,100,53150
20240209,10:10:56,1.7,300,53150
20240209,10:10:57,1.75,200,53150
20240209,10:10:58,1.75,200,53150
20240209,10:11:00,1.7,350,53150
20240209,10:11:03,1.75,200,53150
20240209,10:11:04,1.75,200,53150
20240209,10:11:05,1.75,350,53150
20240209,10:11:06,1.75,400,53150
20240209,10:11:07,1.75,850,53150
20240209,10:11:08,1.75,150,53150
20240209,10:11:09,1.75,50,53150
20240209,10:11:10,1.75,50,53150
20240209,10:11:12,1.75,100,53150
20240209,10:11:13,1.75,50,53150
20240209,10:11:14,1.75,50,53150
20240209,10:11:15,1.7,950,53150
20240209,10:11:16,1.75,50,53150
20240209,10:11:17,1.75,50,53150
20240209,10:11:18,1.75,50,53150
20240209,10:11:19,1.75,50,53150
20240209,10:11:20,1.75,50,53150
20240209,10:11:21,1.75,50,53150
20240209,10:11:22,1.75,50,53150
20240209,10:11:48,1.75,50,53150
20240209,10:11:49,1.75,50,53150
20240209,10:11:50,1.75,50,53150
20240209,10:11:51,1.75,50,53150
20240209,10:11:52,1.75,50,53150
20240209,10:11:53,1.75,50,53150
20240209,10:11:54,1.75,50,53150
20240209,10:11:55,1.75,50,53150
20240209,10:11:56,1.75,50,53150
20240209,10:11:57,1.75,50,53150
20240209,10:11:58,1.75,50,53150
20240209,10:11:59,1.75,100,53150
20240209,10:12:00,1.75,100,53150
20240209,10:12:01,1.8,100,53150
20240209,10:12:24,1.75,250,53150
20240209,10:12:35,1.8,50,53150
20240209,10:12:36,1.8,50,53150
20240209,10:12:42,1.8,50,53150
20240209,10:12:43,1.8,50,53150
20240209,10:12:44,1.8,50,53150
20240209,10:12:45,1.8,50,53150
20240209,10:12:46,1.8,50,53150
20240209,10:12:47,1.8,50,53150
20240209,10:12:55,1.75,250,53150
20240209,10:13:01,1.75,50,53150
20240209,10:13:16,1.75,50,53150
20240209,10:13:19,1.75,500,53150
20240209,10:13:21,1.75,50,53150
20240209,10:13:23,1.75,100,53150
20240209,10:13:49,1.8,50,53150
20240209,10:13:50,1.8,50,57250
20240209,10:13:51,1.8,50,57250
20240209,10:13:52,1.8,50,57250
20240209,10:13:53,1.8,150,57250
20240209,10:13:54,1.8,50,57250
20240209,10:13:55,1.8,50,57250
20240209,10:13:56,1.8,50,57250
20240209,10:13:57,1.8,50,57250
20240209,10:13:58,1.8,200,57250
20240209,10:13:59,1.8,200,57250
20240209,10:14:00,1.8,200,57250
20240209,10:14:02,1.8,50,57250
20240209,10:14:03,1.8,50,57250
20240209,10:14:04,1.8,50,57250
20240209,10:14:05,1.8,50,57250
20240209,10:14:06,1.8,50,57250
20240209,10:14:07,1.8,50,57250
20240209,10:14:08,1.8,50,57250
20240209,10:14:09,1.8,50,57250
20240209,10:14:10,1.8,100,57250
20240209,10:14:15,1.8,50,57250
20240209,10:14:16,1.8,50,57250
20240209,10:14:17,1.8,50,57250
20240209,10:14:18,1.8,250,57250
20240209,10:14:19,1.8,50,57250
20240209,10:14:20,1.8,300,57250
20240209,10:14:21,1.8,50,57250
20240209,10:14:22,1.8,50,57250
20240209,10:14:23,1.8,50,57250
20240209,10:14:24,1.8,200,57250
20240209,10:14:25,1.8,50,57250
20240209,10:14:26,1.8,100,57250
20240209,10:14:27,1.8,100,57250
20240209,10:14:28,1.8,50,57250
20240209,10:14:29,1.8,100,57250
20240209,10:14:30,1.8,300,57250
20240209,10:15:11,1.8,50,57250
20240209,10:15:47,1.8,50,57250
20240209,10:15:48,1.8,50,57250
20240209,10:15:49,1.8,50,57250
20240209,10:15:50,1.8,50,57250
20240209,10:15:51,1.8,50,57250
20240209,10:15:52,1.8,50,57250
20240209,10:15:53,1.8,50,57250
20240209,10:15:54,1.8,50,57250
20240209,10:15:55,1.8,50,57250
20240209,10:15:56,1.8,100,57250
20240209,10:15:57,1.8,50,57250
20240209,10:15:58,1.8,50,57250
20240209,10:15:59,1.8,50,57250
20240209,10:16:00,1.8,50,57250
20240209,10:16:01,1.8,100,57250
20240209,10:16:02,1.8,100,57250
20240209,10:16:03,1.85,850,57250
20240209,10:16:04,1.85,50,57250
20240209,10:16:05,1.85,50,57250
20240209,10:16:06,1.85,50,57250
20240209,10:16:07,1.85,50,57250
20240209,10:16:08,1.85,50,57250
20240209,10:16:09,1.85,50,57250
20240209,10:16:10,1.85,50,57250
20240209,10:16:11,1.85,50,57250
20240209,10:16:12,1.85,50,57250
20240209,10:16:13,1.85,200,57250
20240209,10:16:14,1.9,200,57250
20240209,10:16:15,1.85,50,57250
20240209,10:16:18,1.85,250,57250
20240209,10:16:19,1.85,1000,57250
20240209,10:16:20,1.85,250,57250
20240209,10:16:21,1.9,200,57250
20240209,10:16:22,1.85,450,57250
20240209,10:16:23,1.85,1250,57250
20240209,10:16:24,1.85,100,57250
20240209,10:16:25,1.9,50,57250
20240209,10:16:26,1.9,50,57250
20240209,10:16:27,1.9,50,60150
20240209,10:16:28,1.9,200,60150
20240209,10:16:29,1.9,200,60150
20240209,10:16:30,1.9,200,60150
20240209,10:16:31,1.9,850,60150
20240209,10:16:32,1.85,200,60150
20240209,10:16:34,1.85,1750,60150
20240209,10:16:35,1.85,450,60150
20240209,10:16:38,1.85,250,60150
20240209,10:16:39,1.9,200,60150
20240209,10:16:40,1.85,50,60150
20240209,10:16:42,1.85,250,60150
20240209,10:16:44,1.85,200,60150
20240209,10:16:45,1.85,500,60150
20240209,10:16:47,1.9,50,60150
20240209,10:16:48,1.9,50,60150
20240209,10:16:49,1.9,50,60150
20240209,10:16:50,1.9,50,60150
20240209,10:16:51,1.9,50,60150
20240209,10:16:52,1.9,50,60150
20240209,10:16:53,1.9,50,60150
20240209,10:16:54,1.9,50,60150
20240209,10:16:55,1.9,50,60150
20240209,10:16:56,1.9,50,60150
20240209,10:16:57,1.9,50,60150
20240209,10:16:58,1.9,50,60150
20240209,10:16:59,1.9,50,60150
20240209,10:17:00,1.9,50,60150
20240209,10:17:01,1.9,50,60150
20240209,10:17:02,1.9,50,60150
20240209,10:17:03,1.9,50,60150
20240209,10:17:04,1.9,50,60150
20240209,10:17:05,1.9,50,60150
20240209,10:17:06,1.85,450,60150
20240209,10:17:07,1.85,50,60150
20240209,10:17:08,1.85,50,60150
20240209,10:17:09,1.85,50,60150
20240209,10:17:10,1.85,50,60150
20240209,10:17:11,1.85,150,60150
20240209,10:17:12,1.85,50,60150
20240209,10:17:13,1.85,50,60150
20240209,10:17:14,1.85,50,60150
20240209,10:17:15,1.85,50,60150
20240209,10:17:16,1.85,50,60150
20240209,10:17:20,1.85,250,60150
20240209,10:17:40,1.85,50,60150
20240209,10:17:50,1.85,250,60150
20240209,10:17:51,1.85,50,60150
20240209,10:17:54,1.85,50,60150
20240209,10:17:55,1.85,50,60150
20240209,10:17:56,1.85,50,60150
20240209,10:17:57,1.85,50,60150
20240209,10:17:58,1.85,50,60150
20240209,10:17:59,1.85,50,60150
20240209,10:18:00,1.85,100,60150
20240209,10:18:01,1.85,50,60150
20240209,10:18:02,1.85,50,60150
20240209,10:18:03,1.85,300,60150
20240209,10:18:06,1.9,50,60150
20240209,10:18:08,1.9,50,60150
20240209,10:18:09,1.9,50,60150
20240209,10:18:10,1.9,50,60150
20240209,10:18:11,1.9,50,60150
20240209,10:18:12,1.9,50,60150
20240209,10:18:13,1.9,50,60150
20240209,10:18:14,1.9,200,60150
20240209,10:18:15,1.9,200,60150
20240209,10:18:16,1.9,200,60150
20240209,10:18:20,1.9,50,60150
20240209,10:18:21,1.9,50,60150
20240209,10:18:22,1.9,50,60150
20240209,10:18:23,1.9,50,60150
20240209,10:18:24,1.9,50,60150
20240209,10:18:25,1.9,50,60150
20240209,10:18:26,1.9,50,60150
20240209,10:18:27,1.9,50,60150
20240209,10:18:28,1.9,50,60150
20240209,10:18:29,1.9,50,60150
20240209,10:18:30,1.9,50,60150
20240209,10:18:31,1.9,50,60150
20240209,10:18:32,1.9,50,60150
20240209,10:18:33,1.9,200,60150
20240209,10:18:34,1.9,200,60150
20240209,10:18:35,1.9,200,60150
20240209,10:18:36,1.9,50,60150
20240209,10:18:37,1.9,50,60150
20240209,10:18:38,1.85,100,60150
20240209,10:18:39,1.9,50,60150
20240209,10:18:40,1.9,250,60150
20240209,10:18:41,1.9,500,60150
20240209,10:18:44,1.9,650,60150
20240209,10:18:45,1.9,800,60150
20240209,10:18:54,1.9,50,60150
20240209,10:18:55,1.9,50,60150
20240209,10:18:56,1.9,50,60150
20240209,10:18:57,1.9,50,60150
20240209,10:18:59,1.9,50,60150
20240209,10:19:00,1.9,50,60150
20240209,10:19:01,1.9,50,60150
20240209,10:19:02,1.9,50,60150
20240209,10:19:03,1.9,50,60150
20240209,10:19:04,1.9,50,60150
20240209,10:19:05,1.9,50,60150
20240209,10:19:06,1.9,50,60150
20240209,10:19:07,1.9,50,60150
20240209,10:19:08,1.9,50,60150
20240209,10:19:09,1.9,50,60150
20240209,10:19:10,1.9,50,60150
20240209,10:19:11,1.9,50,60150
20240209,10:19:12,1.9,1900,60150
20240209,10:19:15,1.95,50,60150
20240209,10:19:16,1.95,50,60150
20240209,10:19:17,1.95,50,60150
20240209,10:19:18,1.95,50,60150
20240209,10:19:18,1.9,500,60150
20240209,10:19:19,1.9,50,60150
20240209,10:19:20,1.9,600,60150
20240209,10:19:22,1.85,250,60150
20240209,10:19:23,1.9,200,60150
20240209,10:19:39,1.85,50,69050
20240209,10:19:43,1.85,100,69050
20240209,10:20:01,1.9,3050,69050
20240209,10:20:02,1.9,800,69050
20240209,10:20:07,1.9,1300,69050
20240209,10:20:15,1.9,500,69050
20240209,10:20:21,1.9,50,69050
20240209,10:20:22,1.9,50,69050
20240209,10:20:29,1.9,50,69050
20240209,10:20:30,1.9,50,69050
20240209,10:20:31,1.9,50,69050
20240209,10:20:32,1.95,50,69050
20240209,10:20:33,1.95,50,69050
20240209,10:20:34,1.95,50,69050
20240209,10:20:35,1.95,50,69050
20240209,10:20:35,1.9,50,69050
20240209,10:20:37,1.9,200,69050
20240209,10:20:38,1.95,50,69050
20240209,10:20:39,1.95,50,69050
20240209,10:20:40,1.95,50,69050
20240209,10:20:41,1.95,50,69050
20240209,10:20:43,1.95,100,69050
20240209,10:20:44,1.95,50,69050
20240209,10:20:46,1.95,100,69050
20240209,10:20:48,1.95,200,69050
20240209,10:20:49,1.95,50,69050
20240209,10:20:51,1.95,100,69050
20240209,10:20:52,1.95,50,69050
20240209,10:20:53,1.95,50,69050
20240209,10:20:54,1.95,50,69050
20240209,10:20:56,1.95,100,69050
20240209,10:20:57,1.95,50,69050
20240209,10:20:59,1.95,100,69050
20240209,10:21:00,1.95,50,69050
20240209,10:21:06,1.95,1000,69050
20240209,10:21:14,1.9,400,69050
20240209,10:21:28,1.9,100,69050
20240209,10:21:35,1.85,1900,69050
20240209,10:21:36,1.85,1050,69050
20240209,10:21:37,1.9,1800,69050
20240209,10:21:51,1.85,100,69050
20240209,10:22:06,1.85,350,69050
20240209,10:22:20,1.85,450,69050
20240209,10:22:34,1.85,800,69050
20240209,10:22:46,1.85,250,77800
20240209,10:23:05,1.9,50,77800
20240209,10:23:26,1.85,50,77800
20240209,10:23:36,1.9,1800,77800
20240209,10:25:28,1.9,100,79850
20240209,10:25:44,1.95,2100,79850
20240209,10:25:46,1.95,50,79850
20240209,10:27:20,2.0,50,79850
20240209,10:27:24,1.95,100,79850
20240209,10:27:46,1.95,50,79850
20240209,10:27:48,1.95,400,79850
20240209,10:28:30,1.9,1600,79550
20240209,10:28:32,1.9,50,79550
20240209,10:28:41,1.9,50,79550
20240209,10:28:42,1.9,50,79550
20240209,10:28:43,1.9,50,79550
20240209,10:30:04,1.95,50,79550
20240209,10:30:08,1.9,500,79550
20240209,10:30:33,1.9,200,79550
20240209,10:30:56,1.9,50,79550
20240209,10:31:22,1.9,250,79550
20240209,10:31:32,1.9,150,79750
20240209,10:31:42,1.9,100,79750
20240209,10:31:55,1.9,50,79750
20240209,10:32:22,1.95,50,79750
20240209,10:32:59,1.95,50,79750
20240209,10:34:05,1.9,50,79750
20240209,10:34:06,1.9,50,79750
20240209,10:34:07,1.9,50,79750
20240209,10:34:08,1.9,50,79750
20240209,10:34:09,1.9,50,79750
20240209,10:34:10,1.9,50,79750
20240209,10:34:11,1.9,50,79750
20240209,10:34:12,1.9,50,79750
20240209,10:34:13,1.95,1900,79750
20240209,10:34:14,1.9,200,79750
20240209,10:34:15,1.9,200,79750
20240209,10:34:16,1.9,200,79750
20240209,10:34:17,1.9,200,79750
20240209,10:34:18,1.9,200,79750
20240209,10:34:19,1.9,200,79750
20240209,10:34:20,1.9,200,79750
20240209,10:34:21,1.9,200,79750
20240209,10:34:22,1.9,200,79750
20240209,10:34:23,1.9,200,79750
20240209,10:34:24,1.9,200,79750
20240209,10:34:25,1.9,200,79750
20240209,10:34:26,1.9,200,79750
20240209,10:34:27,1.9,200,79750
20240209,10:34:28,1.9,200,79750
20240209,10:34:30,1.9,50,79750
20240209,10:34:31,1.9,50,77800
20240209,10:34:33,1.9,150,77800
20240209,10:34:34,1.9,200,77800
20240209,10:34:37,1.85,200,77800
20240209,10:34:38,1.85,50,77800
20240209,10:34:39,1.85,50,77800
20240209,10:34:40,1.85,50,77800
20240209,10:34:41,1.85,50,77800
20240209,10:34:42,1.85,50,77800
20240209,10:34:43,1.85,50,77800
20240209,10:34:44,1.85,50,77800
20240209,10:34:45,1.85,200,77800
20240209,10:34:46,1.85,200,77800
20240209,10:34:47,1.85,200,77800
20240209,10:34:48,1.85,200,77800
20240209,10:34:49,1.85,200,77800
20240209,10:34:50,1.85,50,77800
20240209,10:34:52,1.8,150,77800
20240209,10:34:53,1.8,200,77800
20240209,10:34:54,1.8,200,77800
20240209,10:34:55,1.8,200,77800
20240209,10:34:56,1.8,200,77800
20240209,10:34:57,1.8,200,77800
20240209,10:34:58,1.8,200,77800
20240209,10:34:59,1.8,200,77800
20240209,10:35:00,1.8,200,77800
20240209,10:35:01,1.8,200,77800
20240209,10:35:03,1.85,100,77800
20240209,10:35:04,1.8,50,77800
20240209,10:35:09,1.8,100,77800
20240209,10:35:10,1.8,50,77800
20240209,10:35:11,1.8,50,77800
20240209,10:35:12,1.8,50,77800
20240209,10:35:13,1.8,50,77800
20240209,10:35:14,1.8,50,77800
20240209,10:35:15,1.8,50,77800
20240209,10:35:16,1.8,200,77800
20240209,10:35:17,1.8,200,77800
20240209,10:35:18,1.8,200,77800
20240209,10:35:20,1.8,50,77800
20240209,10:35:21,1.8,50,77800
20240209,10:35:22,1.8,50,77800
20240209,10:35:23,1.8,50,77800
20240209,10:35:24,1.8,50,77800
20240209,10:35:25,1.8,50,77800
20240209,10:36:42,1.85,50,77800
20240209,10:36:52,1.85,50,77800
20240209,10:37:12,1.85,150,77800
20240209,10:37:24,1.85,400,77800
20240209,10:38:13,1.85,50,77800
20240209,10:38:13,1.85,50,73050
20240209,10:38:42,1.85,50,73050
20240209,10:40:20,1.85,50,73050
20240209,10:41:02,1.85,50,73150
20240209,10:41:03,1.85,50,73150
20240209,10:41:04,1.85,200,73150
20240209,10:41:05,1.85,200,73150
20240209,10:41:06,1.85,200,73150
20240209,10:41:07,1.8,200,73150
20240209,10:41:08,1.8,50,73150
20240209,10:41:09,1.8,50,73150
20240209,10:41:10,1.8,50,73150
20240209,10:41:11,1.8,50,73150
20240209,10:41:12,1.8,50,73150
20240209,10:41:13,1.8,50,73150
20240209,10:41:14,1.8,200,73150
20240209,10:41:15,1.8,200,73150
20240209,10:41:16,1.8,200,73150
20240209,10:41:17,1.8,50,73150
20240209,10:41:18,1.8,50,73150
20240209,10:41:19,1.8,50,73150
20240209,10:41:20,1.8,50,73150
20240209,10:41:21,1.8,50,73150
20240209,10:41:22,1.8,50,73150
20240209,10:41:23,1.8,50,73150
20240209,10:41:24,1.8,50,73150
20240209,10:41:25,1.8,50,73150
20240209,10:41:26,1.8,50,73150
20240209,10:41:27,1.8,50,73150
20240209,10:41:28,1.8,50,73150
20240209,10:41:29,1.8,50,73150
20240209,10:41:30,1.8,200,73150
20240209,10:41:31,1.8,200,73150
20240209,10:41:32,1.8,200,73150
20240209,10:41:39,1.8,50,73150
20240209,10:42:02,1.8,50,73150
20240209,10:42:03,1.8,50,73150
20240209,10:42:04,1.8,50,73150
20240209,10:42:05,1.8,50,73150
20240209,10:42:06,1.8,50,73150
20240209,10:42:07,1.8,50,73150
20240209,10:42:08,1.8,50,73150
20240209,10:42:09,1.8,50,73150
20240209,10:42:10,1.8,50,73150
20240209,10:42:11,1.8,50,73150
20240209,10:42:24,1.8,50,73150
20240209,10:44:27,1.8,50,69700
20240209,10:45:36,1.8,50,69700
20240209,10:46:25,1.85,100,69700
20240209,10:46:28,1.85,50,69700
20240209,10:46:29,1.85,100,69700
20240209,10:46:30,1.85,150,69700
20240209,10:46:31,1.85,150,69700
20240209,10:46:32,1.85,150,69900
20240209,10:46:33,1.9,150,69900
20240209,10:46:34,1.9,200,69900
20240209,10:46:35,1.9,200,69900
20240209,10:46:36,1.9,50,69900
20240209,10:46:37,1.9,50,69900
20240209,10:46:38,1.9,50,69900
20240209,10:46:39,1.9,200,69900
20240209,10:46:40,1.9,200,69900
20240209,10:46:41,1.9,200,69900
20240209,10:46:42,1.9,200,69900
20240209,10:46:43,1.9,50,69900
20240209,10:46:44,1.9,50,69900
20240209,10:46:45,1.9,50,69900
20240209,10:46:46,1.9,50,69900
20240209,10:46:47,1.9,50,69900
20240209,10:46:48,1.9,50,69900
20240209,10:46:49,1.9,50,69900
20240209,10:46:50,1.9,50,69900
20240209,10:47:09,1.85,50,69900
20240209,10:47:28,1.85,50,69900
20240209,10:47:29,1.85,50,69900
20240209,10:47:30,1.85,200,69900
20240209,10:47:31,1.85,200,69900
20240209,10:47:32,1.8,200,69900
20240209,10:47:33,1.8,200,69900
20240209,10:47:34,1.8,200,69900
20240209,10:47:35,1.8,200,69900
20240209,10:47:36,1.8,200,69900
20240209,10:47:37,1.8,200,69900
20240209,10:47:38,1.8,200,69900
20240209,10:47:39,1.8,200,69900
20240209,10:47:40,1.8,200,69900
20240209,10:47:41,1.8,250,69900
20240209,10:47:42,1.8,200,69900
20240209,10:47:43,1.8,200,69900
20240209,10:47:44,1.8,200,69900
20240209,10:47:45,1.8,200,69900
20240209,10:47:46,1.8,200,69900
20240209,10:47:47,1.8,100,69900
20240209,10:47:48,1.8,100,69900
20240209,10:47:49,1.75,200,69900
20240209,10:47:50,1.8,50,69900
20240209,10:47:55,1.75,300,69900
20240209,10:47:56,1.75,200,69900
20240209,10:47:57,1.75,150,69900
20240209,10:48:03,1.8,400,69900
20240209,10:48:06,1.8,400,69900
20240209,10:48:07,1.8,150,69900
20240209,10:48:08,1.8,200,69900
20240209,10:48:11,1.75,150,69900
20240209,10:48:12,1.75,150,69900
20240209,10:48:45,1.75,150,69900
20240209,10:48:45,1.75,50,69900
20240209,10:48:46,1.75,150,69900
20240209,10:48:53,1.75,150,69900
20240209,10:48:54,1.75,150,69900
20240209,10:48:55,1.75,50,69900
20240209,10:49:06,1.7,100,69900
20240209,10:49:11,1.7,800,69900
20240209,10:49:12,1.65,150,69900
20240209,10:49:13,1.7,400,69900
20240209,10:49:14,1.7,350,69900
20240209,10:49:17,1.7,200,69900
20240209,10:49:21,1.7,1200,69900
20240209,10:49:21,1.65,2600,69900
20240209,10:49:22,1.7,550,69900
20240209,10:49:23,1.7,600,69900
20240209,10:49:24,1.7,50,69900
20240209,10:49:36,1.65,2150,62500
20240209,10:49:40,1.7,4000,62500
20240209,10:49:42,1.65,150,62500
20240209,10:49:43,1.65,150,62500
20240209,10:49:44,1.65,150,62500
20240209,10:50:11,1.7,800,62500
20240209,10:50:18,1.7,1200,62500
20240209,10:50:34,1.65,2100,62500
20240209,10:50:35,1.65,250,62500
20240209,10:50:36,1.65,150,62500
20240209,10:50:51,1.7,100,62500
20240209,10:50:53,1.65,500,62500
20240209,10:50:54,1.65,50,62500
20240209,10:50:58,1.7,50,62500
20240209,10:51:01,1.65,1100,62500
20240209,10:51:01,1.65,50,62500
20240209,10:51:03,1.65,200,62500
20240209,10:51:04,1.65,200,62500
20240209,10:51:06,1.65,250,62500
20240209,10:51:07,1.6,3600,62500
20240209,10:51:13,1.65,1800,62500
20240209,10:51:14,1.6,1800,62500
20240209,10:51:17,1.65,500,62500
20240209,10:51:28,1.65,250,62500
20240209,10:51:29,1.65,50,62500
20240209,10:51:37,1.65,50,62500
20240209,10:51:39,1.6,50,62500
20240209,10:51:41,1.65,50,62500
20240209,10:51:45,1.6,1800,62500
20240209,10:51:47,1.65,50,62500
20240209,10:51:50,1.6,500,62500
20240209,10:51:50,1.6,100,62500
20240209,10:52:05,1.6,1900,62500
20240209,10:52:06,1.6,2000,62500
20240209,10:52:07,1.6,100,62500
20240209,10:52:30,1.6,600,62500
20240209,10:52:36,1.6,50,54300
20240209,10:52:38,1.6,50,54300
20240209,10:52:39,1.6,50,54300
20240209,10:52:40,1.6,50,54300
20240209,10:52:55,1.6,50,54300
20240209,10:53:11,1.55,1800,54300
20240209,10:53:53,1.55,200,54300
20240209,10:54:00,1.6,100,54300
20240209,10:54:04,1.55,200,54300
20240209,10:54:05,1.55,250,54300
20240209,10:54:06,1.55,50,54300
20240209,10:54:10,1.55,50,54300
20240209,10:54:15,1.55,50,54300
20240209,10:54:52,1.5,1800,54300
20240209,10:55:12,1.5,50,54300
20240209,10:55:12,1.45,1850,54300
20240209,10:55:13,1.45,100,54300
20240209,10:55:14,1.5,200,54300
20240209,10:55:20,1.5,50,54300
20240209,10:55:22,1.5,100,54300
20240209,10:55:23,1.45,1850,54300
20240209,10:55:24,1.5,50,54300
20240209,10:55:26,1.5,50,54300
20240209,10:55:51,1.5,50,50350
20240209,10:55:56,1.5,50,50350
20240209,10:56:00,1.5,50,50350
20240209,10:56:01,1.45,50,50350
20240209,10:56:03,1.5,1250,50350
20240209,10:56:07,1.45,1850,50350
20240209,10:56:08,1.5,50,50350
20240209,10:56:09,1.45,4800,50350
20240209,10:56:10,1.45,250,50350
20240209,10:56:11,1.45,1550,50350
20240209,10:56:12,1.45,50,50350
20240209,10:56:13,1.45,50,50350
20240209,10:56:20,1.45,50,50350
20240209,10:56:23,1.45,100,50350
20240209,10:56:26,1.4,1800,50350
20240209,10:56:31,1.4,50,50350
20240209,10:56:41,1.4,50,50350
20240209,10:56:47,1.4,50,50350
20240209,10:56:58,1.45,50,50350
20240209,10:56:59,1.4,50,50350
20240209,10:57:07,1.4,50,50350
20240209,10:57:08,1.4,150,50350
20240209,10:57:09,1.4,150,50350
20240209,10:57:10,1.4,150,50350
20240209,10:57:11,1.4,350,50350
20240209,10:57:12,1.45,1900,50350
20240209,10:57:13,1.45,250,50350
20240209,10:57:14,1.45,600,50350
20240209,10:57:32,1.45,1650,50350
20240209,10:58:15,1.45,2450,50350
20240209,10:58:16,1.45,200,50350
20240209,10:58:17,1.45,100,50350
20240209,10:58:19,1.45,100,50350
20240209,10:58:20,1.45,100,50350
20240209,10:58:21,1.45,50,50350
20240209,10:58:25,1.45,300,50350
20240209,10:58:26,1.45,50,50350
20240209,10:58:27,1.45,200,50350
20240209,10:58:28,1.45,100,50350
20240209,10:58:30,1.45,50,50350
20240209,10:58:32,1.45,50,50350
20240209,10:58:33,1.45,3050,48450
20240209,10:58:37,1.45,100,48450
20240209,10:58:39,1.45,50,48450
20240209,10:58:42,1.5,50,48450
20240209,10:58:43,1.5,50,48450
20240209,10:58:48,1.45,150,48450
20240209,10:58:49,1.45,150,48450
20240209,10:58:50,1.45,150,48450
20240209,10:58:51,1.45,200,48450
20240209,10:58:54,1.45,150,48450
20240209,10:58:55,1.45,150,48450
20240209,10:58:56,1.45,750,48450
20240209,10:58:57,1.45,250,48450
20240209,10:58:59,1.45,200,48450
20240209,10:59:00,1.45,200,48450
20240209,10:59:01,1.45,300,48450
20240209,10:59:02,1.45,200,48450
20240209,10:59:03,1.5,800,48450
20240209,10:59:04,1.5,600,48450
20240209,10:59:08,1.45,500,48450
20240209,10:59:21,1.45,50,48450
20240209,10:59:52,1.45,50,48450
20240209,11:00:51,1.45,50,48450
20240209,11:01:27,1.45,50,48450
20240209,11:01:28,1.4,1700,48450
20240209,11:01:41,1.45,650,48450
20240209,11:02:28,1.45,100,49700
20240209,11:02:39,1.45,500,49700
20240209,11:02:47,1.45,50,49700
20240209,11:03:01,1.45,150,49700
20240209,11:03:13,1.45,1300,49700
20240209,11:04:54,1.45,50,50900
20240209,11:04:56,1.5,250,50900
20240209,11:05:05,1.5,200,50900
20240209,11:05:06,1.5,200,50900
20240209,11:05:15,1.5,2050,50900
20240209,11:05:34,1.5,150,50900
20240209,11:05:35,1.5,150,50900
20240209,11:05:36,1.5,150,50900
20240209,11:05:38,1.5,800,50900
20240209,11:05:40,1.45,50,50900
20240209,11:06:20,1.5,550,50900
20240209,11:06:21,1.5,50,50900
20240209,11:06:24,1.5,50,50900
20240209,11:06:24,1.5,1850,50900
20240209,11:06:25,1.5,50,50900
20240209,11:06:31,1.45,150,50900
20240209,11:06:33,1.45,300,50900
20240209,11:07:04,1.45,150,50900
20240209,11:07:05,1.45,150,50900
20240209,11:07:06,1.45,150,50900
20240209,11:07:07,1.45,150,50900
20240209,11:07:08,1.45,150,50900
20240209,11:07:16,1.45,150,50900
20240209,11:07:17,1.45,150,50900
20240209,11:07:18,1.45,150,50900
20240209,11:07:19,1.45,150,50900
20240209,11:07:20,1.45,150,50900
20240209,11:08:06,1.45,50,50300
20240209,11:08:24,1.45,50,50300
20240209,11:08:27,1.45,50,50300
20240209,11:08:30,1.45,50,50300
20240209,11:08:31,1.45,50,50300
20240209,11:08:32,1.4,150,50300
20240209,11:08:33,1.4,150,50300
20240209,11:08:34,1.4,150,50300
20240209,11:08:35,1.4,150,50300
20240209,11:08:36,1.4,150,50300
20240209,11:08:37,1.4,150,50300
20240209,11:08:38,1.4,150,50300
20240209,11:08:39,1.4,150,50300
20240209,11:08:40,1.4,150,50300
20240209,11:08:41,1.4,150,50300
20240209,11:08:42,1.4,150,50300
20240209,11:08:46,1.4,50,50300
20240209,11:08:47,1.4,150,50300
20240209,11:08:48,1.4,150,50300
20240209,11:08:49,1.4,150,50300
20240209,11:08:50,1.4,150,50300
20240209,11:08:54,1.4,50,50300
20240209,11:08:55,1.4,150,50300
20240209,11:08:56,1.4,100,50300
20240209,11:09:09,1.4,250,50300
20240209,11:09:10,1.4,850,50300
20240209,11:10:05,1.45,50,50300
20240209,11:10:11,1.45,50,50300
20240209,11:10:17,1.45,50,50300
20240209,11:10:26,1.45,50,50300
20240209,11:10:51,1.45,50,50300
20240209,11:11:28,1.4,50,49550
20240209,11:11:40,1.4,100,49550
20240209,11:11:41,1.4,50,49550
20240209,11:11:42,1.4,600,49550
20240209,11:11:43,1.4,150,49550
20240209,11:13:13,1.4,650,49550
20240209,11:13:20,1.4,50,49550
20240209,11:14:27,1.4,50,49900
20240209,11:14:28,1.4,50,49900
20240209,11:15:07,1.4,50,49900
20240209,11:18:02,1.45,50,49950
20240209,11:18:21,1.45,50,49950
20240209,11:18:35,1.45,50,49950
20240209,11:19:00,1.45,50,49950
20240209,11:19:18,1.45,50,49950
20240209,11:19:30,1.45,50,49950
20240209,11:19:31,1.45,50,49950
20240209,11:19:57,1.4,100,49950
20240209,11:20:14,1.45,50,50100
20240209,11:20:15,1.45,50,50100
20240209,11:20:17,1.45,1000,50100
20240209,11:20:31,1.45,50,50100
20240209,11:20:32,1.45,50,50100
20240209,11:20:44,1.45,50,50100
20240209,11:20:45,1.45,50,50100
20240209,11:21:12,1.5,50,50100
20240209,11:21:13,1.5,50,50100
20240209,11:21:14,1.5,50,50100
20240209,11:21:15,1.5,1250,50100
20240209,11:21:17,1.5,50,50100
20240209,11:21:20,1.5,100,50100
20240209,11:21:23,1.5,50,50100
20240209,11:21:25,1.55,50,50100
20240209,11:21:26,1.55,50,50100
20240209,11:21:32,1.5,50,50100
20240209,11:21:33,1.5,100,50100
20240209,11:21:51,1.45,50,50100
20240209,11:21:52,1.45,650,50100
20240209,11:21:53,1.45,50,50100
20240209,11:22:18,1.45,50,50100
20240209,11:23:33,1.45,50,50750
20240209,11:23:35,1.45,50,50750
20240209,11:23:41,1.45,50,50750
20240209,11:23:53,1.45,50,50750
20240209,11:23:54,1.5,50,50750
20240209,11:24:12,1.45,100,50750
20240209,11:25:09,1.5,50,50750
20240209,11:25:17,1.45,50,50750
20240209,11:26:04,1.45,200,50500
20240209,11:26:05,1.45,150,50500
20240209,11:26:06,1.45,150,50500
20240209,11:26:07,1.45,50,50500
20240209,11:27:37,1.45,50,50500
20240209,11:29:02,1.45,850,49900
20240209,11:29:14,1.5,50,49900
20240209,11:29:34,1.45,50,49900
20240209,11:29:55,1.45,250,49900
20240209,11:29:57,1.45,100,49900
20240209,11:29:58,1.45,50,49900
20240209,11:30:06,1.45,500,49900
20240209,11:30:17,1.4,300,49900
20240209,11:30:30,1.4,100,49900
20240209,11:30:36,1.45,2850,49900
20240209,11:30:52,1.5,2650,49900
20240209,11:30:53,1.5,500,49900
20240209,11:30:54,1.5,1850,49900
20240209,11:30:55,1.5,50,49900
20240209,11:30:56,1.5,50,49900
20240209,11:30:57,1.5,50,49900
20240209,11:30:58,1.5,50,49900
20240209,11:31:02,1.55,100,49900
20240209,11:31:03,1.55,50,49900
20240209,11:31:32,1.6,4850,49900
20240209,11:31:35,1.6,100,49900
20240209,11:31:38,1.6,3250,53200
20240209,11:31:49,1.6,50,53200
20240209,11:32:26,1.6,600,53200
20240209,11:32:27,1.6,700,53200
20240209,11:32:28,1.6,50,53200
20240209,11:32:31,1.6,50,53200
20240209,11:32:35,1.6,600,53200
20240209,11:33:17,1.6,1700,53200
20240209,11:33:20,1.55,150,53200
20240209,11:33:21,1.55,300,53200
20240209,11:33:23,1.55,50,53200
20240209,11:33:34,1.55,100,53200
20240209,11:33:59,1.55,50,53200
20240209,11:34:01,1.55,50,53200
20240209,11:34:16,1.55,50,53200
20240209,11:34:40,1.55,100,53200
20240209,11:35:15,1.5,500,54000
20240209,11:36:53,1.5,50,54000
20240209,11:37:01,1.55,100,54000
20240209,11:37:37,1.5,50,54000
20240209,11:37:45,1.5,50,53900
20240209,11:38:26,1.5,50,53900
20240209,11:38:29,1.5,50,53900
20240209,11:38:31,1.5,700,53900
20240209,11:38:39,1.5,50,53900
20240209,11:39:46,1.5,50,53900
20240209,11:40:07,1.45,600,53900
20240209,11:40:10,1.5,50,53900
20240209,11:40:15,1.5,50,53900
20240209,11:40:30,1.5,100,53900
20240209,11:40:31,1.5,50,53900
20240209,11:41:02,1.45,550,53900
20240209,11:41:10,1.45,50,54400
20240209,11:41:18,1.45,50,54400
20240209,11:41:19,1.45,50,54400
20240209,11:41:38,1.45,50,54400
20240209,11:41:39,1.45,50,54400
20240209,11:41:40,1.45,50,54400
20240209,11:41:41,1.45,50,54400
20240209,11:41:42,1.45,50,54400
20240209,11:41:43,1.45,50,54400
20240209,11:41:45,1.45,50,54400
20240209,11:41:46,1.45,50,54400
20240209,11:41:47,1.45,50,54400
20240209,11:41:50,1.45,50,54400
20240209,11:41:51,1.45,50,54400
20240209,11:41:54,1.45,50,54400
20240209,11:41:55,1.45,100,54400
20240209,11:41:56,1.45,50,54400
20240209,11:42:25,1.45,50,54400
20240209,11:42:27,1.45,50,54400
20240209,11:42:42,1.45,50,54400
20240209,11:42:43,1.45,50,54400
20240209,11:42:44,1.45,50,54400
20240209,11:42:45,1.45,50,54400
20240209,11:42:46,1.45,50,54400
20240209,11:42:52,1.45,50,54400
20240209,11:42:53,1.45,50,54400
20240209,11:42:54,1.45,50,54400
20240209,11:42:55,1.45,50,54400
20240209,11:42:56,1.45,50,54400
20240209,11:43:02,1.45,50,54400
20240209,11:43:03,1.45,50,54400
20240209,11:43:04,1.45,50,54400
20240209,11:43:05,1.45,50,54400
20240209,11:43:06,1.45,50,54400
20240209,11:43:07,1.45,50,54400
20240209,11:43:08,1.45,50,54400
20240209,11:43:09,1.45,50,54400
20240209,11:43:10,1.45,50,54400
20240209,11:43:11,1.45,50,54400
20240209,11:43:12,1.45,50,54400
20240209,11:43:15,1.45,50,54400
20240209,11:43:16,1.45,50,54400
20240209,11:43:17,1.45,50,54400
20240209,11:43:18,1.45,50,54400
20240209,11:43:19,1.45,50,54400
20240209,11:43:20,1.45,100,54400
20240209,11:43:21,1.45,50,54400
20240209,11:43:22,1.45,50,54400
20240209,11:43:23,1.45,50,54400
20240209,11:43:24,1.45,50,54400
20240209,11:43:25,1.45,50,54400
20240209,11:43:26,1.45,50,54400
20240209,11:43:27,1.45,50,54400
20240209,11:43:28,1.45,50,54400
20240209,11:43:29,1.45,50,54400
20240209,11:43:30,1.45,50,54400
20240209,11:43:31,1.45,50,54400
20240209,11:43:32,1.45,50,54400
20240209,11:43:33,1.45,100,54400
20240209,11:43:34,1.45,50,54400
20240209,11:43:35,1.45,50,54400
20240209,11:43:36,1.45,50,54400
20240209,11:43:37,1.45,50,54400
20240209,11:43:38,1.45,50,54400
20240209,11:43:39,1.45,50,55200
20240209,11:43:40,1.45,50,55200
20240209,11:43:41,1.45,50,55200
20240209,11:43:42,1.45,50,55200
20240209,11:43:43,1.45,50,55200
20240209,11:43:44,1.45,50,55200
20240209,11:43:45,1.45,50,55200
20240209,11:43:46,1.45,50,55200
20240209,11:43:47,1.45,50,55200
20240209,11:43:48,1.45,50,55200
20240209,11:43:49,1.45,50,55200
20240209,11:43:50,1.45,50,55200
20240209,11:43:51,1.45,50,55200
20240209,11:43:52,1.45,50,55200
20240209,11:43:53,1.45,50,55200
20240209,11:43:54,1.45,50,55200
20240209,11:43:55,1.45,50,55200
20240209,11:43:56,1.45,50,55200
20240209,11:43:57,1.45,50,55200
20240209,11:43:58,1.45,50,55200
20240209,11:43:59,1.45,50,55200
20240209,11:44:00,1.45,50,55200
20240209,11:44:01,1.45,50,55200
20240209,11:44:02,1.45,50,55200
20240209,11:44:04,1.45,150,55200
20240209,11:44:05,1.5,50,55200
20240209,11:44:06,1.5,50,55200
20240209,11:44:07,1.5,50,55200
20240209,11:44:08,1.5,50,55200
20240209,11:44:09,1.5,50,55200
20240209,11:44:10,1.5,50,55200
20240209,11:44:11,1.5,50,55200
20240209,11:44:12,1.5,50,55200
20240209,11:44:13,1.5,100,55200
20240209,11:44:14,1.5,100,55200
20240209,11:44:15,1.5,100,55200
20240209,11:44:16,1.5,100,55200
20240209,11:44:17,1.5,150,55200
20240209,11:44:18,1.5,50,55200
20240209,11:44:19,1.5,50,55200
20240209,11:44:20,1.5,50,55200
20240209,11:44:21,1.5,50,55200
20240209,11:44:22,1.5,50,55200
20240209,11:44:23,1.5,50,55200
20240209,11:44:24,1.5,50,55200
20240209,11:44:25,1.5,50,55200
20240209,11:44:26,1.5,50,55200
20240209,11:44:27,1.5,50,55200
20240209,11:44:40,1.5,50,55200
20240209,11:44:41,1.5,50,55200
20240209,11:44:42,1.5,50,55200
20240209,11:44:43,1.5,150,55200
20240209,11:44:44,1.5,150,55200
20240209,11:44:45,1.5,150,55200
20240209,11:44:48,1.5,50,55200
20240209,11:44:49,1.5,50,55200
20240209,11:44:50,1.5,150,55200
20240209,11:44:51,1.5,150,55200
20240209,11:44:52,1.5,50,55200
20240209,11:44:54,1.5,50,55200
20240209,11:44:55,1.5,50,55200
20240209,11:44:56,1.5,50,55200
20240209,11:44:57,1.5,50,55200
20240209,11:44:58,1.5,50,55200
20240209,11:44:59,1.5,50,55200
20240209,11:45:00,1.5,50,55200
20240209,11:45:01,1.5,50,55200
20240209,11:45:02,1.5,50,55200
20240209,11:45:06,1.5,50,55200
20240209,11:45:07,1.5,50,55200
20240209,11:45:08,1.5,50,55200
20240209,11:45:09,1.5,50,55200
20240209,11:45:10,1.5,50,55200
20240209,11:45:11,1.5,50,55200
20240209,11:45:12,1.5,50,55200
20240209,11:45:13,1.5,50,55200
20240209,11:45:14,1.5,50,55200
20240209,11:45:15,1.5,50,55200
20240209,11:45:16,1.5,50,55200
20240209,11:45:17,1.5,50,55200
20240209,11:45:20,1.55,50,55200
20240209,11:45:21,1.55,50,55200
20240209,11:45:22,1.55,50,55200
20240209,11:45:23,1.55,50,55200
20240209,11:45:24,1.55,50,55200
20240209,11:45:25,1.55,550,55200
20240209,11:45:26,1.55,50,55200
20240209,11:45:27,1.55,50,55200
20240209,11:45:28,1.55,50,55200
20240209,11:45:29,1.6,100,55200
20240209,11:45:30,1.6,100,55200
20240209,11:45:31,1.6,200,55200
20240209,11:45:32,1.6,50,55200
20240209,11:45:33,1.6,50,55200
20240209,11:45:34,1.6,50,55200
20240209,11:45:35,1.6,50,55200
20240209,11:45:36,1.6,50,55200
20240209,11:45:37,1.6,50,55200
20240209,11:45:38,1.6,50,55200
20240209,11:45:39,1.5,1850,55200
20240209,11:45:40,1.55,100,55200
20240209,11:45:41,1.6,50,55200
20240209,11:45:42,1.6,50,55200
20240209,11:45:43,1.6,50,55200
20240209,11:45:44,1.6,50,55200
20240209,11:45:45,1.6,50,55200
20240209,11:45:46,1.6,50,55200
20240209,11:45:47,1.6,50,55200
20240209,11:45:48,1.6,50,55200
20240209,11:45:49,1.6,50,55200
20240209,11:45:51,1.6,50,55200
20240209,11:45:52,1.6,50,55200
20240209,11:46:09,1.6,50,55200
20240209,11:46:10,1.6,500,55200
20240209,11:46:11,1.6,50,55200
20240209,11:46:12,1.6,50,55200
20240209,11:46:13,1.6,50,55200
20240209,11:46:14,1.6,50,55200
20240209,11:46:15,1.6,50,55200
20240209,11:46:16,1.6,50,55200
20240209,11:46:17,1.6,50,55200
20240209,11:46:18,1.6,50,55200
20240209,11:46:19,1.6,50,55200
20240209,11:46:20,1.6,50,55200
20240209,11:46:21,1.6,50,55200
20240209,11:46:22,1.6,50,55200
20240209,11:46:23,1.6,250,55200
20240209,11:46:24,1.6,150,55200
20240209,11:46:25,1.6,50,55200
20240209,11:46:28,1.6,50,55200
20240209,11:46:29,1.6,50,55200
20240209,11:46:30,1.6,50,55200
20240209,11:46:31,1.6,50,55200
20240209,11:46:32,1.6,50,55200
20240209,11:46:33,1.6,50,55200
20240209,11:46:34,1.6,50,55200
20240209,11:46:35,1.6,50,55200
20240209,11:46:36,1.6,50,55200
20240209,11:46:37,1.6,50,55200
20240209,11:46:38,1.6,50,55200
20240209,11:46:39,1.55,500,55200
20240209,11:46:40,1.6,50,60450
20240209,11:46:43,1.6,50,60450
20240209,11:47:04,1.6,350,60450
20240209,11:47:16,1.6,50,60450
20240209,11:47:17,1.6,50,60450
20240209,11:47:20,1.6,50,60450
20240209,11:47:21,1.6,50,60450
20240209,11:47:22,1.6,50,60450
20240209,11:47:23,1.6,50,60450
20240209,11:47:24,1.6,50,60450
20240209,11:47:25,1.6,50,60450
20240209,11:47:26,1.6,100,60450
20240209,11:47:27,1.6,300,60450
20240209,11:47:28,1.6,100,60450
20240209,11:47:29,1.6,100,60450
20240209,11:47:30,1.6,50,60450
20240209,11:47:31,1.6,50,60450
20240209,11:47:32,1.6,600,60450
20240209,11:47:33,1.6,50,60450
20240209,11:47:34,1.6,450,60450
20240209,11:47:35,1.6,100,60450
20240209,11:47:36,1.6,100,60450
20240209,11:47:37,1.6,50,60450
20240209,11:47:38,1.6,150,60450
20240209,11:47:39,1.6,50,60450
20240209,11:47:41,1.6,700,60450
20240209,11:47:42,1.6,50,60450
20240209,11:47:43,1.6,50,60450
20240209,11:47:44,1.6,150,60450
20240209,11:47:46,1.65,100,60450
20240209,11:47:47,1.65,50,60450
20240209,11:47:54,1.65,50,60450
20240209,11:47:55,1.65,50,60450
20240209,11:47:56,1.65,50,60450
20240209,11:47:57,1.65,50,60450
20240209,11:48:00,1.65,50,60450
20240209,11:48:01,1.65,50,60450
20240209,11:48:02,1.65,50,60450
20240209,11:48:15,1.6,2250,60450
20240209,11:48:27,1.6,100,60450
20240209,11:48:57,1.6,900,60450
20240209,11:49:32,1.6,150,60450
20240209,11:50:12,1.6,600,58700
20240209,11:50:13,1.6,50,58700
20240209,11:50:15,1.6,50,58700
20240209,11:50:17,1.6,50,58700
20240209,11:50:18,1.6,200,58700
20240209,11:50:21,1.6,50,58700
20240209,11:50:24,1.55,100,58700
20240209,11:50:25,1.55,250,58700
20240209,11:51:05,1.55,150,58700
20240209,11:51:31,1.55,1800,58700
20240209,11:51:33,1.55,50,58700
20240209,11:51:38,1.55,100,58700
20240209,11:51:39,1.55,50,58700
20240209,11:51:43,1.55,50,58700
20240209,11:51:44,1.55,50,58700
20240209,11:51:45,1.55,50,58700
20240209,11:51:47,1.5,50,58700
20240209,11:51:48,1.55,50,58700
20240209,11:51:49,1.55,50,58700
20240209,11:51:50,1.55,50,58700
20240209,11:51:51,1.55,50,58700
20240209,11:51:54,1.55,50,58700
20240209,11:51:57,1.55,50,58700
20240209,11:51:58,1.55,50,58700
20240209,11:51:59,1.55,50,58700
20240209,11:52:00,1.55,100,58700
20240209,11:52:01,1.6,50,58700
20240209,11:52:02,1.6,150,58700
20240209,11:52:03,1.6,50,58700
20240209,11:52:04,1.6,50,58700
20240209,11:52:05,1.6,50,58700
20240209,11:52:06,1.6,50,58700
20240209,11:52:07,1.6,50,58700
20240209,11:52:08,1.6,50,58700
20240209,11:52:09,1.6,50,58700
20240209,11:52:10,1.6,50,58700
20240209,11:52:11,1.6,50,58700
20240209,11:52:12,1.55,250,58700
20240209,11:52:13,1.6,50,58700
20240209,11:52:14,1.6,50,58700
20240209,11:52:15,1.6,50,58700
20240209,11:52:16,1.6,50,58700
20240209,11:52:17,1.6,50,58700
20240209,11:52:18,1.6,50,58700
20240209,11:52:20,1.6,50,58700
20240209,11:52:21,1.6,50,58700
20240209,11:52:22,1.6,50,58700
20240209,11:52:23,1.6,50,58700
20240209,11:52:28,1.6,50,58700
20240209,11:52:29,1.6,50,58700
20240209,11:52:31,1.6,50,58700
20240209,11:52:32,1.6,50,58700
20240209,11:52:33,1.6,50,58700
20240209,11:52:34,1.6,50,58700
20240209,11:52:36,1.6,50,58700
20240209,11:52:37,1.6,50,58700
20240209,11:52:38,1.6,50,58700
20240209,11:52:39,1.6,50,58700
20240209,11:52:40,1.6,50,58700
20240209,11:52:41,1.6,50,58250
20240209,11:52:42,1.6,50,58250
20240209,11:52:43,1.6,50,58250
20240209,11:52:44,1.6,50,58250
20240209,11:52:45,1.6,50,58250
20240209,11:52:46,1.6,50,58250
20240209,11:52:48,1.6,50,58250
20240209,11:52:51,1.6,50,58250
20240209,11:52:55,1.6,50,58250
20240209,11:52:56,1.6,50,58250
20240209,11:52:57,1.6,50,58250
20240209,11:52:58,1.6,50,58250
20240209,11:52:59,1.6,50,58250
20240209,11:53:00,1.6,50,58250
20240209,11:53:11,1.6,50,58250
20240209,11:53:12,1.6,50,58250
20240209,11:53:13,1.6,50,58250
20240209,11:53:14,1.6,50,58250
20240209,11:53:15,1.6,50,58250
20240209,11:53:16,1.6,50,58250
20240209,11:53:17,1.6,50,58250
20240209,11:53:18,1.6,50,58250
20240209,11:53:19,1.6,50,58250
20240209,11:53:20,1.6,150,58250
20240209,11:53:21,1.6,150,58250
20240209,11:53:22,1.6,500,58250
20240209,11:53:25,1.55,1000,58250
20240209,11:53:26,1.55,50,58250
20240209,11:53:27,1.55,50,58250
20240209,11:53:28,1.6,50,58250
20240209,11:53:29,1.6,50,58250
20240209,11:53:34,1.6,50,58250
20240209,11:53:36,1.6,50,58250
20240209,11:53:37,1.6,50,58250
20240209,11:53:38,1.6,50,58250
20240209,11:53:39,1.6,50,58250
20240209,11:53:40,1.6,50,58250
20240209,11:53:41,1.6,150,58250
20240209,11:53:42,1.6,150,58250
20240209,11:53:43,1.6,150,58250
20240209,11:53:44,1.6,50,58250
20240209,11:53:45,1.6,50,58250
20240209,11:53:46,1.6,50,58250
20240209,11:53:47,1.6,50,58250
20240209,11:53:48,1.6,50,58250
20240209,11:53:50,1.6,50,58250
20240209,11:53:51,1.6,50,58250
20240209,11:53:52,1.6,50,58250
20240209,11:53:53,1.6,50,58250
20240209,11:53:54,1.6,50,58250
20240209,11:53:55,1.6,50,58250
20240209,11:53:56,1.6,50,58250
20240209,11:53:57,1.6,50,58250
20240209,11:53:58,1.6,100,58250
20240209,11:53:59,1.6,550,58250
20240209,11:54:00,1.6,50,58250
20240209,11:54:01,1.6,50,58250
20240209,11:54:02,1.6,50,58250
20240209,11:54:03,1.6,150,58250
20240209,11:54:04,1.55,450,58250
20240209,11:54:09,1.6,50,58250
20240209,11:54:10,1.6,50,58250
20240209,11:54:11,1.6,50,58250
20240209,11:54:12,1.6,150,58250
20240209,11:54:13,1.6,350,58250
20240209,11:54:14,1.6,150,58250
20240209,11:54:15,1.6,100,58250
20240209,11:54:16,1.6,100,58250
20240209,11:54:17,1.6,50,58250
20240209,11:54:18,1.6,50,58250
20240209,11:54:19,1.6,150,58250
20240209,11:54:20,1.6,300,58250
20240209,11:54:21,1.6,150,58250
20240209,11:54:22,1.6,50,58250
20240209,11:54:23,1.6,50,58250
20240209,11:54:24,1.6,4250,58250
20240209,11:54:25,1.6,50,58250
20240209,11:54:26,1.6,50,58250
20240209,11:54:28,1.6,50,58250
20240209,11:54:29,1.6,50,58250
20240209,11:54:30,1.6,50,58250
20240209,11:54:31,1.6,50,58250
20240209,11:54:38,1.6,50,58250
20240209,11:54:39,1.6,50,58250
20240209,11:54:40,1.6,50,58250
20240209,11:54:41,1.6,50,58250
20240209,11:54:42,1.55,200,58250
20240209,11:54:43,1.55,1550,58250
20240209,11:54:44,1.6,50,58250
20240209,11:54:45,1.55,850,58250
20240209,11:54:46,1.6,200,58250
20240209,11:54:47,1.6,200,58250
20240209,11:54:49,1.6,50,58250
20240209,11:54:52,1.6,50,58250
20240209,11:54:54,1.6,50,58250
20240209,11:55:00,1.6,50,58250
20240209,11:55:05,1.6,50,58250
20240209,11:55:06,1.6,50,58250
20240209,11:55:07,1.6,50,58250
20240209,11:56:27,1.6,50,59550
20240209,11:56:30,1.6,50,59550
20240209,11:56:34,1.6,50,59550
20240209,11:56:40,1.55,50,59550
20240209,11:56:43,1.55,200,59550
20240209,11:56:44,1.55,50,59550
20240209,11:58:30,1.55,100,59550
20240209,11:58:50,1.5,900,59500
20240209,11:59:31,1.5,50,59500
20240209,12:01:16,1.5,50,59500
20240209,12:01:18,1.5,400,59500
20240209,12:01:19,1.5,200,59500
20240209,12:01:20,1.5,300,59500
20240209,12:01:21,1.45,200,59500
20240209,12:01:22,1.45,200,59500
20240209,12:01:23,1.45,200,59500
20240209,12:01:25,1.45,400,59500
20240209,12:01:27,1.45,400,59500
20240209,12:01:28,1.45,200,59500
20240209,12:01:29,1.45,200,59500
20240209,12:01:30,1.45,200,59500
20240209,12:01:31,1.45,200,59500
20240209,12:01:32,1.45,200,59500
20240209,12:01:33,1.45,200,59500
20240209,12:01:34,1.5,550,59500
20240209,12:01:35,1.45,400,59500
20240209,12:01:37,1.4,1100,59500
20240209,12:01:38,1.4,200,59500
20240209,12:01:39,1.4,200,59500
20240209,12:01:40,1.45,250,59500
20240209,12:01:40,1.4,100,59500
20240209,12:01:41,1.4,1450,57450
20240209,12:01:42,1.35,200,57450
20240209,12:01:44,1.35,450,57450
20240209,12:01:45,1.35,200,57450
20240209,12:01:46,1.35,150,57450
20240209,12:01:47,1.35,150,57450
20240209,12:01:48,1.35,150,57450
20240209,12:01:49,1.35,150,57450
20240209,12:01:50,1.35,150,57450
20240209,12:01:51,1.35,150,57450
20240209,12:01:52,1.35,150,57450
20240209,12:01:53,1.35,150,57450
20240209,12:01:55,1.35,300,57450
20240209,12:01:56,1.4,650,57450
20240209,12:02:01,1.35,50,57450
20240209,12:02:02,1.35,150,57450
20240209,12:02:04,1.35,300,57450
20240209,12:02:17,1.35,150,57450
20240209,12:02:19,1.35,150,57450
20240209,12:02:24,1.35,50,57450
20240209,12:02:57,1.4,450,57450
20240209,12:04:47,1.4,50,55500
20240209,12:05:11,1.4,50,55500
20240209,12:07:16,1.35,1000,55500
20240209,12:08:02,1.4,50,55500
20240209,12:08:03,1.4,50,55500
20240209,12:08:04,1.4,50,55500
20240209,12:08:05,1.4,50,55500
20240209,12:08:06,1.4,50,55500
20240209,12:08:07,1.4,50,55500
20240209,12:08:08,1.4,50,55500
20240209,12:08:09,1.4,50,55500
20240209,12:08:10,1.4,50,55500
20240209,12:08:11,1.4,50,55500
20240209,12:08:12,1.4,100,55500
20240209,12:08:13,1.4,100,55500
20240209,12:08:14,1.35,100,55500
20240209,12:08:15,1.4,50,55500
20240209,12:08:18,1.4,50,55500
20240209,12:08:19,1.4,50,55500
20240209,12:08:20,1.4,50,55500
20240209,12:08:21,1.4,50,55500
20240209,12:08:22,1.4,50,55500
20240209,12:08:24,1.4,50,55500
20240209,12:08:31,1.4,50,55500
20240209,12:08:32,1.4,50,55500
20240209,12:09:26,1.4,500,55500
20240209,12:09:37,1.35,50,55500
20240209,12:09:38,1.35,50,55500
20240209,12:09:39,1.35,350,55500
20240209,12:09:40,1.35,200,55500
20240209,12:09:43,1.35,150,55500
20240209,12:09:44,1.35,150,55500
20240209,12:09:45,1.35,150,55500
20240209,12:09:51,1.35,150,55500
20240209,12:09:52,1.35,150,55500
20240209,12:09:53,1.35,150,55500
20240209,12:09:57,1.35,50,55500
20240209,12:10:15,1.35,50,55500
20240209,12:10:30,1.35,200,55500
20240209,12:12:06,1.4,250,55050
20240209,12:12:49,1.35,100,55050
20240209,12:13:07,1.4,50,55050
20240209,12:13:08,1.4,50,55050
20240209,12:13:09,1.4,50,55050
20240209,12:13:10,1.4,50,55050
20240209,12:13:11,1.4,50,55050
20240209,12:13:12,1.4,100,55050
20240209,12:13:13,1.4,100,55050
20240209,12:13:15,1.4,100,55050
20240209,12:13:16,1.4,50,55050
20240209,12:13:17,1.4,150,55050
20240209,12:13:18,1.4,150,55050
20240209,12:13:19,1.4,200,55050
20240209,12:13:20,1.4,200,55050
20240209,12:13:21,1.4,200,55050
20240209,12:13:22,1.4,50,55050
20240209,12:13:23,1.4,50,55050
20240209,12:14:12,1.4,50,55400
20240209,12:14:43,1.4,50,55400
20240209,12:14:45,1.4,50,55400
20240209,12:14:48,1.4,100,55400
20240209,12:15:16,1.4,50,55400
20240209,12:15:55,1.45,50,55400
20240209,12:15:56,1.45,50,55400
20240209,12:15:57,1.45,50,55400
20240209,12:15:58,1.5,50,55400
20240209,12:15:59,1.5,200,55400
20240209,12:16:00,1.5,200,55400
20240209,12:16:01,1.5,200,55400
20240209,12:16:02,1.5,2400,55400
20240209,12:16:04,1.5,100,55400
20240209,12:16:05,1.5,50,55400
20240209,12:16:06,1.5,50,55400
20240209,12:16:08,1.5,100,55400
20240209,12:16:09,1.5,50,55400
20240209,12:16:10,1.5,50,55400
20240209,12:16:13,1.55,50,55400
20240209,12:16:14,1.55,200,55400
20240209,12:16:15,1.55,200,55400
20240209,12:16:16,1.55,200,55400
20240209,12:16:19,1.55,50,55400
20240209,12:16:21,1.55,50,55400
20240209,12:16:22,1.55,50,55400
20240209,12:16:23,1.55,50,55400
20240209,12:16:24,1.55,50,55400
20240209,12:16:25,1.55,50,55400
20240209,12:16:56,1.55,50,55400
20240209,12:16:58,1.55,50,57850
20240209,12:16:59,1.55,50,57850
20240209,12:17:00,1.55,50,57850
20240209,12:17:01,1.55,50,57850
20240209,12:17:02,1.55,50,57850
20240209,12:17:03,1.55,50,57850
20240209,12:17:04,1.55,50,57850
20240209,12:17:05,1.55,50,57850
20240209,12:17:06,1.55,50,57850
20240209,12:17:07,1.55,50,57850
20240209,12:17:08,1.55,50,57850
20240209,12:17:09,1.55,50,57850
20240209,12:17:10,1.55,50,57850
20240209,12:17:11,1.55,50,57850
20240209,12:17:12,1.55,50,57850
20240209,12:17:13,1.55,50,57850
20240209,12:17:14,1.55,50,57850
20240209,12:17:15,1.55,50,57850
20240209,12:17:16,1.55,50,57850
20240209,12:17:17,1.55,50,57850
20240209,12:17:18,1.55,50,57850
20240209,12:17:19,1.55,50,57850
20240209,12:17:20,1.55,50,57850
20240209,12:17:21,1.55,50,57850
20240209,12:17:22,1.55,50,57850
20240209,12:17:23,1.55,50,57850
20240209,12:17:24,1.55,50,57850
20240209,12:17:25,1.55,50,57850
20240209,12:17:26,1.55,50,57850
20240209,12:17:27,1.55,100,57850
20240209,12:17:56,1.5,50,57850
20240209,12:18:19,1.5,100,57850
20240209,12:19:03,1.45,50,57850
20240209,12:19:04,1.45,50,57850
20240209,12:19:05,1.45,50,57850
20240209,12:19:06,1.45,50,57850
20240209,12:19:07,1.45,50,57850
20240209,12:19:08,1.45,50,57850
20240209,12:19:09,1.45,50,57850
20240209,12:20:34,1.5,50,57850
20240209,12:20:35,1.5,50,58900
20240209,12:20:36,1.5,50,58900
20240209,12:20:37,1.5,50,58900
20240209,12:20:38,1.5,50,58900
20240209,12:20:39,1.5,50,58900
20240209,12:20:40,1.5,50,58900
20240209,12:20:41,1.5,50,58900
20240209,12:20:42,1.5,50,58900
20240209,12:20:43,1.5,50,58900
20240209,12:20:44,1.5,100,58900
20240209,12:20:45,1.5,50,58900
20240209,12:20:46,1.5,50,58900
20240209,12:20:47,1.5,50,58900
20240209,12:20:48,1.5,50,58900
20240209,12:20:49,1.5,50,58900
20240209,12:20:50,1.5,50,58900
20240209,12:20:51,1.5,50,58900
20240209,12:20:52,1.5,50,58900
20240209,12:20:53,1.5,50,58900
20240209,12:20:54,1.5,50,58900
20240209,12:20:55,1.5,50,58900
20240209,12:20:56,1.5,50,58900
20240209,12:20:57,1.5,100,58900
20240209,12:20:58,1.5,250,58900
20240209,12:20:59,1.5,150,58900
20240209,12:21:00,1.55,50,58900
20240209,12:21:01,1.55,50,58900
20240209,12:21:02,1.55,50,58900
20240209,12:21:03,1.55,50,58900
20240209,12:21:04,1.55,50,58900
20240209,12:21:05,1.55,50,58900
20240209,12:21:07,1.55,50,58900
20240209,12:21:11,1.55,50,58900
20240209,12:21:12,1.55,50,58900
20240209,12:21:13,1.55,50,58900
20240209,12:21:20,1.55,50,58900
20240209,12:21:21,1.55,50,58900
20240209,12:21:22,1.55,50,58900
20240209,12:21:23,1.5,100,58900
20240209,12:21:24,1.55,50,58900
20240209,12:21:25,1.55,1850,58900
20240209,12:21:26,1.55,50,58900
20240209,12:21:27,1.55,50,58900
20240209,12:21:28,1.55,50,58900
20240209,12:21:29,1.55,50,58900
20240209,12:21:30,1.55,50,58900
20240209,12:21:31,1.55,50,58900
20240209,12:21:32,1.55,50,58900
20240209,12:21:33,1.55,50,58900
20240209,12:21:34,1.55,50,58900
20240209,12:21:35,1.55,50,58900
20240209,12:21:36,1.55,50,58900
20240209,12:21:37,1.55,50,58900
20240209,12:21:38,1.55,50,58900
20240209,12:21:39,1.55,50,58900
20240209,12:21:40,1.55,50,58900
20240209,12:21:41,1.55,50,58900
20240209,12:21:42,1.55,50,58900
20240209,12:21:43,1.55,50,58900
20240209,12:21:44,1.55,50,58900
20240209,12:21:45,1.55,50,58900
20240209,12:21:46,1.55,50,58900
20240209,12:21:47,1.55,50,58900
20240209,12:21:48,1.55,50,58900
20240209,12:21:49,1.55,50,58900
20240209,12:21:50,1.55,50,58900
20240209,12:21:51,1.55,50,58900
20240209,12:21:52,1.55,50,58900
20240209,12:21:53,1.55,50,58900
20240209,12:21:54,1.55,50,58900
20240209,12:21:55,1.55,50,58900
20240209,12:21:57,1.55,50,58900
20240209,12:22:06,1.55,50,58900
20240209,12:22:07,1.55,50,58900
20240209,12:22:08,1.55,50,58900
20240209,12:22:09,1.55,50,58900
20240209,12:22:10,1.55,50,58900
20240209,12:22:11,1.55,50,58900
20240209,12:22:12,1.55,50,58900
20240209,12:22:13,1.55,50,58900
20240209,12:22:14,1.55,50,58900
20240209,12:22:15,1.55,50,58900
20240209,12:22:17,1.55,50,58900
20240209,12:22:18,1.55,50,58900
20240209,12:22:19,1.55,50,58900
20240209,12:22:20,1.55,50,58900
20240209,12:22:21,1.55,50,58900
20240209,12:22:22,1.5,150,58900
20240209,12:22:23,1.55,50,58900
20240209,12:22:24,1.55,50,58900
20240209,12:22:25,1.55,50,58900
20240209,12:22:27,1.55,100,58900
20240209,12:22:28,1.55,50,58900
20240209,12:22:30,1.55,50,58900
20240209,12:22:33,1.55,50,58900
20240209,12:22:34,1.55,50,58900
20240209,12:22:36,1.55,100,58900
20240209,12:23:04,1.5,50,58900
20240209,12:23:11,1.55,50,64850
20240209,12:24:03,1.5,650,64850
20240209,12:24:24,1.5,250,64850
20240209,12:24:47,1.5,50,64850
20240209,12:24:48,1.5,50,64850
20240209,12:25:07,1.45,1800,64850
20240209,12:25:12,1.5,100,64850
20240209,12:25:49,1.5,50,62450
20240209,12:25:50,1.5,50,62450
20240209,12:25:51,1.5,50,62450
20240209,12:25:52,1.5,50,62450
20240209,12:25:53,1.5,50,62450
20240209,12:25:54,1.5,50,62450
20240209,12:25:55,1.5,50,62450
20240209,12:25:56,1.5,50,62450
20240209,12:25:57,1.5,50,62450
20240209,12:25:58,1.5,50,62450
20240209,12:25:59,1.5,50,62450
20240209,12:26:00,1.5,50,62450
20240209,12:26:05,1.5,50,62450
20240209,12:26:07,1.5,50,62450
20240209,12:26:08,1.5,50,62450
20240209,12:26:09,1.5,50,62450
20240209,12:26:10,1.5,50,62450
20240209,12:26:11,1.55,50,62450
20240209,12:26:12,1.55,50,62450
20240209,12:26:13,1.55,50,62450
20240209,12:26:14,1.55,50,62450
20240209,12:26:48,1.55,50,62450
20240209,12:26:50,1.55,50,62450
20240209,12:26:51,1.55,50,62450
20240209,12:26:52,1.55,50,62450
20240209,12:26:53,1.55,50,62450
20240209,12:26:54,1.55,50,62450
20240209,12:26:55,1.55,50,62450
20240209,12:26:56,1.55,50,62450
20240209,12:26:57,1.55,50,62450
20240209,12:26:58,1.55,50,62450
20240209,12:26:59,1.55,50,62450
20240209,12:27:00,1.55,50,62450
20240209,12:27:00,1.55,100,62450
20240209,12:27:01,1.55,50,62450
20240209,12:27:02,1.55,50,62450
20240209,12:27:03,1.55,50,62450
20240209,12:27:04,1.55,50,62450
20240209,12:27:05,1.55,50,62450
20240209,12:27:06,1.55,50,62450
20240209,12:27:07,1.55,50,62450
20240209,12:27:08,1.55,50,62450
20240209,12:27:09,1.55,50,62450
20240209,12:27:10,1.55,50,62450
20240209,12:27:11,1.55,50,62450
20240209,12:27:12,1.55,50,62450
20240209,12:27:13,1.55,50,62450
20240209,12:27:14,1.55,50,62450
20240209,12:27:15,1.55,50,62450
20240209,12:27:16,1.55,50,62450
20240209,12:27:17,1.55,50,62450
20240209,12:27:18,1.55,50,62450
20240209,12:27:19,1.55,50,62450
20240209,12:27:20,1.55,50,62450
20240209,12:27:21,1.55,50,62450
20240209,12:27:22,1.55,1300,62450
20240209,12:27:23,1.55,200,62450
20240209,12:27:24,1.55,50,62450
20240209,12:27:25,1.55,50,62450
20240209,12:27:26,1.55,300,62450
20240209,12:27:27,1.55,50,62450
20240209,12:27:28,1.55,100,62450
20240209,12:27:29,1.55,100,62450
20240209,12:27:30,1.55,50,62450
20240209,12:27:31,1.55,50,62450
20240209,12:27:32,1.55,100,62450
20240209,12:27:33,1.55,100,62450
20240209,12:27:34,1.55,50,62450
20240209,12:27:35,1.55,100,62450
20240209,12:27:36,1.55,50,62450
20240209,12:27:37,1.55,450,62450
20240209,12:27:38,1.55,50,62450
20240209,12:27:39,1.55,100,62450
20240209,12:27:40,1.55,50,62450
20240209,12:27:41,1.55,100,62450
20240209,12:27:42,1.55,50,62450
20240209,12:27:43,1.55,100,62450
20240209,12:27:44,1.55,50,62450
20240209,12:27:45,1.55,100,62450
20240209,12:27:46,1.55,50,62450
20240209,12:27:47,1.55,100,62450
20240209,12:28:13,1.5,50,62450
20240209,12:28:18,1.55,50,62450
20240209,12:28:23,1.55,50,62450
20240209,12:28:27,1.55,50,62450
20240209,12:28:29,1.55,50,62450
20240209,12:28:30,1.55,50,62450
20240209,12:28:31,1.55,50,62450
20240209,12:29:09,1.55,50,62450
20240209,12:29:10,1.55,50,65200
20240209,12:29:11,1.55,50,65200
20240209,12:29:12,1.55,50,65200
20240209,12:29:14,1.55,50,65200
20240209,12:29:15,1.55,50,65200
20240209,12:29:16,1.55,50,65200
20240209,12:29:17,1.55,50,65200
20240209,12:29:18,1.55,50,65200
20240209,12:29:19,1.55,50,65200
20240209,12:29:20,1.55,50,65200
20240209,12:29:21,1.55,50,65200
20240209,12:29:22,1.55,50,65200
20240209,12:29:23,1.5,100,65200
20240209,12:29:24,1.55,50,65200
20240209,12:29:25,1.55,50,65200
20240209,12:29:26,1.5,100,65200
20240209,12:29:27,1.55,50,65200
20240209,12:29:28,1.55,50,65200
20240209,12:29:29,1.55,50,65200
20240209,12:29:30,1.55,50,65200
20240209,12:29:31,1.55,50,65200
20240209,12:29:32,1.55,50,65200
20240209,12:29:33,1.55,50,65200
20240209,12:29:34,1.55,50,65200
20240209,12:30:24,1.5,50,65200
20240209,12:30:25,1.5,200,65200
20240209,12:30:26,1.5,250,65200
20240209,12:30:27,1.5,200,65200
20240209,12:30:28,1.5,200,65200
20240209,12:30:29,1.5,200,65200
20240209,12:30:30,1.5,200,65200
20240209,12:30:31,1.5,250,65200
20240209,12:30:32,1.5,200,65200
20240209,12:30:33,1.5,150,65200
20240209,12:30:35,1.45,50,65200
20240209,12:30:36,1.45,200,65200
20240209,12:30:37,1.45,200,65200
20240209,12:30:38,1.45,200,65200
20240209,12:30:39,1.45,200,65200
20240209,12:30:40,1.45,200,65200
20240209,12:30:41,1.45,150,65200
20240209,12:30:42,1.45,150,65200
20240209,12:30:43,1.45,150,65200
20240209,12:30:44,1.45,150,65200
20240209,12:30:45,1.45,150,65200
20240209,12:30:48,1.4,150,65200
20240209,12:30:51,1.4,150,65200
20240209,12:30:52,1.4,150,65200
20240209,12:30:57,1.45,450,65200
20240209,12:30:58,1.4,150,65200
20240209,12:30:59,1.4,150,65200
20240209,12:31:00,1.4,150,65200
20240209,12:31:01,1.4,150,65200
20240209,12:31:07,1.4,150,65200
20240209,12:31:08,1.4,150,65200
20240209,12:31:09,1.4,150,65200
20240209,12:31:10,1.4,150,65200
20240209,12:31:11,1.4,150,65200
20240209,12:31:12,1.4,150,65200
20240209,12:31:27,1.45,50,65200
20240209,12:32:00,1.5,50,65200
20240209,12:32:01,1.5,50,61900
20240209,12:32:02,1.5,50,61900
20240209,12:32:03,1.5,50,61900
20240209,12:32:07,1.5,50,61900
20240209,12:32:08,1.5,50,61900
20240209,12:32:09,1.5,50,61900
20240209,12:32:14,1.5,50,61900
20240209,12:32:15,1.5,50,61900
20240209,12:32:16,1.5,50,61900
20240209,12:32:17,1.5,50,61900
20240209,12:32:18,1.5,50,61900
20240209,12:32:19,1.5,50,61900
20240209,12:32:20,1.5,50,61900
20240209,12:32:21,1.5,50,61900
20240209,12:32:22,1.5,50,61900
20240209,12:32:23,1.5,100,61900
20240209,12:32:24,1.5,100,61900
20240209,12:32:25,1.5,150,61900
20240209,12:32:26,1.5,150,61900
20240209,12:32:27,1.5,50,61900
20240209,12:32:28,1.5,50,61900
20240209,12:32:29,1.5,50,61900
20240209,12:32:30,1.5,200,61900
20240209,12:32:31,1.5,200,61900
20240209,12:32:32,1.5,200,61900
20240209,12:32:33,1.5,50,61900
20240209,12:32:34,1.5,50,61900
20240209,12:32:35,1.5,200,61900
20240209,12:32:36,1.5,200,61900
20240209,12:32:37,1.5,200,61900
20240209,12:32:38,1.55,200,61900
20240209,12:32:39,1.55,200,61900
20240209,12:32:41,1.55,50,61900
20240209,12:32:42,1.55,50,61900
20240209,12:32:43,1.55,50,61900
20240209,12:32:44,1.55,50,61900
20240209,12:32:46,1.55,50,61900
20240209,12:32:48,1.55,50,61900
20240209,12:32:49,1.55,50,61900
20240209,12:32:49,1.5,100,61900
20240209,12:32:50,1.55,50,61900
20240209,12:32:51,1.55,50,61900
20240209,12:32:52,1.5,150,61900
20240209,12:32:53,1.55,50,61900
20240209,12:32:54,1.55,50,61900
20240209,12:32:55,1.55,200,61900
20240209,12:32:56,1.55,200,61900
20240209,12:32:57,1.55,200,61900
20240209,12:32:58,1.55,50,61900
20240209,12:32:59,1.55,50,61900
20240209,12:33:00,1.55,50,61900
20240209,12:33:01,1.55,50,61900
20240209,12:33:02,1.55,50,61900
20240209,12:33:03,1.55,200,61900
20240209,12:33:04,1.55,200,61900
20240209,12:33:05,1.55,200,61900
20240209,12:33:06,1.55,200,61900
20240209,12:33:07,1.55,200,61900
20240209,12:33:22,1.5,3000,61900
20240209,12:33:24,1.5,50,61900
20240209,12:33:39,1.45,50,61900
20240209,12:33:40,1.45,200,61900
20240209,12:33:41,1.45,200,61900
20240209,12:33:42,1.45,200,61900
20240209,12:33:43,1.45,200,61900
20240209,12:33:44,1.45,200,61900
20240209,12:33:45,1.45,200,61900
20240209,12:33:47,1.45,250,61900
20240209,12:33:48,1.45,200,61900
20240209,12:33:49,1.45,200,61900
20240209,12:33:50,1.45,200,61900
20240209,12:33:52,1.45,400,61900
20240209,12:33:53,1.45,1700,61900
20240209,12:33:56,1.4,200,61900
20240209,12:33:57,1.4,200,61900
20240209,12:33:58,1.4,200,61900
20240209,12:33:59,1.4,200,61900
20240209,12:34:00,1.4,200,61900
20240209,12:34:01,1.4,250,61900
20240209,12:34:02,1.4,200,61900
20240209,12:34:04,1.4,350,61900
20240209,12:34:05,1.4,200,61900
20240209,12:34:07,1.4,300,61900
20240209,12:34:08,1.35,150,61900
20240209,12:34:10,1.35,300,61900
20240209,12:34:11,1.35,150,61900
20240209,12:34:12,1.35,150,61900
20240209,12:34:13,1.35,150,61900
20240209,12:34:14,1.35,150,61900
20240209,12:34:16,1.35,300,61900
20240209,12:34:17,1.35,150,61900
20240209,12:34:18,1.35,150,61900
20240209,12:34:29,1.4,50,61900
20240209,12:34:34,1.4,50,61900
20240209,12:35:10,1.35,150,58250
20240209,12:35:12,1.35,150,58250
20240209,12:36:32,1.4,50,58250
20240209,12:37:07,1.4,100,58250
20240209,12:37:08,1.4,50,58250
20240209,12:38:10,1.4,50,58150
20240209,12:38:20,1.4,50,58150
20240209,12:38:34,1.4,50,58150
20240209,12:39:03,1.4,1100,58150
20240209,12:42:09,1.45,50,58200
20240209,12:43:11,1.4,50,58200
20240209,12:43:38,1.4,50,58200
20240209,12:44:37,1.4,50,58200
20240209,12:49:18,1.45,50,58200
20240209,12:49:19,1.45,50,58200
20240209,12:49:20,1.45,50,58200
20240209,12:49:21,1.45,50,58200
20240209,12:49:22,1.45,50,58200
20240209,12:49:23,1.45,50,58200
20240209,12:49:24,1.45,100,58200
20240209,12:49:25,1.45,150,58200
20240209,12:49:26,1.45,150,58200
