date,time,tick_price,volume,open_interest
20231128,15:19:35,560.0,50,50
20231130,09:19:46,451.5,1,50
20231130,09:19:46,451.5,350,50
20231130,09:21:10,450.5,350,400
20231130,09:24:14,446.75,100,750
20231130,09:24:22,446.75,50,750
20231130,09:33:10,446.75,250,900
20231130,09:36:56,443.8,100,1150
20231130,09:37:04,443.8,100,1150
20231130,09:40:20,449.5,50,1250
20231130,09:55:29,500.0,50,1300
20231130,09:59:17,500.0,50,1300
20231130,09:59:26,494.8,1000,1300
20231130,09:59:35,492.35,250,1300
20231130,10:06:46,498.55,50,2450
20231130,10:41:18,480.15,50,2450
20231130,11:03:44,476.0,50,2500
20231130,11:10:04,483.0,50,2450
20231130,15:19:17,447.0,50,2450
20231130,15:24:16,432.5,50,2450
20231130,15:28:51,432.5,50,2500
20231201,09:15:38,409.55,1,2500
20231201,09:15:38,409.55,200,2500
20231201,09:16:02,411.35,100,2500
20231201,09:16:09,412.2,250,2500
20231201,09:16:15,413.45,300,2500
20231201,09:16:21,410.45,200,2500
20231201,09:16:34,413.0,50,2500
20231201,09:17:12,411.55,400,2500
20231201,09:17:24,411.55,50,2500
20231201,09:17:49,410.55,400,2500
20231201,09:19:28,403.0,750,2500
20231201,09:20:24,402.05,50,3050
20231201,09:22:56,401.6,450,3050
20231201,09:23:41,400.05,50,3500
20231201,09:25:34,400.0,150,3500
20231201,09:25:57,399.45,50,3500
20231201,09:26:42,397.0,50,3650
20231201,09:27:05,397.0,100,3650
20231201,09:27:20,396.65,50,3650
20231201,09:28:36,396.65,50,3650
20231201,09:30:03,395.75,50,3900
20231201,09:31:14,395.0,250,3900
20231201,09:41:53,395.0,50,4200
20231201,09:45:45,397.75,50,4250
20231201,09:49:53,390.0,100,4250
20231201,09:50:47,387.75,100,4350
20231201,09:52:31,381.9,50,4350
20231201,09:54:40,373.15,100,4400
20231201,09:54:48,373.15,100,4400
20231201,10:09:34,389.3,50,4500
20231201,10:17:53,385.0,200,4500
20231201,10:27:47,385.0,50,4700
20231201,10:30:32,392.0,200,4750
20231201,10:52:21,392.0,500,4850
20231201,10:58:08,389.0,50,4850
20231201,10:59:33,383.3,500,4900
20231201,11:00:45,383.3,50,4900
20231201,11:02:28,384.25,50,4900
20231201,11:26:29,380.0,50,5450
20231201,11:31:01,379.0,500,5500
20231201,11:32:57,380.05,50,5400
20231201,11:34:12,380.1,50,5400
20231201,11:40:27,381.2,50,5450
20231201,11:50:21,385.0,50,5500
20231201,12:01:12,384.0,200,5550
20231201,12:16:03,386.35,50,5550
20231201,12:45:22,390.5,500,5700
20231201,12:51:16,389.8,50,6100
20231201,12:56:39,387.5,200,6150
20231201,12:59:25,388.0,50,6200
20231201,13:04:30,380.75,50,6200
20231201,13:04:39,381.5,50,6200
20231201,13:10:05,386.6,50,6100
20231201,13:11:38,385.0,200,6100
20231201,13:21:27,387.75,50,6250
20231201,13:21:55,386.0,50,6250
20231201,13:22:07,386.0,50,6250
20231201,13:31:48,384.5,250,6300
20231201,13:48:53,383.0,50,6550
20231201,13:56:16,380.0,50,6550
20231201,14:03:54,379.7,50,6550
20231201,14:04:48,375.0,100,6550
20231201,14:06:43,374.45,50,6600
20231201,14:08:39,377.35,50,6600
20231201,14:21:15,375.45,100,6600
20231201,14:22:22,376.55,50,6600
20231201,14:24:46,377.0,150,6600
20231201,14:25:43,377.95,50,6600
20231201,14:26:50,377.0,150,6600
20231201,14:26:56,377.0,350,6600
20231201,14:28:21,378.0,50,7150
20231201,14:40:17,383.0,300,7200
20231201,15:14:40,382.0,50,7200
20231201,15:16:24,381.0,50,7250
20231201,15:22:27,381.0,100,7300
20231201,15:26:19,381.9,200,7400
20231201,15:27:27,382.0,50,7300
20231201,15:27:36,382.0,50,7300
20231201,15:27:53,382.35,50,7300
20231201,15:28:02,383.0,100,7300
20231201,15:28:28,384.95,550,7300
20231201,15:29:20,383.65,100,7300
20231204,09:15:13,255.0,1,7200
20231204,09:15:13,272.45,100,7200
20231204,09:15:22,300.0,250,7200
20231204,09:15:29,299.95,50,7200
20231204,09:15:36,264.5,1150,7200
20231204,09:15:58,263.3,50,7200
20231204,09:16:06,264.5,200,7200
20231204,09:16:14,263.0,100,7200
20231204,09:16:22,262.55,200,7200
20231204,09:16:29,260.0,600,7200
20231204,09:16:37,260.0,150,7200
20231204,09:16:52,259.95,650,7200
20231204,09:16:59,259.95,50,7200
20231204,09:17:16,260.0,200,7200
20231204,09:17:23,259.95,400,8800
20231204,09:17:31,258.0,200,8800
20231204,09:18:26,265.0,1750,8800
20231204,09:19:05,270.0,300,8800
20231204,09:19:13,270.0,600,8800
20231204,09:19:21,270.0,100,8800
20231204,09:19:28,272.45,150,8800
20231204,09:19:52,272.45,150,8800
20231204,09:20:00,268.1,100,8800
20231204,09:20:09,268.05,100,8800
20231204,09:20:18,269.8,50,8800
20231204,09:20:35,266.05,400,11100
20231204,09:21:06,272.75,100,11100
20231204,09:21:18,272.0,500,11100
20231204,09:21:21,275.0,1000,11100
20231204,09:21:29,272.7,50,11100
20231204,09:21:49,272.0,50,11100
20231204,09:22:04,270.0,100,11100
20231204,09:22:22,270.0,100,11100
20231204,09:22:31,270.0,150,11100
20231204,09:22:32,270.0,150,11100
20231204,09:22:36,266.4,50,11100
20231204,09:22:49,267.05,200,11100
20231204,09:22:51,267.0,50,11100
20231204,09:22:52,270.2,100,11100
20231204,09:22:55,266.1,100,11100
20231204,09:23:02,266.0,200,11100
20231204,09:23:08,265.0,250,11100
20231204,09:23:14,265.0,300,11100
20231204,09:23:18,264.45,50,11100
20231204,09:23:44,260.0,100,13550
20231204,09:24:01,256.0,100,13550
20231204,09:24:10,255.0,1850,13550
20231204,09:24:35,255.6,50,13550
20231204,09:24:52,256.25,50,13550
20231204,09:25:00,256.5,350,13550
20231204,09:25:09,257.75,50,13550
20231204,09:25:17,259.35,550,13550
20231204,09:25:25,259.2,200,13550
20231204,09:25:42,259.15,150,13550
20231204,09:25:59,257.8,150,13550
20231204,09:26:07,257.3,250,13550
20231204,09:26:24,256.2,150,16750
20231204,09:26:33,256.0,1800,16750
20231204,09:26:41,256.15,150,16750
20231204,09:27:07,255.5,350,16750
20231204,09:27:16,255.7,50,16750
20231204,09:27:24,254.2,200,16750
20231204,09:27:32,253.05,750,16750
20231204,09:27:49,254.1,500,16750
20231204,09:27:57,253.7,300,16750
20231204,09:28:06,251.7,400,16750
20231204,09:28:14,252.6,300,16750
20231204,09:28:31,253.0,150,16750
20231204,09:29:04,253.0,100,16750
20231204,09:29:12,253.0,250,16750
20231204,09:29:45,252.75,50,17450
20231204,09:30:01,253.0,100,17450
20231204,09:30:26,252.0,150,17450
20231204,09:30:34,251.75,50,17450
20231204,09:30:43,250.95,100,17450
20231204,09:31:08,250.4,150,17450
20231204,09:31:16,250.4,250,17450
20231204,09:31:33,250.0,300,17450
20231204,09:31:41,250.0,100,17450
20231204,09:31:50,250.0,1500,17450
20231204,09:31:58,250.0,1300,17450
20231204,09:32:06,249.45,100,17450
20231204,09:32:23,248.05,50,17450
20231204,09:32:32,248.05,200,21450
20231204,09:32:40,248.65,100,21450
20231204,09:32:48,249.4,50,21450
20231204,09:32:57,248.0,350,21450
20231204,09:33:05,248.0,100,21450
20231204,09:33:14,251.5,50,21450
20231204,09:33:32,250.0,550,21450
20231204,09:33:40,249.95,100,21450
20231204,09:33:45,249.0,1450,21450
20231204,09:33:46,249.0,350,21450
20231204,09:34:07,249.0,250,21450
20231204,09:34:20,248.95,50,21450
20231204,09:34:31,248.05,50,21450
20231204,09:34:40,247.0,1800,21450
20231204,09:34:52,247.0,50,21450
20231204,09:35:00,247.75,50,21450
20231204,09:35:55,248.5,100,24550
20231204,09:36:12,248.5,50,24550
20231204,09:36:20,248.0,50,24550
20231204,09:36:45,250.75,150,24550
20231204,09:37:09,249.4,1000,24550
20231204,09:37:17,249.0,50,24550
20231204,09:37:25,249.05,400,24550
20231204,09:37:48,249.5,100,24550
20231204,09:38:20,249.15,50,24550
20231204,09:38:43,249.15,50,25950
20231204,09:38:51,250.1,50,25950
20231204,09:38:59,249.65,50,25950
20231204,09:39:45,249.75,50,25950
20231204,09:41:17,252.0,450,25950
20231204,09:41:41,253.0,100,26550
20231204,09:41:49,253.4,50,26550
20231204,09:41:57,253.0,1050,26550
20231204,09:42:30,254.0,750,26550
20231204,09:42:46,254.0,50,26550
20231204,09:42:54,253.0,50,26550
20231204,09:43:02,252.0,250,26550
20231204,09:43:10,252.6,150,26550
20231204,09:43:18,252.6,200,26550
20231204,09:43:26,252.6,200,26550
20231204,09:43:58,252.0,100,26550
20231204,09:44:14,252.0,50,26550
20231204,09:44:37,254.5,100,26550
20231204,09:44:45,254.0,100,27950
20231204,09:45:47,257.0,50,27950
20231204,09:46:22,256.35,1000,27950
20231204,09:46:34,257.15,350,27950
20231204,09:46:36,256.35,200,27950
20231204,09:46:57,256.35,250,27950
20231204,09:47:05,256.75,100,27950
20231204,09:47:38,257.5,50,29200
20231204,09:48:29,255.0,100,29200
20231204,09:49:25,256.5,100,29200
20231204,09:49:59,255.25,600,29200
20231204,09:50:07,255.2,300,29200
20231204,09:50:24,252.5,100,29200
20231204,09:50:33,251.8,50,29800
20231204,09:50:42,251.8,100,29800
20231204,09:50:59,252.5,200,29800
20231204,09:51:24,253.25,200,29800
20231204,09:51:33,252.85,600,29800
20231204,09:51:58,252.5,200,29800
20231204,09:52:22,253.5,300,29800
20231204,09:52:55,253.5,100,29800
20231204,09:53:03,253.55,1050,29800
20231204,09:53:20,254.0,50,29800
20231204,09:53:37,254.0,450,31200
20231204,09:54:09,254.0,400,31200
20231204,09:54:17,254.0,600,31200
20231204,09:55:07,256.0,50,31200
20231204,09:55:53,256.0,500,31200
20231204,09:56:04,255.75,250,31200
20231204,09:56:08,255.3,50,31200
20231204,09:56:21,255.3,50,31200
20231204,09:56:30,254.95,500,31150
20231204,09:57:54,256.0,50,31150
20231204,09:58:04,257.0,1000,31150
20231204,09:58:49,256.05,50,31150
20231204,09:58:55,256.4,1000,31150
20231204,09:59:00,255.0,550,31150
20231204,09:59:01,255.0,250,31150
20231204,09:59:54,254.65,200,30600
20231204,10:01:24,254.0,500,30600
20231204,10:01:41,252.6,50,30600
20231204,10:02:16,253.0,1800,30600
20231204,10:02:33,254.15,200,28950
20231204,10:03:35,257.5,350,28950
20231204,10:03:38,257.85,50,28950
20231204,10:04:31,258.0,50,28950
20231204,10:04:39,257.95,50,28950
20231204,10:05:45,258.0,50,28800
20231204,10:06:03,260.0,200,28800
20231204,10:06:38,259.0,50,28800
20231204,10:07:21,258.5,50,28800
20231204,10:07:38,258.2,150,28800
20231204,10:07:45,258.0,300,28800
20231204,10:08:41,255.0,300,29000
20231204,10:09:06,255.0,50,29000
20231204,10:09:12,255.0,50,29000
20231204,10:09:17,255.0,100,29000
20231204,10:09:41,255.0,150,29000
20231204,10:09:51,255.5,150,29000
20231204,10:10:32,256.25,150,29000
20231204,10:13:01,257.35,250,29450
20231204,10:14:05,256.15,1800,29450
20231204,10:15:09,257.0,50,31050
20231204,10:15:35,258.9,50,31050
20231204,10:17:02,259.0,350,31050
20231204,10:17:05,258.9,300,31050
20231204,10:17:12,259.0,200,31050
20231204,10:17:17,260.0,100,31050
20231204,10:17:23,259.0,50,31050
20231204,10:17:33,259.4,50,30850
20231204,10:17:36,259.1,50,30850
20231204,10:18:46,259.45,1000,30850
20231204,10:19:30,259.5,150,30850
20231204,10:19:59,259.05,50,30850
20231204,10:20:58,259.05,50,31350
20231204,10:21:15,260.0,50,31350
20231204,10:21:39,259.1,50,31350
20231204,10:22:15,261.0,50,31350
20231204,10:22:36,259.0,250,31350
20231204,10:22:49,259.0,50,31350
20231204,10:22:52,259.0,800,31350
20231204,10:25:39,255.0,250,31400
20231204,10:27:26,252.0,100,31400
20231204,10:27:28,250.0,200,31400
20231204,10:27:47,251.9,50,31400
20231204,10:29:13,252.45,50,31400
20231204,10:29:14,251.9,150,31400
20231204,10:29:32,252.0,150,31400
20231204,10:31:23,255.95,50,31400
20231204,10:31:48,255.0,50,31400
20231204,10:32:08,255.45,100,31400
20231204,10:32:43,255.5,50,31450
20231204,10:35:22,257.4,400,31450
20231204,10:35:25,256.0,100,31450
20231204,10:36:37,257.5,200,31950
20231204,10:37:31,256.55,500,31950
20231204,10:38:37,257.0,50,32450
20231204,10:39:56,257.0,100,32450
20231204,10:40:12,256.5,250,32450
20231204,10:40:35,256.05,250,32450
20231204,10:41:57,255.0,350,32700
20231204,10:42:06,254.1,50,32700
20231204,10:43:33,250.8,100,32700
20231204,10:43:45,251.6,200,32700
20231204,10:43:54,252.5,600,32700
20231204,10:44:01,251.6,400,32700
20231204,10:44:40,252.0,50,32500
20231204,10:44:54,252.15,50,32500
20231204,10:46:11,253.0,50,32500
20231204,10:46:20,253.0,200,32500
20231204,10:46:22,253.0,350,32500
20231204,10:46:59,253.0,100,32500
20231204,10:47:39,251.7,50,32700
20231204,10:48:23,251.7,50,32700
20231204,10:48:36,251.7,50,32700
20231204,10:48:44,251.7,150,32700
20231204,10:49:11,254.15,50,32700
20231204,10:49:24,254.05,100,32700
20231204,10:50:14,254.05,150,32700
20231204,10:50:21,254.05,50,32700
20231204,10:50:49,253.45,50,33000
20231204,10:50:58,252.55,50,33000
20231204,10:51:05,253.1,50,33000
20231204,10:51:47,252.45,50,33000
20231204,10:52:01,252.25,50,33000
20231204,10:52:47,251.65,100,33000
20231204,10:52:55,251.7,50,33000
20231204,10:53:50,251.35,100,33250
20231204,10:54:15,251.0,700,33250
20231204,10:54:55,251.45,50,33250
20231204,10:56:42,252.5,700,33300
20231204,10:58:16,252.5,50,33300
20231204,10:59:29,252.8,1500,33300
20231204,10:59:36,252.0,50,33300
20231204,10:59:42,252.6,100,34300
20231204,10:59:55,252.0,900,34300
20231204,11:00:20,250.55,450,34300
20231204,11:00:25,250.0,300,34300
20231204,11:00:26,249.45,100,34300
20231204,11:00:27,249.5,50,34300
20231204,11:00:30,249.9,100,34300
20231204,11:00:33,249.5,1800,34300
20231204,11:00:42,249.65,50,34300
20231204,11:00:51,249.8,1000,34300
20231204,11:00:59,249.95,50,34300
20231204,11:01:06,249.95,350,34300
20231204,11:01:15,250.5,50,34300
20231204,11:01:47,249.85,3600,34300
20231204,11:01:55,251.3,50,34300
20231204,11:02:03,250.5,200,34300
20231204,11:02:28,250.45,100,34300
20231204,11:02:44,251.2,50,36600
20231204,11:04:22,250.0,50,36600
20231204,11:04:41,249.0,50,36600
20231204,11:04:42,249.0,50,36600
20231204,11:05:11,248.9,100,36600
20231204,11:05:19,248.95,50,36600
20231204,11:05:27,250.1,50,36600
20231204,11:06:42,249.5,500,36750
20231204,11:06:48,249.6,50,36750
20231204,11:07:22,248.8,100,36750
20231204,11:09:10,248.5,100,36750
20231204,11:10:15,248.5,50,37300
20231204,11:10:56,248.5,50,37300
20231204,11:11:05,248.0,750,37300
20231204,11:11:21,247.05,50,37300
20231204,11:11:31,247.1,150,37300
20231204,11:11:35,245.0,200,37300
20231204,11:11:37,244.65,200,38500
20231204,11:12:07,244.65,50,38500
20231204,11:12:20,245.2,500,38500
20231204,11:12:29,245.85,50,38500
20231204,11:12:46,246.2,50,38500
20231204,11:13:01,246.1,50,38500
20231204,11:13:02,246.1,50,38500
20231204,11:13:18,245.5,50,38500
20231204,11:13:19,245.6,50,38500
20231204,11:13:25,245.0,50,38500
20231204,11:13:33,245.6,50,38500
20231204,11:13:36,245.55,50,38500
20231204,11:13:53,245.2,100,38500
20231204,11:14:05,245.0,150,38500
20231204,11:14:08,244.85,50,38500
20231204,11:14:26,244.45,50,38500
20231204,11:15:04,243.5,50,38500
20231204,11:15:07,242.5,50,38200
20231204,11:15:18,242.2,50,38200
20231204,11:15:19,242.2,150,38200
20231204,11:15:47,242.1,50,38200
20231204,11:16:10,241.0,100,38200
20231204,11:16:12,242.0,200,38200
20231204,11:16:28,242.1,50,38200
20231204,11:16:33,242.1,50,38200
20231204,11:16:35,243.4,50,38200
20231204,11:17:01,242.4,100,38200
20231204,11:17:48,242.55,50,38400
20231204,11:17:59,241.65,100,38400
20231204,11:19:18,242.95,50,38400
20231204,11:19:23,243.95,100,38400
20231204,11:19:44,242.35,50,38400
20231204,11:20:18,244.0,1100,38400
20231204,11:21:14,245.45,100,37950
20231204,11:21:22,244.65,250,37950
20231204,11:22:20,246.9,50,37950
20231204,11:22:58,246.65,50,37950
20231204,11:23:56,245.05,100,38350
20231204,11:24:11,245.05,50,38350
20231204,11:24:43,245.0,200,38350
20231204,11:25:04,244.25,100,38350
20231204,11:25:06,244.25,250,38350
20231204,11:25:22,244.25,50,38350
20231204,11:26:10,244.25,600,38350
20231204,11:26:32,244.35,900,38350
20231204,11:27:32,244.85,100,39250
20231204,11:27:48,245.0,200,39250
20231204,11:27:56,245.05,600,39250
20231204,11:28:52,246.0,50,39250
20231204,11:29:24,245.0,200,39250
20231204,11:29:31,245.0,100,39250
20231204,11:29:47,245.0,150,39150
20231204,11:30:02,246.0,50,39150
20231204,11:30:09,246.15,50,39150
20231204,11:30:17,246.0,50,39150
20231204,11:30:33,247.2,50,39150
20231204,11:30:40,247.2,100,39150
20231204,11:30:48,246.5,350,39150
20231204,11:31:03,246.5,50,39150
20231204,11:31:10,246.65,50,39150
20231204,11:31:17,246.55,50,39150
20231204,11:31:25,246.65,50,39150
20231204,11:31:32,246.5,100,39150
20231204,11:31:40,245.65,50,39150
20231204,11:31:47,245.25,50,39150
20231204,11:31:55,245.95,50,39150
20231204,11:32:03,245.25,100,39150
20231204,11:32:33,245.6,50,39150
20231204,11:32:48,245.8,50,39850
20231204,11:33:16,245.8,450,39850
20231204,11:33:31,246.0,50,39850
20231204,11:33:53,246.45,50,39850
20231204,11:34:00,246.05,100,39850
20231204,11:34:08,245.8,50,39850
20231204,11:34:57,245.8,150,39850
20231204,11:35:27,245.45,100,39850
20231204,11:36:10,245.2,100,40350
20231204,11:36:18,245.0,200,40350
20231204,11:36:49,245.35,50,40350
20231204,11:37:03,245.0,50,40350
20231204,11:38:16,244.35,50,40350
20231204,11:38:37,244.25,50,40350
20231204,11:38:44,244.0,50,40550
20231204,11:38:51,244.2,150,40550
20231204,11:39:12,244.5,50,40550
20231204,11:40:38,244.5,50,40550
20231204,11:41:44,244.1,100,40750
20231204,11:41:59,244.5,50,40750
20231204,11:42:44,244.5,200,40750
20231204,11:43:35,244.5,50,40750
20231204,11:44:18,244.6,100,40750
20231204,11:44:26,244.1,350,40750
20231204,11:44:42,242.55,50,40750
20231204,11:45:30,242.15,50,41600
20231204,11:45:46,242.35,150,41600
20231204,11:46:16,242.55,50,41600
20231204,11:46:31,242.4,150,41600
20231204,11:47:09,242.1,100,41600
20231204,11:48:03,242.9,50,41950
20231204,11:51:12,244.0,100,42000
20231204,11:53:11,244.95,100,42000
20231204,11:53:41,244.95,200,42000
20231204,11:54:55,242.0,7500,42350
20231204,11:56:07,244.15,100,42350
20231204,11:56:14,244.3,100,42350
20231204,11:56:50,244.25,50,46850
20231204,11:57:07,242.0,50,46850
20231204,11:57:15,242.75,50,46850
20231204,11:58:15,242.0,100,46850
20231204,11:58:22,242.0,50,46850
20231204,11:59:26,242.0,50,46850
20231204,12:00:02,242.0,850,47050
20231204,12:01:00,241.8,50,47050
20231204,12:01:59,243.4,550,47050
20231204,12:02:50,243.5,600,47550
20231204,12:04:07,241.7,50,47550
20231204,12:04:51,241.7,100,47550
20231204,12:05:06,241.65,150,47550
20231204,12:06:19,241.65,500,47850
20231204,12:06:42,242.65,400,47850
20231204,12:07:14,242.65,50,47850
20231204,12:08:00,242.2,1100,47850
20231204,12:08:24,243.75,50,47850
20231204,12:09:08,243.45,200,49400
20231204,12:09:31,243.0,1000,49400
20231204,12:10:10,241.3,50,49400
20231204,12:11:00,242.2,50,49400
20231204,12:11:23,241.0,150,49400
20231204,12:11:39,241.0,100,49400
20231204,12:12:11,240.05,100,49700
20231204,12:12:20,240.0,500,49700
20231204,12:12:30,239.05,50,49700
20231204,12:12:51,238.05,100,49700
20231204,12:13:06,238.0,100,49700
20231204,12:13:17,237.55,50,49700
20231204,12:13:23,236.75,200,49700
20231204,12:13:30,236.35,100,49700
20231204,12:13:32,236.35,50,49700
20231204,12:14:18,239.0,50,49700
20231204,12:14:32,239.0,50,49700
20231204,12:14:34,238.7,50,49700
20231204,12:14:38,238.7,50,49700
20231204,12:15:30,237.0,50,50400
20231204,12:15:46,238.3,50,50400
20231204,12:16:33,238.4,50,50400
20231204,12:16:35,238.3,50,50400
20231204,12:16:37,237.8,50,50400
20231204,12:16:47,237.9,50,50400
20231204,12:16:49,237.9,50,50400
20231204,12:16:51,237.9,50,50400
20231204,12:16:54,237.95,50,50400
20231204,12:17:01,238.4,50,50400
20231204,12:17:03,238.2,50,50400
20231204,12:17:18,238.25,50,50400
20231204,12:18:23,238.45,50,50600
20231204,12:18:49,240.0,200,50600
20231204,12:19:06,240.1,1800,50600
20231204,12:19:13,240.0,50,50600
20231204,12:19:45,239.35,50,50600
20231204,12:21:10,243.5,50,50600
20231204,12:21:19,243.5,400,50600
20231204,12:21:45,240.15,50,50600
20231204,12:22:02,238.7,200,50600
20231204,12:23:02,241.95,50,50600
20231204,12:23:33,241.15,50,50600
20231204,12:24:05,242.85,150,50700
20231204,12:25:38,243.5,50,50700
20231204,12:26:18,243.25,150,50700
20231204,12:26:35,243.25,350,50700
20231204,12:27:18,239.45,50,50650
20231204,12:27:19,239.2,50,50650
20231204,12:27:22,240.0,200,50650
20231204,12:29:20,241.3,100,50650
20231204,12:31:33,239.85,50,50750
20231204,12:33:36,238.8,50,50800
20231204,12:36:20,239.05,50,50800
20231204,12:38:01,240.0,150,50800
20231204,12:39:12,240.15,100,50800
20231204,12:40:31,240.85,50,51000
20231204,12:40:46,240.85,300,51000
20231204,12:42:44,241.05,50,51200
20231204,12:43:07,240.85,300,51200
20231204,12:43:34,240.85,100,51200
20231204,12:44:46,241.25,200,51200
20231204,12:44:47,240.3,50,51200
20231204,12:45:13,240.25,50,51400
20231204,12:45:20,240.25,50,51400
20231204,12:45:36,241.8,50,51400
20231204,12:45:39,241.95,50,51400
20231204,12:46:42,241.0,50,51400
20231204,12:46:50,241.35,50,51400
20231204,12:47:07,241.35,100,51400
20231204,12:47:23,243.0,50,51400
20231204,12:48:25,242.0,50,51550
20231204,12:48:28,242.0,50,51550
20231204,12:49:10,241.5,50,51550
20231204,12:49:59,242.95,50,51550
20231204,12:51:00,242.9,50,51550
20231204,12:51:07,241.75,50,51550
20231204,12:51:31,241.8,50,51550
20231204,12:51:39,240.25,350,51550
20231204,12:52:10,240.15,50,51550
20231204,12:52:42,240.7,50,51550
20231204,12:53:12,241.5,50,51550
20231204,12:53:21,241.35,100,51550
20231204,12:53:29,240.55,50,51550
20231204,12:54:21,240.55,50,51750
20231204,12:54:36,241.45,50,51750
20231204,12:54:52,240.6,50,51750
20231204,12:55:14,240.5,50,51750
20231204,12:55:22,240.45,50,51750
20231204,12:55:38,241.45,750,51750
20231204,12:55:45,240.45,50,51750
20231204,12:56:17,241.3,100,51750
20231204,12:56:24,241.0,500,51750
20231204,12:57:33,241.0,200,52300
20231204,12:57:36,241.0,350,52300
20231204,12:58:06,241.9,50,52300
20231204,12:58:58,240.1,100,52300
20231204,12:59:01,240.0,50,52300
20231204,12:59:21,239.85,500,52300
20231204,12:59:38,239.7,50,52300
20231204,12:59:52,240.25,50,52300
20231204,13:00:37,238.5,50,53300
20231204,13:01:33,239.6,50,53300
20231204,13:02:33,240.0,900,53300
20231204,13:03:24,241.0,100,53850
20231204,13:03:41,241.0,300,53850
20231204,13:04:23,239.7,250,53850
20231204,13:04:31,239.5,50,53850
20231204,13:05:04,239.15,50,53850
20231204,13:05:21,239.5,100,53850
20231204,13:05:30,239.8,50,53850
20231204,13:06:03,240.45,50,54600
20231204,13:06:12,239.5,150,54600
20231204,13:06:36,239.5,50,54600
20231204,13:06:44,240.0,100,54600
20231204,13:06:53,240.0,100,54600
20231204,13:08:04,239.55,50,54600
20231204,13:08:12,240.25,50,54600
20231204,13:08:21,241.2,150,54600
20231204,13:08:38,242.0,50,54600
20231204,13:08:46,242.15,350,54600
20231204,13:09:45,240.75,500,55500
20231204,13:09:54,240.25,100,55500
20231204,13:10:11,240.2,400,55500
20231204,13:10:41,239.7,100,55500
20231204,13:11:31,239.7,50,55500
20231204,13:12:12,240.2,100,56650
20231204,13:13:09,238.9,1600,56650
20231204,13:14:22,239.8,100,56650
20231204,13:15:21,239.0,200,57900
20231204,13:15:45,238.3,50,57900
20231204,13:16:02,238.0,300,57900
20231204,13:16:11,238.3,100,57900
20231204,13:16:19,237.85,150,57900
20231204,13:16:27,237.0,150,57900
20231204,13:16:36,236.05,100,57900
20231204,13:16:45,236.4,100,57900
20231204,13:17:00,236.0,50,57900
20231204,13:17:01,236.0,50,57900
20231204,13:17:02,236.0,50,57900
20231204,13:17:06,236.0,50,57900
20231204,13:17:11,236.0,50,57900
20231204,13:17:13,236.0,50,57900
20231204,13:17:52,235.0,150,57900
20231204,13:19:20,234.7,50,59000
20231204,13:20:07,234.7,50,59000
20231204,13:20:14,235.0,600,59000
20231204,13:20:23,233.4,50,59000
20231204,13:20:34,232.95,100,59000
20231204,13:20:49,232.95,600,59000
20231204,13:20:55,233.0,50,59000
20231204,13:20:56,232.85,100,60050
20231204,13:21:02,232.85,50,60050
20231204,13:21:05,233.1,100,60050
20231204,13:21:37,234.75,50,60050
20231204,13:21:38,234.8,450,60050
20231204,13:21:52,235.0,100,60050
20231204,13:23:10,236.3,50,60050
20231204,13:23:45,235.55,50,60050
20231204,13:24:27,236.25,100,60600
20231204,13:24:36,237.0,100,60600
20231204,13:25:01,236.85,100,60600
20231204,13:25:02,236.35,50,60600
20231204,13:26:00,236.35,50,60600
20231204,13:26:01,236.35,650,60600
20231204,13:26:14,234.7,200,60600
20231204,13:26:30,234.7,50,60600
20231204,13:26:42,232.0,200,60600
20231204,13:26:45,232.0,100,60600
20231204,13:26:52,233.2,100,60600
20231204,13:26:59,232.35,200,60400
20231204,13:27:53,234.3,150,60400
20231204,13:28:16,233.9,50,60400
20231204,13:28:57,234.85,50,60400
20231204,13:29:03,234.9,50,60400
20231204,13:29:10,233.65,50,60400
20231204,13:30:00,235.8,500,60550
20231204,13:30:27,234.6,350,60550
20231204,13:30:31,234.6,150,60550
20231204,13:30:50,235.85,500,60550
20231204,13:31:34,234.5,100,60550
20231204,13:33:05,233.7,100,61100
20231204,13:33:07,233.65,50,61100
20231204,13:33:36,232.9,150,61100
20231204,13:33:39,233.0,50,61100
20231204,13:33:56,233.55,150,61100
20231204,13:34:00,233.55,50,61100
20231204,13:34:25,234.45,250,61100
20231204,13:34:41,233.4,100,61100
20231204,13:35:42,234.2,50,61100
20231204,13:35:50,233.9,200,61100
20231204,13:39:09,235.0,50,61600
20231204,13:39:26,236.0,1000,61600
20231204,13:40:48,236.0,50,61600
20231204,13:42:04,234.0,50,61600
20231204,13:42:13,234.0,250,61950
20231204,13:42:31,233.0,850,61950
20231204,13:42:41,230.55,50,61950
20231204,13:43:08,230.55,900,61950
20231204,13:43:18,231.1,100,61950
20231204,13:43:45,231.05,100,61950
20231204,13:43:54,232.5,100,61950
20231204,13:44:12,232.25,50,61950
20231204,13:44:39,232.25,50,61950
20231204,13:45:05,232.05,200,63100
20231204,13:46:12,233.7,100,63100
20231204,13:46:46,235.8,50,63100
20231204,13:46:55,236.55,50,63100
20231204,13:47:21,236.75,50,63100
20231204,13:47:39,236.0,50,63100
20231204,13:47:47,236.0,50,63100
20231204,13:48:05,238.0,100,63250
20231204,13:48:43,238.95,1500,63250
20231204,13:49:26,238.0,50,63250
20231204,13:49:27,238.95,200,63250
20231204,13:49:44,238.05,100,63250
20231204,13:50:12,239.3,350,63250
20231204,13:50:21,238.05,50,63250
20231204,13:50:47,238.05,100,63250
20231204,13:51:46,235.0,50,62600
20231204,13:51:54,234.7,100,62600
20231204,13:53:20,235.55,150,62600
20231204,13:53:22,235.65,50,62600
20231204,13:53:32,235.65,50,62600
20231204,13:53:44,237.45,50,62600
20231204,13:53:48,235.9,50,62600
20231204,13:54:36,235.7,50,62750
20231204,13:55:03,235.55,50,62750
20231204,13:55:55,236.65,50,62750
20231204,13:56:38,236.0,50,62750
20231204,13:57:22,236.0,50,62750
20231204,13:57:35,236.0,150,62750
20231204,13:57:56,236.0,100,62750
20231204,13:58:40,236.45,250,62750
20231204,14:00:11,233.5,50,62900
20231204,14:00:29,234.0,50,62900
20231204,14:00:38,232.85,50,62900
20231204,14:00:56,232.9,500,62900
20231204,14:01:05,233.55,150,62900
20231204,14:01:14,233.5,100,62900
20231204,14:01:22,233.0,400,62900
20231204,14:02:24,231.15,50,62900
20231204,14:02:39,230.5,50,62900
20231204,14:02:44,230.5,750,62900
20231204,14:02:45,231.15,100,62900
20231204,14:02:51,230.7,450,62900
20231204,14:02:52,230.7,850,62900
20231204,14:02:53,230.7,50,62900
20231204,14:02:58,231.05,50,62900
20231204,14:02:59,231.0,50,62900
20231204,14:03:00,230.9,50,62900
20231204,14:03:08,228.75,100,65400
20231204,14:03:14,228.75,50,65400
20231204,14:03:19,229.25,50,65400
20231204,14:03:22,229.2,450,65400
20231204,14:03:30,229.45,50,65400
20231204,14:03:45,229.45,50,65400
20231204,14:03:46,229.45,50,65400
20231204,14:03:46,229.55,50,65400
20231204,14:03:48,229.7,50,65400
20231204,14:04:01,229.6,50,65400
20231204,14:04:02,229.55,200,65400
20231204,14:04:06,229.55,50,65400
20231204,14:04:24,229.0,50,65400
20231204,14:04:28,229.0,50,65400
20231204,14:04:55,230.5,100,65400
20231204,14:05:04,230.0,50,65400
20231204,14:05:22,229.1,50,65400
20231204,14:05:31,228.6,250,65400
20231204,14:05:40,229.1,1200,65400
20231204,14:05:49,229.0,100,65400
20231204,14:05:57,229.0,50,65400
20231204,14:06:06,229.15,300,65750
20231204,14:06:15,228.3,200,65750
20231204,14:06:24,228.2,700,65750
20231204,14:06:33,228.2,250,65750
20231204,14:06:43,229.15,250,65750
20231204,14:06:46,229.05,100,65750
20231204,14:07:05,229.1,50,65750
20231204,14:08:18,230.0,100,65750
20231204,14:08:26,229.0,50,65750
20231204,14:08:53,227.7,100,65750
20231204,14:09:20,227.7,100,66350
20231204,14:09:38,228.6,2500,66350
20231204,14:09:46,227.7,150,66350
20231204,14:09:54,228.25,50,66350
20231204,14:10:09,228.25,50,66350
20231204,14:10:11,228.65,300,66350
20231204,14:10:44,228.0,50,66350
20231204,14:11:15,228.0,300,66350
20231204,14:11:25,228.0,150,66350
20231204,14:11:33,228.55,50,66350
20231204,14:11:42,228.0,50,66350
20231204,14:11:53,228.35,50,66350
20231204,14:12:42,228.5,50,67300
20231204,14:13:04,228.5,350,67300
20231204,14:13:29,228.05,50,67300
20231204,14:14:36,228.0,100,67300
20231204,14:14:45,228.0,150,67300
20231204,14:15:02,227.45,150,67300
20231204,14:15:11,226.55,750,67450
20231204,14:15:29,226.15,50,67450
20231204,14:16:04,226.15,50,67450
20231204,14:16:21,227.35,50,67450
20231204,14:16:29,227.05,100,67450
20231204,14:16:46,226.4,50,67450
20231204,14:17:00,224.95,150,67450
20231204,14:17:07,224.95,400,67450
20231204,14:17:14,225.85,50,67450
20231204,14:17:23,224.95,50,67450
20231204,14:17:35,224.15,50,67450
20231204,14:17:57,224.15,50,67450
20231204,14:18:06,224.05,50,67600
20231204,14:18:15,224.05,150,67600
20231204,14:18:16,226.0,50,67600
20231204,14:19:22,224.0,100,67600
20231204,14:19:40,223.7,200,67600
20231204,14:19:49,223.55,100,67600
20231204,14:20:52,223.55,50,67600
20231204,14:21:18,224.8,50,67650
20231204,14:22:03,225.05,100,67650
20231204,14:22:21,225.8,100,67650
20231204,14:23:14,226.55,250,67650
20231204,14:23:31,228.0,100,67650
20231204,14:23:40,228.1,50,67650
20231204,14:23:49,228.0,50,67650
20231204,14:24:07,228.0,100,67650
20231204,14:24:16,227.45,200,67750
20231204,14:24:34,229.1,600,67750
20231204,14:24:43,229.35,50,67750
20231204,14:25:01,228.95,50,67750
20231204,14:26:30,225.9,50,67750
20231204,14:26:39,225.1,50,67750
20231204,14:28:35,225.65,250,68100
20231204,14:29:29,224.25,50,68100
20231204,14:29:57,224.0,100,68100
20231204,14:30:06,224.35,100,68250
20231204,14:30:16,224.35,200,68250
20231204,14:30:44,222.05,150,68250
20231204,14:30:46,222.15,50,68250
20231204,14:30:47,223.0,50,68250
20231204,14:30:48,222.5,50,68250
20231204,14:31:03,222.0,50,68250
20231204,14:31:05,222.0,50,68250
20231204,14:31:08,222.3,200,68250
20231204,14:31:09,222.65,50,68250
20231204,14:31:11,222.3,250,68250
20231204,14:31:15,223.0,250,68250
20231204,14:31:16,222.95,100,68250
20231204,14:31:17,223.25,50,68250
20231204,14:31:19,223.3,50,68250
20231204,14:31:31,223.2,50,68250
20231204,14:31:32,223.2,50,68250
20231204,14:31:38,225.0,200,68250
20231204,14:31:43,225.0,300,68250
20231204,14:31:44,225.0,50,68250
20231204,14:31:48,225.0,50,68250
20231204,14:31:51,225.15,100,68250
20231204,14:32:10,225.6,50,68250
20231204,14:32:11,225.5,50,68250
20231204,14:32:15,224.75,100,68250
20231204,14:32:22,225.0,100,68250
20231204,14:32:53,225.0,100,68250
20231204,14:33:12,224.55,50,68250
20231204,14:34:34,224.7,200,70550
20231204,14:34:44,224.0,100,70550
20231204,14:34:53,223.7,100,70550
20231204,14:35:03,223.85,100,70550
20231204,14:35:12,224.2,150,70550
20231204,14:35:21,224.6,100,70550
20231204,14:35:30,224.95,50,70550
20231204,14:35:57,224.95,50,70550
20231204,14:36:33,224.4,600,71050
20231204,14:36:42,224.4,150,71050
20231204,14:38:02,224.15,50,71050
20231204,14:38:27,224.5,300,71050
20231204,14:38:36,224.75,100,71050
20231204,14:39:01,224.9,100,71050
20231204,14:39:19,225.5,100,71900
20231204,14:40:10,225.5,50,71900
20231204,14:40:53,225.5,150,71900
20231204,14:41:02,225.45,100,71900
20231204,14:41:37,225.05,50,71900
20231204,14:41:46,225.0,1800,71900
20231204,14:41:55,225.05,200,71900
20231204,14:42:12,225.05,2050,71900
20231204,14:42:30,224.55,100,72550
20231204,14:42:39,224.35,50,72550
20231204,14:42:46,224.25,200,72550
20231204,14:42:48,224.6,150,72550
20231204,14:43:12,224.6,300,72550
20231204,14:43:22,225.0,100,72550
20231204,14:43:33,224.7,1800,72550
20231204,14:43:35,224.0,100,72550
20231204,14:43:50,223.25,150,72550
20231204,14:43:59,223.25,50,72550
20231204,14:44:09,223.1,50,72550
20231204,14:44:28,223.6,150,72550
20231204,14:44:56,222.3,400,72550
20231204,14:45:15,221.8,50,73000
20231204,14:45:25,221.8,50,73000
20231204,14:45:52,223.95,500,73000
20231204,14:46:11,223.95,100,73000
20231204,14:46:20,224.95,100,73000
20231204,14:47:12,226.4,50,73000
20231204,14:47:29,226.4,200,73000
20231204,14:47:46,225.95,200,73000
20231204,14:48:04,225.5,550,73000
20231204,14:48:22,225.9,100,73400
20231204,14:49:16,227.2,500,73400
20231204,14:49:43,225.55,200,73400
20231204,14:50:20,226.0,100,73400
20231204,14:50:47,227.45,500,73400
20231204,14:50:57,226.55,50,73400
20231204,14:51:53,226.95,50,73700
20231204,14:52:02,227.1,50,73700
20231204,14:52:11,227.3,50,73700
20231204,14:52:57,226.15,150,73700
20231204,14:53:07,226.0,50,73700
20231204,14:53:25,226.85,50,73700
20231204,14:53:44,226.65,50,73700
20231204,14:54:11,225.0,150,73700
20231204,14:54:21,224.15,50,73700
20231204,14:54:31,224.15,50,73700
20231204,14:54:59,224.5,150,73700
20231204,14:55:09,225.0,50,73700
20231204,14:55:19,224.1,100,73700
20231204,14:57:03,222.0,50,73700
20231204,14:57:12,222.0,350,73700
20231204,14:57:22,222.0,50,73550
20231204,14:57:59,222.0,300,73550
20231204,14:58:37,222.0,50,73550
20231204,14:58:56,222.0,50,73550
20231204,14:59:15,222.3,50,73550
20231204,14:59:35,221.55,50,73550
20231204,14:59:45,221.0,150,73550
20231204,15:00:25,220.0,450,73300
20231204,15:00:35,219.45,50,73300
20231204,15:01:01,219.1,550,73300
20231204,15:01:08,219.0,50,73300
20231204,15:01:11,219.0,50,73300
20231204,15:01:16,218.8,50,73300
20231204,15:01:19,218.8,100,73300
20231204,15:01:21,220.25,100,73300
20231204,15:01:23,219.35,50,73300
20231204,15:01:29,219.25,250,73300
20231204,15:01:46,220.0,150,73300
20231204,15:01:56,220.15,850,73300
20231204,15:02:16,218.05,350,73300
20231204,15:02:26,218.05,200,73300
20231204,15:02:37,220.3,300,73300
20231204,15:02:47,219.6,200,73300
20231204,15:02:57,222.3,100,73300
20231204,15:03:07,222.35,700,73300
20231204,15:03:16,222.0,50,75350
20231204,15:03:45,224.0,200,75350
20231204,15:03:55,226.0,350,75350
20231204,15:04:05,228.55,50,75350
20231204,15:04:15,230.0,50,75350
20231204,15:04:25,230.0,50,75350
20231204,15:04:35,228.05,100,75350
20231204,15:04:45,227.4,50,75350
20231204,15:04:59,224.85,150,75350
20231204,15:05:00,224.75,100,75350
20231204,15:05:02,226.5,300,75350
20231204,15:05:04,226.1,100,75350
20231204,15:05:18,225.75,50,75350
20231204,15:05:28,226.0,300,75350
20231204,15:06:26,226.6,50,75950
20231204,15:06:31,226.5,300,75950
20231204,15:06:32,226.4,50,75950
20231204,15:06:44,226.35,50,75950
20231204,15:07:00,226.3,100,75950
20231204,15:07:56,227.6,50,75950
20231204,15:08:16,229.0,450,75950
20231204,15:08:25,229.6,350,75950
20231204,15:08:35,229.0,400,75950
20231204,15:09:44,229.3,50,75950
20231204,15:10:00,227.8,150,76100
20231204,15:10:09,228.15,150,76100
20231204,15:10:19,228.05,150,76100
20231204,15:10:28,229.3,50,76100
20231204,15:10:47,228.95,50,76100
20231204,15:11:25,229.3,100,76100
20231204,15:11:43,228.95,250,76100
20231204,15:12:19,228.95,200,76350
20231204,15:12:22,228.15,200,76350
20231204,15:12:51,226.85,50,76350
20231204,15:13:01,226.0,150,76350
20231204,15:13:11,226.85,50,76350
20231204,15:14:00,228.5,50,76350
20231204,15:14:06,228.0,100,76350
20231204,15:14:09,227.65,50,76350
20231204,15:14:14,227.6,50,76350
20231204,15:14:23,227.6,50,76350
20231204,15:14:39,228.55,50,76350
20231204,15:14:48,227.55,50,76350
20231204,15:15:18,227.6,50,76300
20231204,15:15:28,226.1,100,76300
20231204,15:15:37,226.0,700,76300
20231204,15:15:57,225.75,150,76300
20231204,15:16:07,226.1,150,76300
20231204,15:16:17,226.05,50,76300
20231204,15:16:45,225.6,50,76300
20231204,15:17:07,225.05,50,76300
20231204,15:17:13,225.9,100,76300
20231204,15:17:21,226.3,50,76300
20231204,15:17:22,225.6,50,76300
20231204,15:17:35,225.8,50,76300
20231204,15:17:53,226.25,400,76300
20231204,15:18:12,226.0,300,76300
20231204,15:18:31,226.0,200,76350
20231204,15:18:50,225.9,100,76350
20231204,15:19:09,225.95,50,76350
20231204,15:19:19,225.7,1500,76350
20231204,15:19:57,226.75,200,76350
20231204,15:20:06,227.8,50,76350
20231204,15:20:16,227.8,200,76350
20231204,15:20:54,227.0,300,76350
20231204,15:21:42,227.0,100,76050
20231204,15:22:58,226.0,100,76050
20231204,15:23:08,227.0,250,76050
20231204,15:23:18,227.15,50,76050
20231204,15:24:14,228.0,50,76050
20231204,15:24:52,226.5,50,76100
20231204,15:24:54,225.7,50,76100
20231204,15:25:30,226.4,500,76100
20231204,15:25:31,226.0,50,76100
20231204,15:26:04,226.0,100,76100
20231204,15:26:41,226.0,150,76100
20231204,15:26:45,226.0,250,76100
20231204,15:26:59,225.85,100,76100
20231204,15:27:09,224.4,900,76100
20231204,15:27:18,224.9,500,76250
20231204,15:27:28,225.1,100,76250
20231204,15:27:37,225.4,600,76250
20231204,15:27:46,224.85,300,76250
20231204,15:27:49,224.65,100,76250
20231204,15:27:55,225.0,50,76250
20231204,15:27:56,225.0,550,76250
20231204,15:27:59,226.15,500,76250
20231204,15:28:13,226.25,400,76250
20231204,15:28:49,225.0,350,76250
20231204,15:29:11,224.05,50,76250
20231204,15:29:31,224.3,150,76250
20231204,15:29:33,224.0,150,76250
20231204,15:29:39,224.3,50,76250
20231204,15:30:01,225.0,100,76250
20231205,09:15:52,220.45,1,74850
20231205,09:15:52,220.45,50,74850
20231205,09:16:02,216.2,550,74850
20231205,09:16:41,216.0,700,74850
20231205,09:16:50,215.95,50,74850
20231205,09:17:00,215.95,550,74850
20231205,09:17:19,212.05,250,74850
20231205,09:17:29,215.3,800,76450
20231205,09:17:38,215.2,100,76450
20231205,09:17:48,215.0,2100,76450
20231205,09:17:57,215.95,50,76450
20231205,09:18:06,217.5,200,76450
20231205,09:18:17,218.45,50,76450
20231205,09:18:27,218.45,400,76450
20231205,09:18:43,218.7,100,76450
20231205,09:19:01,221.0,400,76450
20231205,09:19:05,221.0,300,76450
20231205,09:19:09,221.1,100,76450
20231205,09:19:11,221.1,50,76450
20231205,09:19:20,221.0,50,76450
20231205,09:19:21,220.1,100,76450
20231205,09:19:22,220.0,250,76450
20231205,09:19:23,220.0,600,76450
20231205,09:20:07,220.5,100,76450
20231205,09:20:19,223.85,50,76450
20231205,09:20:29,223.85,200,76450
20231205,09:20:39,221.5,100,79300
20231205,09:20:50,224.05,350,79300
20231205,09:21:22,224.4,100,79300
20231205,09:22:11,224.4,50,79300
20231205,09:22:14,220.6,50,79300
20231205,09:22:18,219.2,50,79300
20231205,09:22:49,218.95,250,79300
20231205,09:22:53,219.2,200,79300
20231205,09:22:55,219.35,50,79300
20231205,09:23:18,219.45,50,79300
20231205,09:23:46,219.0,100,79550
20231205,09:23:59,219.0,500,79550
20231205,09:24:23,219.6,100,79550
20231205,09:24:42,219.25,50,79550
20231205,09:24:51,219.5,200,79550
20231205,09:25:01,220.85,200,79550
20231205,09:26:11,219.5,50,79550
20231205,09:26:47,216.0,50,79850
20231205,09:27:07,216.05,100,79850
20231205,09:27:29,216.5,100,79850
20231205,09:27:39,216.8,100,79850
20231205,09:28:01,216.75,50,79850
20231205,09:28:11,216.0,100,79850
20231205,09:28:22,215.9,150,79850
20231205,09:28:53,214.05,50,79850
20231205,09:29:04,215.05,150,79850
20231205,09:30:40,215.05,50,79950
20231205,09:31:40,215.05,50,79950
20231205,09:31:42,215.05,200,79950
20231205,09:32:33,215.0,50,79750
20231205,09:32:39,214.75,1750,79750
20231205,09:32:40,214.75,50,79750
20231205,09:32:43,214.65,350,79750
20231205,09:32:44,214.65,50,79750
20231205,09:32:49,213.75,1800,79750
20231205,09:32:54,213.15,1800,79750
20231205,09:33:20,212.2,850,79750
20231205,09:33:31,212.2,250,79750
20231205,09:33:42,211.75,250,79750
20231205,09:33:52,211.75,350,79750
20231205,09:34:03,211.75,100,79750
20231205,09:34:13,212.2,600,79750
20231205,09:34:24,212.0,100,79750
20231205,09:34:34,211.1,1250,79750
20231205,09:34:45,211.1,200,79750
20231205,09:35:05,211.95,100,79750
20231205,09:35:16,212.15,300,79750
20231205,09:35:38,211.85,100,84950
20231205,09:35:49,211.75,100,84950
20231205,09:35:59,211.15,750,84950
20231205,09:36:10,210.8,350,84950
20231205,09:37:24,210.85,250,84950
20231205,09:37:57,210.0,50,84950
20231205,09:38:18,210.0,100,84950
20231205,09:38:28,210.0,200,84950
20231205,09:39:00,209.1,100,85650
20231205,09:39:54,209.1,50,85650
20231205,09:40:26,209.1,50,85650
20231205,09:40:37,209.5,300,85650
20231205,09:40:48,209.1,1000,85650
20231205,09:41:42,208.3,50,86350
20231205,09:41:52,208.3,50,86350
20231205,09:42:14,207.65,50,86350
20231205,09:42:35,207.55,350,86350
20231205,09:42:45,207.55,100,86350
20231205,09:43:06,209.4,250,86350
20231205,09:43:17,208.65,100,86350
20231205,09:43:48,207.5,50,86350
20231205,09:43:59,207.5,50,86350
20231205,09:44:10,207.35,200,86350
20231205,09:44:52,204.1,50,86350
20231205,09:45:03,204.0,500,86250
20231205,09:45:14,203.95,650,86250
20231205,09:45:25,204.75,100,86250
20231205,09:45:36,205.0,100,86250
20231205,09:45:46,203.9,200,86250
20231205,09:46:08,202.65,150,86250
20231205,09:46:29,202.65,50,86250
20231205,09:46:40,203.8,150,86250
20231205,09:47:01,204.0,50,86250
20231205,09:47:23,204.0,100,86250
20231205,09:47:44,202.7,100,86750
20231205,09:48:05,202.25,100,86750
20231205,09:48:27,202.25,50,86750
20231205,09:48:37,202.25,800,86750
20231205,09:48:48,203.3,200,86750
20231205,09:48:58,203.4,1000,86750
20231205,09:49:40,204.5,250,86750
20231205,09:49:50,204.4,200,86750
20231205,09:50:11,205.05,150,86750
20231205,09:50:32,205.95,550,87400
20231205,09:50:42,205.55,150,87400
20231205,09:50:53,204.75,200,87400
20231205,09:51:14,204.55,50,87400
20231205,09:51:35,204.35,150,87400
20231205,09:51:46,203.55,250,87400
20231205,09:51:56,204.3,100,87400
20231205,09:52:17,204.0,600,87400
20231205,09:53:19,205.0,1550,87400
20231205,09:53:30,205.15,50,87400
20231205,09:53:40,204.95,50,86300
20231205,09:53:51,205.25,100,86300
20231205,09:54:54,207.0,300,86300
20231205,09:55:27,211.2,50,86300
20231205,09:55:38,210.1,50,86300
20231205,09:55:49,209.2,450,86300
20231205,09:56:00,208.05,50,86300
20231205,09:56:11,206.75,400,86300
20231205,09:56:22,206.8,50,86300
20231205,09:57:57,210.5,100,86650
20231205,09:58:07,210.3,50,86650
20231205,09:58:39,211.0,350,86650
20231205,09:58:49,209.75,100,86650
20231205,09:59:11,208.6,50,86650
20231205,10:01:17,208.35,100,86800
20231205,10:02:27,206.0,50,86800
20231205,10:02:43,205.0,100,86850
20231205,10:04:43,204.75,300,86850
20231205,10:04:59,204.0,50,86850
20231205,10:05:08,204.2,50,86850
20231205,10:05:24,203.95,100,86850
20231205,10:06:19,202.55,100,86950
20231205,10:06:59,202.6,50,86950
20231205,10:07:15,204.95,100,86950
20231205,10:07:16,204.55,50,86950
20231205,10:07:18,204.7,100,86950
20231205,10:07:33,204.7,100,86950
20231205,10:07:52,204.7,50,86950
20231205,10:07:56,204.15,50,86950
20231205,10:08:12,204.15,100,86950
20231205,10:08:33,203.5,50,86950
20231205,10:08:39,203.8,50,87200
20231205,10:08:54,202.95,100,87200
20231205,10:09:22,202.0,150,87200
20231205,10:09:43,201.2,250,87200
20231205,10:09:53,201.2,50,87200
20231205,10:10:04,202.55,50,87200
20231205,10:11:04,204.3,50,87200
20231205,10:11:49,203.0,250,87200
20231205,10:11:50,203.0,500,87250
20231205,10:12:36,203.8,100,87250
20231205,10:14:14,202.45,50,87250
20231205,10:14:18,203.25,50,87250
20231205,10:14:49,202.5,200,88000
20231205,10:14:57,202.0,200,88000
20231205,10:15:37,201.0,50,88000
20231205,10:17:56,201.0,50,88200
20231205,10:18:11,200.25,2500,88200
20231205,10:18:18,200.25,1800,88200
20231205,10:18:31,200.25,500,88200
20231205,10:18:32,200.0,150,88200
20231205,10:18:34,199.0,100,88200
20231205,10:18:54,199.0,1800,88200
20231205,10:19:12,199.35,100,88200
20231205,10:19:18,198.5,50,88200
20231205,10:19:23,198.45,500,88200
20231205,10:19:34,198.45,450,88200
20231205,10:20:22,195.45,550,88200
20231205,10:20:38,195.45,500,88400
20231205,10:21:28,198.4,100,88400
20231205,10:21:32,197.15,50,88400
20231205,10:21:34,198.25,100,88400
20231205,10:21:37,198.55,150,88400
20231205,10:21:38,198.5,300,88400
20231205,10:21:39,199.9,200,88400
20231205,10:21:40,199.85,800,88400
20231205,10:21:44,201.55,100,88400
20231205,10:21:45,200.6,50,88400
20231205,10:21:47,199.35,100,88400
20231205,10:21:48,198.55,50,88400
20231205,10:22:02,197.45,50,88400
20231205,10:22:21,196.4,400,88400
20231205,10:22:22,196.3,100,88400
20231205,10:22:24,196.4,200,88400
20231205,10:22:31,197.25,50,88400
20231205,10:22:36,196.75,50,88400
20231205,10:23:52,198.05,1600,88500
20231205,10:24:12,197.5,250,88500
20231205,10:25:04,198.65,500,88500
20231205,10:25:34,197.95,300,88500
20231205,10:25:44,197.5,150,88500
20231205,10:26:05,199.2,500,88500
20231205,10:26:46,198.9,350,89000
20231205,10:27:06,199.25,150,89000
20231205,10:28:17,198.0,900,89000
20231205,10:28:59,198.75,50,89000
20231205,10:29:19,201.0,250,89000
20231205,10:29:40,199.8,50,89000
20231205,10:30:00,199.75,150,89550
20231205,10:30:10,199.55,200,89550
20231205,10:31:32,201.05,150,89550
20231205,10:31:54,202.1,100,89550
20231205,10:32:26,203.15,50,89550
20231205,10:32:47,200.0,100,89300
20231205,10:34:53,202.55,50,89300
20231205,10:35:34,202.9,100,89300
20231205,10:36:49,204.0,300,89350
20231205,10:36:59,205.0,50,89350
20231205,10:37:21,204.0,150,89350
20231205,10:38:04,204.75,50,89350
20231205,10:38:58,203.2,50,89300
20231205,10:39:09,203.55,50,89300
20231205,10:40:05,200.0,50,89300
20231205,10:42:51,201.6,50,89200
20231205,10:43:02,202.0,50,89200
20231205,10:43:12,202.5,100,89200
20231205,10:43:23,202.15,150,89200
20231205,10:43:33,203.55,50,89200
20231205,10:44:06,201.1,50,89200
20231205,10:44:16,201.1,50,89200
20231205,10:44:58,200.65,100,89100
20231205,10:45:08,201.1,50,89100
20231205,10:47:36,200.0,100,89100
20231205,10:47:47,200.0,350,89150
20231205,10:47:57,200.0,100,89150
20231205,10:48:39,200.6,50,89150
20231205,10:49:11,199.75,550,89150
20231205,10:51:26,199.45,50,89250
20231205,10:52:30,198.45,50,89250
20231205,10:53:12,199.55,50,89250
20231205,10:53:32,200.3,150,89250
20231205,10:53:52,199.65,300,89200
20231205,10:55:47,198.65,50,89200
20231205,10:56:18,199.0,200,89200
20231205,10:56:28,199.0,500,89200
20231205,10:57:58,200.5,50,89450
20231205,10:58:08,200.45,150,89450
20231205,10:58:29,199.0,50,89450
20231205,10:59:32,198.1,50,89450
20231205,11:02:10,196.0,100,89550
20231205,11:02:21,197.6,100,89550
20231205,11:02:32,196.95,200,89550
20231205,11:03:15,198.45,200,89350
20231205,11:03:25,196.95,200,89350
20231205,11:04:38,198.0,200,89350
20231205,11:05:19,199.0,50,89350
20231205,11:05:29,199.0,50,89350
20231205,11:08:25,197.45,50,89000
20231205,11:08:46,197.95,50,89000
20231205,11:09:07,197.0,150,88900
20231205,11:09:18,199.0,50,88900
20231205,11:09:28,200.0,150,88900
20231205,11:09:40,202.0,50,88900
20231205,11:10:23,203.1,200,88900
20231205,11:10:34,203.1,200,88900
20231205,11:12:24,203.1,50,89000
20231205,11:12:45,201.25,300,89000
20231205,11:14:32,201.25,50,89000
20231205,11:15:04,201.15,50,89100
20231205,11:16:37,202.45,50,89100
20231205,11:18:55,205.75,100,89100
20231205,11:19:28,208.0,100,89100
20231205,11:19:39,206.0,50,89100
20231205,11:20:13,210.2,100,89100
20231205,11:20:35,209.15,50,89100
20231205,11:20:47,205.3,300,89100
20231205,11:21:19,204.7,100,89250
20231205,11:25:53,206.9,50,89350
20231205,11:29:23,205.0,50,89300
20231205,11:30:47,207.0,200,89300
20231205,11:33:41,214.0,150,89500
20231205,11:33:52,214.7,450,89500
20231205,11:34:14,213.95,50,89500
20231205,11:35:19,215.0,150,89500
20231205,11:36:34,212.1,100,89000
20231205,11:36:55,215.1,100,89000
20231205,11:37:06,216.0,150,89000
20231205,11:37:17,217.0,200,89000
20231205,11:37:28,216.8,50,89000
20231205,11:38:01,214.55,50,89000
20231205,11:38:11,213.6,150,89000
20231205,11:38:32,212.1,50,89000
20231205,11:38:38,212.1,100,89000
20231205,11:40:39,212.5,100,88850
20231205,11:41:00,211.55,50,88850
20231205,11:41:11,211.45,100,88850
20231205,11:41:30,210.7,100,88850
20231205,11:42:02,208.4,500,88800
20231205,11:42:20,210.7,50,88800
20231205,11:42:37,212.35,100,88800
20231205,11:42:42,212.0,50,88800
20231205,11:42:56,213.55,100,88800
20231205,11:43:00,214.95,100,88800
20231205,11:43:02,215.0,50,88800
20231205,11:43:16,216.0,50,88800
20231205,11:43:54,216.5,350,88800
20231205,11:44:10,216.0,100,88800
20231205,11:44:41,215.0,50,88800
20231205,11:44:50,216.0,50,89000
20231205,11:45:36,215.4,50,89000
20231205,11:46:25,213.5,150,89000
20231205,11:46:55,213.5,100,89000
20231205,11:47:41,213.5,50,89000
20231205,11:49:03,215.0,200,88850
20231205,11:50:26,214.9,50,88850
20231205,11:51:38,216.8,100,88600
20231205,11:51:49,217.9,50,88600
20231205,11:51:50,218.05,200,88600
20231205,11:51:52,219.5,50,88600
20231205,11:51:56,220.0,50,88600
20231205,11:51:57,220.1,100,88600
20231205,11:52:03,220.5,50,88600
20231205,11:53:21,219.85,50,88600
20231205,11:53:26,219.9,50,88600
20231205,11:53:51,219.9,100,88350
20231205,11:54:54,220.45,150,88350
20231205,11:54:56,220.5,100,88350
20231205,11:56:40,211.6,100,88350
20231205,11:56:47,212.5,100,88350
20231205,11:57:16,210.0,50,88350
20231205,11:58:03,212.0,50,88350
20231205,11:58:35,209.8,50,88350
20231205,11:58:49,209.2,150,88350
20231205,11:58:57,210.0,200,88350
20231205,12:00:52,213.0,50,88550
20231205,12:02:37,208.55,50,88550
20231205,12:02:40,208.0,50,88550
20231205,12:03:31,208.0,50,88400
20231205,12:04:12,207.55,100,88400
20231205,12:05:42,210.75,50,88400
20231205,12:06:12,212.5,700,88350
20231205,12:07:53,210.05,100,88350
20231205,12:07:54,210.05,100,88350
20231205,12:08:04,210.15,1000,88350
20231205,12:08:35,210.2,50,88350
20231205,12:11:14,210.2,50,88650
20231205,12:12:53,208.0,100,88600
20231205,12:12:55,208.25,100,88600
20231205,12:13:02,208.15,50,88600
20231205,12:14:08,208.1,50,88600
20231205,12:17:31,205.9,50,88350
20231205,12:21:30,207.55,100,88350
20231205,12:21:39,206.55,50,88350
20231205,12:22:43,206.4,50,88350
20231205,12:22:45,206.7,150,88350
20231205,12:23:20,206.85,50,88350
20231205,12:24:31,206.35,300,88050
20231205,12:24:59,206.35,50,88050
20231205,12:26:31,206.15,50,88050
20231205,12:26:38,206.1,250,88050
20231205,12:26:41,206.0,100,88050
20231205,12:31:53,203.05,100,88200
20231205,12:33:16,204.2,150,88250
20231205,12:33:17,203.55,1000,88250
20231205,12:39:10,204.05,50,89200
20231205,12:40:24,201.5,50,89200
20231205,12:40:49,202.5,50,89200
20231205,12:47:09,207.05,50,89350
20231205,12:50:22,201.55,50,89350
20231205,12:54:01,203.25,50,89350
20231205,12:54:02,203.4,100,89350
20231205,12:54:03,203.45,150,89350
20231205,12:54:26,203.25,100,89350
20231205,12:55:42,203.5,200,89350
20231205,12:56:01,202.45,50,89350
20231205,12:56:51,201.05,50,89350
20231205,12:57:00,201.05,50,89350
20231205,12:57:20,202.05,50,88800
20231205,12:57:49,202.95,250,88800
20231205,12:57:59,202.0,50,88800
20231205,12:58:08,202.05,250,88800
20231205,12:59:15,202.0,50,88800
20231205,13:03:04,203.5,400,88800
20231205,13:03:18,205.6,100,88850
20231205,13:03:24,205.05,200,88850
20231205,13:04:37,204.25,50,88850
20231205,13:05:00,203.4,200,88850
20231205,13:05:20,203.85,100,88850
20231205,13:05:58,203.0,50,88850
20231205,13:06:42,202.1,100,89750
20231205,13:07:04,202.45,100,89750
20231205,13:07:16,202.9,100,89750
20231205,13:11:00,205.9,50,89850
20231205,13:13:57,204.05,100,89900
20231205,13:14:56,202.9,50,89900
20231205,13:16:10,203.0,50,89900
20231205,13:16:17,202.0,50,89800
20231205,13:17:39,204.0,450,89800
20231205,13:18:15,205.25,50,90050
20231205,13:21:20,205.5,100,90050
20231205,13:21:49,206.5,50,90050
20231205,13:22:00,207.55,50,90050
20231205,13:23:24,205.5,50,90050
20231205,13:23:41,205.4,200,90050
20231205,13:30:31,202.75,100,90150
20231205,13:31:49,200.1,200,90150
20231205,13:33:50,198.4,1000,90250
20231205,13:36:31,198.25,50,90800
20231205,13:36:32,197.25,100,90800
20231205,13:37:42,198.45,50,90800
20231205,13:41:02,197.6,100,90800
20231205,13:41:17,197.95,50,90800
20231205,13:41:42,197.55,250,90800
20231205,13:42:04,199.15,50,90800
20231205,13:44:01,198.5,50,90600
20231205,13:44:27,200.0,600,90600
20231205,13:45:36,199.15,100,90600
20231205,13:50:23,196.05,150,90150
20231205,13:51:01,196.0,150,90150
20231205,13:51:31,198.45,50,90000
20231205,13:53:09,198.45,50,90000
20231205,13:54:56,197.2,50,90000
20231205,13:57:32,200.5,350,90000
20231205,13:58:23,202.0,400,90000
20231205,13:58:40,201.45,50,90000
20231205,13:59:30,202.05,50,90000
20231205,14:00:01,203.0,100,90000
20231205,14:03:07,205.0,200,90000
20231205,14:05:08,206.05,50,90200
20231205,14:05:49,202.15,150,90200
20231205,14:07:30,202.15,50,90200
20231205,14:14:27,198.25,50,90200
20231205,14:18:10,200.85,100,90200
20231205,14:18:30,201.5,350,90200
20231205,14:18:40,202.4,50,90200
20231205,14:19:41,202.4,50,90200
20231205,14:21:10,201.05,100,90200
20231205,14:23:52,204.0,400,90200
20231205,14:24:22,204.55,100,89850
20231205,14:24:32,203.85,100,89850
20231205,14:26:55,202.9,100,89850
20231205,14:27:53,200.0,350,89850
20231205,14:28:13,201.5,50,89850
20231205,14:30:51,198.4,700,89850
20231205,14:31:11,199.6,150,89850
20231205,14:38:01,198.5,350,89550
20231205,14:39:11,196.5,100,89550
20231205,14:42:04,196.0,300,89650
20231205,14:42:52,196.0,1800,89700
20231205,14:43:34,195.0,300,89700
20231205,14:44:24,195.0,50,89700
20231205,14:44:55,195.0,100,89700
20231205,14:45:06,198.6,200,89700
20231205,14:47:58,197.55,150,88900
20231205,14:52:30,197.4,300,89000
20231205,14:54:49,196.0,50,89100
20231205,14:55:20,196.0,50,89100
20231205,14:57:32,194.45,100,89100
20231205,14:57:43,194.0,300,89100
20231205,14:57:54,194.0,50,89100
20231205,14:58:15,194.45,50,89100
20231205,15:00:23,194.0,200,89400
20231205,15:00:57,194.0,150,89400
20231205,15:01:39,194.0,1800,89400
20231205,15:02:10,194.0,200,89400
20231205,15:04:48,192.95,250,88300
20231205,15:04:59,191.65,100,88300
20231205,15:05:32,190.8,150,88300
20231205,15:05:43,190.0,100,88300
20231205,15:06:05,190.0,200,88300
20231205,15:06:16,190.65,50,88300
20231205,15:06:37,190.25,50,88450
20231205,15:06:48,190.0,100,88450
20231205,15:06:59,189.9,200,88450
20231205,15:07:53,189.9,100,88450
20231205,15:08:25,190.0,50,88450
20231205,15:08:47,190.0,750,88450
20231205,15:08:57,190.0,50,88450
20231205,15:09:18,190.4,50,88450
20231205,15:09:49,190.0,1000,88750
20231205,15:09:59,190.0,650,88750
20231205,15:10:21,190.4,100,88750
20231205,15:11:13,190.05,50,88750
20231205,15:12:28,192.0,50,88750
20231205,15:12:39,191.05,100,90450
20231205,15:12:50,192.0,50,90450
20231205,15:13:00,191.05,100,90450
20231205,15:13:32,191.0,150,90450
20231205,15:14:04,191.05,50,90450
20231205,15:14:14,192.0,1850,90450
20231205,15:14:34,191.05,550,90450
20231205,15:14:44,191.05,1450,90450
20231205,15:15:16,190.65,200,90450
20231205,15:15:38,190.4,100,94000
20231205,15:15:48,190.4,50,94000
20231205,15:15:59,190.0,150,94000
20231205,15:16:20,189.0,200,94000
20231205,15:16:31,189.0,800,94000
20231205,15:16:53,189.0,50,94000
20231205,15:17:14,190.0,100,94000
20231205,15:17:24,191.2,150,94000
20231205,15:17:35,191.35,50,94000
20231205,15:18:16,191.6,50,94000
20231205,15:18:26,191.7,100,95250
20231205,15:18:47,190.2,500,95250
20231205,15:18:58,191.0,50,95250
20231205,15:19:09,191.1,50,95250
20231205,15:20:55,189.5,200,95250
20231205,15:21:57,189.5,50,95800
20231205,15:22:23,189.5,50,95800
20231205,15:22:32,189.5,400,95800
20231205,15:23:22,190.0,200,95800
20231205,15:24:13,189.5,100,95800
20231205,15:25:24,189.05,200,95850
20231205,15:25:45,188.4,1400,95850
20231205,15:25:55,188.6,200,95850
20231205,15:26:05,188.75,100,95850
20231205,15:26:15,189.0,450,95850
20231205,15:26:34,188.95,50,95850
20231205,15:26:54,188.0,50,95850
20231205,15:27:14,187.85,100,95850
20231205,15:27:24,187.85,50,95850
20231205,15:27:35,188.15,50,95800
20231205,15:27:55,187.55,100,95800
20231205,15:28:06,187.55,250,95800
20231205,15:28:28,187.8,50,95800
20231205,15:28:39,187.65,250,95800
20231205,15:28:50,187.0,950,95800
20231205,15:29:00,187.0,50,95800
20231205,15:29:22,187.0,250,95800
20231205,15:29:33,185.0,650,95800
20231205,15:29:45,185.0,400,95800
20231206,09:15:39,171.05,1,98350
20231206,09:15:39,171.05,150,98350
20231206,09:15:47,177.15,950,98350
20231206,09:16:03,170.85,200,98350
20231206,09:16:10,170.5,200,98350
20231206,09:16:19,169.05,50,98350
20231206,09:16:27,169.05,1250,98350
20231206,09:16:35,172.15,100,98350
20231206,09:16:44,173.1,100,98350
20231206,09:16:52,171.4,250,98350
20231206,09:17:24,169.35,650,98350
20231206,09:17:48,170.55,50,96800
20231206,09:17:56,173.55,100,96800
20231206,09:18:04,173.0,100,96800
20231206,09:18:38,171.9,300,96800
20231206,09:19:08,172.95,50,96800
20231206,09:19:18,174.5,1750,96800
20231206,09:19:48,173.45,50,96800
20231206,09:20:19,173.45,100,96800
20231206,09:21:21,173.0,50,95600
20231206,09:21:42,171.2,200,95600
20231206,09:22:03,172.55,50,95600
20231206,09:22:13,172.55,50,95600
20231206,09:22:33,173.0,400,95600
20231206,09:22:53,173.0,250,95600
20231206,09:23:03,173.45,350,95600
20231206,09:23:33,173.25,50,95600
20231206,09:25:04,172.5,850,96350
20231206,09:25:15,173.2,50,96350
20231206,09:25:25,172.55,50,96350
20231206,09:25:57,173.45,800,96350
20231206,09:26:08,173.45,1700,96350
20231206,09:27:11,177.6,100,98050
20231206,09:28:05,179.65,50,98050
20231206,09:28:15,179.65,100,98050
20231206,09:28:36,178.6,300,98050
20231206,09:28:46,177.9,250,98050
20231206,09:29:07,178.9,300,98050
20231206,09:29:39,179.45,950,98050
20231206,09:29:50,179.9,250,98650
20231206,09:30:01,179.9,100,98650
20231206,09:30:11,181.7,1500,98650
20231206,09:30:22,181.7,950,98650
20231206,09:30:32,181.9,500,98650
20231206,09:30:43,181.9,400,98650
20231206,09:31:04,180.5,200,98650
20231206,09:31:36,184.65,300,98650
20231206,09:31:47,184.65,50,98650
20231206,09:31:58,185.0,50,98650
20231206,09:32:09,185.35,100,98650
20231206,09:32:19,186.9,50,98650
20231206,09:32:43,188.45,350,98650
20231206,09:32:53,187.05,1250,98900
20231206,09:33:04,186.0,500,98900
20231206,09:33:15,186.5,550,98900
20231206,09:33:26,184.4,250,98900
20231206,09:33:47,186.2,100,98900
20231206,09:33:58,188.0,100,98900
20231206,09:34:30,188.0,50,98900
20231206,09:34:52,188.05,500,98900
20231206,09:35:45,189.0,150,98900
20231206,09:36:17,190.7,100,98950
20231206,09:37:43,193.15,300,98950
20231206,09:37:54,192.0,100,98950
20231206,09:38:16,193.5,200,98950
20231206,09:38:59,195.2,50,99200
20231206,09:39:10,195.2,400,99200
20231206,09:39:21,190.05,50,99200
20231206,09:39:32,188.8,150,99200
20231206,09:40:05,181.25,300,99200
20231206,09:40:15,182.4,300,99200
20231206,09:40:37,185.1,150,99200
20231206,09:41:42,186.25,50,99200
20231206,09:42:25,184.9,100,99450
20231206,09:44:33,187.25,50,99450
20231206,09:44:54,186.9,50,99350
20231206,09:45:04,187.45,50,99350
20231206,09:45:45,186.35,50,99350
20231206,09:45:55,186.45,150,99350
20231206,09:46:16,185.5,150,99350
20231206,09:46:37,185.7,400,99350
20231206,09:46:47,185.05,250,99350
20231206,09:46:57,186.65,50,99350
20231206,09:47:48,186.15,100,99350
20231206,09:48:29,185.55,50,99300
20231206,09:49:00,185.25,100,99300
20231206,09:49:31,184.6,250,99300
20231206,09:49:52,183.6,500,99300
20231206,09:50:14,181.45,150,99300
20231206,09:50:25,180.9,100,99300
20231206,09:51:19,186.75,50,99800
20231206,09:52:12,184.5,1150,99800
20231206,09:52:23,184.0,50,99800
20231206,09:52:55,184.0,200,99800
20231206,09:53:47,184.0,100,99800
20231206,09:54:08,184.9,250,98950
20231206,09:54:29,185.45,500,98950
20231206,09:55:12,186.25,800,98950
20231206,09:56:14,185.55,50,98950
20231206,09:58:37,185.0,50,100250
20231206,09:58:47,184.2,50,100250
20231206,09:59:19,184.05,50,100250
20231206,10:00:01,186.45,450,100150
20231206,10:01:35,185.0,50,100150
20231206,10:01:45,184.75,50,100150
20231206,10:02:56,186.0,250,100600
20231206,10:03:07,187.2,650,100600
20231206,10:03:18,188.2,1450,100600
20231206,10:03:28,190.45,1000,100600
20231206,10:04:22,188.1,100,100600
20231206,10:06:07,188.15,200,103350
20231206,10:06:49,188.0,50,103350
20231206,10:07:21,188.6,50,103350
20231206,10:07:32,189.25,100,103350
20231206,10:07:42,188.35,100,103350
20231206,10:09:06,191.3,250,103400
20231206,10:09:17,192.0,100,103400
20231206,10:10:43,191.45,200,103400
20231206,10:11:36,191.9,100,103400
20231206,10:11:46,192.15,100,103400
20231206,10:11:57,191.05,100,103050
20231206,10:12:18,190.85,250,103050
20231206,10:12:59,189.9,50,103050
20231206,10:13:52,192.95,100,103050
20231206,10:14:13,193.85,250,103050
20231206,10:14:45,194.4,100,103050
20231206,10:14:55,193.5,150,103050
20231206,10:15:36,192.4,50,102500
20231206,10:16:18,191.4,100,102500
20231206,10:17:09,193.2,50,102500
20231206,10:17:20,193.8,250,102500
20231206,10:18:01,193.0,100,102150
20231206,10:18:21,192.15,50,102150
20231206,10:18:31,192.75,50,102150
20231206,10:18:41,191.75,50,102150
20231206,10:22:02,189.6,50,102250
20231206,10:22:54,190.75,100,102250
20231206,10:23:04,190.95,50,102250
20231206,10:23:35,192.0,250,102250
20231206,10:23:46,192.5,100,102250
20231206,10:23:57,193.5,250,102250
20231206,10:24:07,193.75,50,102950
20231206,10:24:18,193.75,100,102950
20231206,10:24:28,194.25,100,102950
20231206,10:24:39,195.6,1400,102950
20231206,10:24:50,196.6,250,102950
20231206,10:25:32,194.7,50,102950
20231206,10:26:35,198.0,100,102950
20231206,10:28:29,197.0,50,104550
20231206,10:29:31,197.0,50,104550
20231206,10:30:13,195.5,50,104600
20231206,10:30:24,195.5,50,104600
20231206,10:32:49,193.45,50,104600
20231206,10:33:19,193.15,50,104600
20231206,10:34:38,193.2,250,104600
20231206,10:35:25,193.35,100,104600
20231206,10:38:58,193.35,250,104550
20231206,10:39:07,193.4,50,104800
20231206,10:39:17,193.9,100,104800
20231206,10:43:20,193.5,100,104750
20231206,10:45:09,191.25,300,104750
20231206,10:47:22,186.75,50,104750
20231206,10:49:26,184.0,50,104700
20231206,10:49:58,182.1,50,104700
20231206,10:50:18,181.6,100,104700
20231206,10:51:31,184.0,50,104650
20231206,10:51:41,183.0,100,104650
20231206,10:51:52,183.4,150,104650
20231206,10:52:12,183.0,50,104650
20231206,10:54:33,183.0,50,104700
20231206,10:56:42,184.0,50,104700
20231206,10:57:20,183.75,150,104600
20231206,10:57:34,183.55,50,104600
20231206,11:01:41,181.7,50,104600
20231206,11:01:51,180.55,100,104600
20231206,11:02:21,180.0,500,104600
20231206,11:02:31,180.0,500,104600
20231206,11:03:10,180.45,150,105300
20231206,11:03:31,180.4,100,105300
20231206,11:04:21,180.45,250,105300
20231206,11:04:31,180.45,100,105300
20231206,11:05:20,180.8,250,105300
20231206,11:06:28,180.95,50,106150
20231206,11:06:38,181.15,50,106150
20231206,11:07:07,180.95,50,106150
20231206,11:09:34,181.9,50,106150
20231206,11:09:45,180.85,200,106150
20231206,11:09:55,181.25,100,106150
20231206,11:10:06,182.05,50,106150
20231206,11:10:37,182.3,350,106150
20231206,11:13:55,182.3,50,106000
20231206,11:14:44,182.0,50,106000
20231206,11:15:52,181.6,100,105950
20231206,11:17:38,181.0,50,105950
20231206,11:18:18,181.95,200,105950
20231206,11:18:58,182.8,1250,105950
20231206,11:19:28,183.2,250,105950
20231206,11:19:59,184.0,150,105950
20231206,11:20:50,183.0,50,105950
20231206,11:23:42,182.05,350,107500
20231206,11:24:12,181.2,200,107750
20231206,11:25:20,180.65,50,107750
20231206,11:26:46,180.65,50,107750
20231206,11:26:56,180.5,50,107750
20231206,11:28:30,179.95,400,107750
20231206,11:28:40,180.25,50,107750
20231206,11:28:59,181.2,200,107750
20231206,11:31:26,180.0,200,108000
20231206,11:31:46,180.25,50,108000
20231206,11:33:14,179.95,50,108250
20231206,11:35:18,180.5,50,108250
20231206,11:36:15,179.5,50,108300
20231206,11:36:42,179.75,50,108300
20231206,11:37:00,179.75,250,108300
20231206,11:37:09,180.0,50,108300
20231206,11:41:50,179.95,200,108400
20231206,11:42:19,179.45,200,108600
20231206,11:42:47,179.25,50,108600
20231206,11:43:29,180.0,200,108600
20231206,11:45:06,178.55,50,108550
20231206,11:45:43,178.85,50,108550
20231206,11:46:22,179.65,50,108550
20231206,11:49:59,178.55,200,108600
20231206,11:52:28,179.8,50,108400
20231206,11:52:37,180.2,150,108400
20231206,11:53:40,180.25,200,108400
20231206,11:54:08,180.25,50,108400
20231206,11:54:26,180.8,250,108550
20231206,11:54:35,181.5,100,108550
20231206,11:54:55,182.5,400,108550
20231206,11:55:14,182.05,50,108550
20231206,11:55:43,182.0,100,108550
20231206,11:56:02,182.0,50,108550
20231206,11:56:41,181.8,200,108550
20231206,11:57:00,182.0,100,108550
20231206,11:58:30,181.4,100,109450
20231206,12:02:59,181.5,50,109500
20231206,12:05:33,180.5,50,109550
20231206,12:06:50,179.0,50,109600
20231206,12:09:31,179.35,50,109550
20231206,12:09:50,178.75,50,109550
20231206,12:10:09,178.6,100,109550
20231206,12:10:18,178.6,50,109550
20231206,12:10:36,178.6,100,109550
20231206,12:11:32,179.45,50,109550
20231206,12:13:04,179.2,200,109850
20231206,12:13:32,178.7,200,109850
20231206,12:17:34,178.2,50,110000
20231206,12:18:30,178.55,50,110050
20231206,12:19:04,178.8,100,110050
20231206,12:19:13,179.4,50,110050
20231206,12:21:11,181.0,150,110050
20231206,12:22:18,180.5,100,110350
20231206,12:22:28,181.45,100,110350
20231206,12:23:08,182.05,50,110350
20231206,12:24:05,180.3,50,110350
20231206,12:27:53,181.6,250,110600
20231206,12:31:26,181.0,50,110350
20231206,12:31:54,181.95,50,110350
20231206,12:32:04,182.0,150,110350
20231206,12:32:14,182.65,250,110350
20231206,12:32:45,184.75,50,110350
20231206,12:33:06,185.0,100,110350
20231206,12:33:47,184.0,250,110050
20231206,12:34:58,188.05,150,110050
20231206,12:35:09,188.9,150,110050
20231206,12:35:20,188.8,50,110050
20231206,12:35:51,187.6,50,110050
20231206,12:36:01,188.0,50,110050
20231206,12:37:43,184.05,50,109600
20231206,12:42:16,186.85,50,109650
20231206,12:42:36,187.0,100,109650
20231206,12:43:35,187.0,100,109650
20231206,12:45:43,190.0,50,109800
20231206,12:47:25,186.0,500,109800
20231206,12:55:53,190.0,500,109800
20231206,12:57:04,187.0,50,109800
20231206,12:57:55,184.25,50,110150
20231206,13:00:23,185.0,50,110100
20231206,13:04:29,190.0,150,110150
20231206,13:04:58,188.45,50,110150
20231206,13:05:18,189.4,550,110150
20231206,13:07:03,191.75,100,110800
20231206,13:07:34,192.45,150,110800
20231206,13:07:57,192.3,150,110800
20231206,13:08:30,195.0,50,110800
20231206,13:08:41,195.0,500,110800
20231206,13:09:23,191.75,250,110900
20231206,13:10:34,192.5,50,110900
20231206,13:11:16,190.0,1000,110900
20231206,13:12:39,193.0,50,110700
20231206,13:15:53,191.2,400,110750
20231206,13:17:06,191.5,50,110750
20231206,13:17:58,190.0,50,110750
20231206,13:19:37,192.55,100,110750
20231206,13:20:27,193.0,50,110750
20231206,13:24:35,193.0,50,110800
20231206,13:26:50,192.85,50,110800
20231206,13:27:01,191.95,50,110800
20231206,13:29:10,191.5,250,110800
20231206,13:29:50,191.95,50,110800
20231206,13:31:10,189.15,50,110800
20231206,13:35:25,182.25,50,110800
20231206,13:37:30,183.1,100,110800
20231206,13:51:00,184.3,100,110850
20231206,13:51:20,184.0,50,110850
20231206,13:54:52,181.65,100,110850
20231206,13:55:32,183.35,100,110800
20231206,13:56:03,183.35,50,110800
20231206,13:59:13,181.45,100,110900
20231206,14:04:51,178.45,50,110900
20231206,14:11:04,178.6,350,110900
20231206,14:11:42,178.0,150,110900
20231206,14:12:49,177.0,100,110900
20231206,14:15:52,175.4,100,110900
20231206,14:16:42,174.15,50,110900
20231206,14:16:52,175.0,50,110900
20231206,14:18:01,175.0,150,110900
20231206,14:18:21,176.05,400,110900
20231206,14:18:41,174.0,50,110950
20231206,14:20:57,173.95,50,110950
20231206,14:22:48,174.0,200,110950
20231206,14:24:45,175.0,350,111100
20231206,14:24:55,175.3,200,111100
20231206,14:26:14,176.25,50,111100
20231206,14:26:24,177.9,200,111100
20231206,14:27:06,177.85,50,111100
20231206,14:27:36,176.65,350,111200
20231206,14:28:46,175.0,100,111200
20231206,14:30:16,174.0,400,111200
20231206,14:32:15,174.25,50,110950
20231206,14:32:33,174.0,50,110950
20231206,14:33:53,175.75,50,110900
20231206,14:34:03,175.95,100,110900
20231206,14:34:53,174.0,200,110900
20231206,14:35:03,173.9,50,110900
20231206,14:37:27,172.85,50,110600
20231206,14:38:06,173.25,100,110600
20231206,14:39:04,173.15,50,110600
20231206,14:39:35,172.0,150,110600
20231206,14:39:45,171.95,100,110650
20231206,14:40:14,171.4,50,110650
20231206,14:40:52,171.4,200,110650
20231206,14:41:22,171.15,50,110650
20231206,14:41:41,171.85,100,110650
20231206,14:43:28,170.4,350,110550
20231206,14:44:20,171.25,100,110550
20231206,14:45:00,170.05,400,110550
20231206,14:45:57,171.2,200,110600
20231206,14:46:20,172.7,50,110600
20231206,14:47:30,172.5,50,110600
20231206,14:47:34,172.5,50,110600
20231206,14:50:17,172.35,100,110800
20231206,14:50:36,171.6,50,110800
20231206,14:54:26,169.4,100,110850
20231206,14:55:07,169.25,200,110950
20231206,14:55:27,169.55,50,110950
20231206,14:56:28,171.0,200,110950
20231206,14:56:39,170.95,500,110950
20231206,14:57:09,170.1,550,110950
20231206,14:57:29,170.0,250,110950
20231206,14:58:31,170.0,250,112050
20231206,14:59:03,170.0,500,112050
20231206,14:59:45,170.0,100,112050
20231206,15:01:10,168.0,50,111800
20231206,15:01:51,168.0,50,111800
20231206,15:02:25,172.9,100,111800
20231206,15:02:36,172.5,350,111800
20231206,15:02:47,171.8,50,111800
20231206,15:03:52,171.5,200,111900
20231206,15:04:02,171.8,500,111900
20231206,15:05:14,171.8,500,111900
20231206,15:05:54,172.0,100,111900
20231206,15:06:25,172.05,100,111900
20231206,15:08:12,169.25,250,113050
20231206,15:08:23,168.75,250,113050
20231206,15:08:44,169.6,1000,113050
20231206,15:09:58,169.15,50,113650
20231206,15:11:09,168.85,100,113650
20231206,15:11:59,168.6,50,113650
20231206,15:12:49,168.5,600,113550
20231206,15:13:30,168.85,150,113550
20231206,15:14:01,168.0,250,113550
20231206,15:14:31,168.0,50,113550
20231206,15:14:50,167.8,50,113550
20231206,15:15:21,167.8,200,113550
20231206,15:16:34,170.8,100,113950
20231206,15:17:36,170.8,50,113950
20231206,15:17:57,170.6,100,113950
20231206,15:18:18,171.2,50,113950
20231206,15:18:28,171.25,150,113950
20231206,15:18:49,171.2,850,113600
20231206,15:19:09,170.65,600,113600
20231206,15:19:39,171.4,50,113600
20231206,15:20:00,171.0,150,113600
20231206,15:20:21,171.0,50,113600
20231206,15:21:55,171.0,100,114000
20231206,15:22:46,170.4,600,114000
20231206,15:23:40,168.7,50,114000
20231206,15:24:33,168.7,50,114000
20231206,15:24:44,169.0,100,113900
20231206,15:25:25,168.45,100,113900
20231206,15:25:35,168.25,150,113900
20231206,15:25:45,167.75,50,113900
20231206,15:25:56,167.75,50,113900
20231206,15:26:06,168.25,50,113900
20231206,15:26:27,168.0,100,113900
20231206,15:26:37,167.6,300,113900
20231206,15:26:46,167.45,300,113900
20231206,15:27:08,167.05,50,113900
20231206,15:27:20,167.0,50,113900
20231206,15:27:30,167.0,50,113900
20231206,15:28:02,166.55,1400,113800
20231206,15:28:33,167.05,750,113800
20231206,15:29:36,167.6,100,113800
20231206,15:30:03,180.0,250,113800
20231207,09:15:05,182.0,1,114550
20231207,09:15:05,182.0,50,114550
20231207,09:16:48,178.0,250,114550
20231207,09:17:09,179.95,100,114550
20231207,09:17:19,180.0,50,114550
20231207,09:18:49,182.0,50,114550
20231207,09:18:59,182.0,250,114550
20231207,09:20:31,181.8,50,114550
20231207,09:21:12,179.0,400,114800
20231207,09:21:22,181.0,200,114800
20231207,09:21:32,181.0,50,114800
20231207,09:21:42,182.0,100,114800
20231207,09:21:52,182.0,50,114800
20231207,09:22:42,182.0,50,114800
20231207,09:23:23,182.1,200,114800
20231207,09:26:07,182.15,50,114700
20231207,09:26:17,182.15,50,114700
20231207,09:27:49,184.0,200,114700
20231207,09:28:31,184.6,100,114700
20231207,09:28:52,184.6,50,114700
20231207,09:29:03,184.6,100,114700
20231207,09:29:24,184.5,150,114700
20231207,09:29:56,184.5,100,114600
20231207,09:31:10,180.0,100,114600
20231207,09:32:35,181.2,50,114600
20231207,09:33:56,182.35,50,114600
20231207,09:35:29,180.05,100,114600
20231207,09:36:00,179.3,100,114600
20231207,09:36:20,179.9,300,114600
20231207,09:36:40,179.9,100,114600
20231207,09:37:01,179.7,50,114600
20231207,09:37:11,178.0,50,114600
20231207,09:37:54,177.8,50,114600
20231207,09:38:26,176.65,100,114600
20231207,09:38:37,176.65,100,114600
20231207,09:38:48,177.0,50,114600
20231207,09:38:59,174.85,100,114600
20231207,09:39:10,174.55,300,114600
20231207,09:39:32,174.55,50,114600
20231207,09:39:42,174.6,100,114600
20231207,09:40:03,175.0,350,114600
20231207,09:42:06,177.6,250,114350
20231207,09:44:09,177.8,200,114350
20231207,09:44:50,179.0,50,114500
20231207,09:45:00,180.1,500,114500
20231207,09:46:51,178.05,150,114500
20231207,09:48:31,181.0,450,114800
20231207,09:49:54,182.8,250,114800
20231207,09:50:24,182.0,50,114800
20231207,09:52:05,181.15,100,114900
20231207,09:52:15,180.95,150,114900
20231207,09:54:35,176.05,100,114800
20231207,09:54:45,177.45,250,114800
20231207,09:54:55,176.55,100,114800
20231207,09:56:44,177.6,150,114700
20231207,09:56:54,176.6,50,114700
20231207,09:59:22,179.0,400,114700
20231207,10:00:12,180.25,50,114800
20231207,10:00:21,180.9,200,114800
20231207,10:01:27,180.0,400,114800
20231207,10:02:35,181.0,200,114800
20231207,10:03:24,180.75,250,114750
20231207,10:04:41,181.0,100,114750
20231207,10:05:20,180.85,250,114750
20231207,10:05:59,180.75,150,114700
20231207,10:07:15,180.25,50,114700
20231207,10:11:20,180.05,50,114700
20231207,10:11:40,179.5,50,114750
20231207,10:12:40,179.6,150,114750
20231207,10:15:52,180.0,50,114750
20231207,10:16:51,180.0,100,114750
20231207,10:24:16,177.5,50,114850
20231207,10:27:16,178.0,50,114850
20231207,10:27:36,178.0,100,114850
20231207,10:30:43,178.9,200,114950
20231207,10:32:51,178.5,50,114950
20231207,10:35:08,176.0,200,114950
20231207,10:39:01,176.0,200,114950
20231207,10:39:29,176.0,350,114900
20231207,10:40:25,176.0,200,114900
20231207,10:41:08,173.15,200,114900
20231207,10:41:51,172.2,50,114850
20231207,10:45:59,172.2,100,114850
20231207,10:50:17,171.9,50,114900
20231207,10:52:56,169.55,200,114900
20231207,10:53:07,168.5,50,114900
20231207,10:54:43,167.6,350,114800
20231207,10:54:54,168.35,50,114800
20231207,10:55:04,168.2,800,114800
20231207,10:55:58,168.65,50,114800
20231207,10:56:09,169.05,400,114800
20231207,10:56:19,168.95,50,114800
20231207,11:01:11,169.0,50,114850
20231207,11:04:11,168.5,50,114850
20231207,11:04:32,168.3,100,114850
20231207,11:04:43,167.0,750,114850
20231207,11:05:05,166.05,350,114850
20231207,11:05:16,166.0,1800,114850
20231207,11:05:27,166.0,200,114850
20231207,11:05:39,166.75,250,114850
20231207,11:07:15,166.95,1000,115250
20231207,11:08:07,165.15,1200,115250
20231207,11:08:27,165.15,50,115250
20231207,11:08:37,166.0,50,115250
20231207,11:08:48,166.25,100,115250
20231207,11:09:28,165.0,1800,116350
20231207,11:09:38,164.45,50,116350
20231207,11:10:09,164.45,50,116350
20231207,11:10:50,166.95,1900,116350
20231207,11:11:21,166.3,250,116350
20231207,11:13:20,166.35,50,118650
20231207,11:15:19,165.75,50,118600
20231207,11:16:39,166.95,1000,118600
20231207,11:18:10,167.95,100,119000
20231207,11:19:01,168.1,100,119000
20231207,11:19:30,168.15,50,119000
20231207,11:20:19,168.15,200,119000
20231207,11:21:20,168.15,50,119100
20231207,11:21:31,167.25,150,119100
20231207,11:21:41,167.7,100,119100
20231207,11:22:11,167.0,50,119100
20231207,11:22:31,168.05,150,119100
20231207,11:23:51,167.15,200,118700
20231207,11:24:01,167.0,500,118700
20231207,11:26:09,168.05,100,118700
20231207,11:30:10,169.5,100,118600
20231207,11:32:10,170.0,50,118600
20231207,11:33:11,170.7,500,118550
20231207,11:34:00,169.05,100,118550
20231207,11:35:09,167.85,100,118550
20231207,11:35:29,168.2,500,118550
20231207,11:37:16,168.2,50,119150
20231207,11:43:33,168.4,50,119200
20231207,11:44:27,168.6,200,119200
20231207,11:48:11,168.6,50,119200
20231207,11:48:58,169.0,50,119200
20231207,11:49:41,169.0,50,119200
20231207,11:50:58,168.05,100,119300
20231207,11:52:29,166.35,100,119300
20231207,11:54:36,167.25,150,119400
20231207,11:57:06,167.15,50,119550
20231207,11:57:44,166.2,50,119550
20231207,11:59:36,167.6,100,119550
20231207,12:00:52,167.35,50,119450
20231207,12:06:59,168.45,50,119450
20231207,12:14:00,168.65,50,119500
20231207,12:14:45,168.75,50,119500
20231207,12:15:58,168.8,550,119550
20231207,12:17:50,170.0,500,119550
20231207,12:20:57,170.8,400,120100
20231207,12:30:29,170.8,400,120150
20231207,12:40:01,170.95,500,120250
20231207,12:40:55,170.15,100,120250
20231207,12:45:19,170.1,500,120650
20231207,12:53:15,170.7,200,120650
20231207,12:58:28,170.7,50,120750
20231207,13:12:26,170.0,50,120750
20231207,13:13:22,168.35,50,120750
20231207,13:14:59,168.1,250,120750
20231207,13:17:01,167.05,750,121000
20231207,13:17:18,167.95,250,121000
20231207,13:18:37,167.35,200,121750
20231207,13:19:12,168.1,250,121750
20231207,13:21:17,168.1,50,122150
20231207,13:32:37,166.25,50,122150
20231207,13:34:22,164.8,100,122150
20231207,13:37:38,165.75,1000,122150
20231207,13:37:48,164.75,450,122150
20231207,13:38:07,165.4,100,122150
20231207,13:38:26,165.0,200,122150
20231207,13:42:32,166.5,50,122800
20231207,13:51:00,165.0,100,122850
20231207,13:51:09,165.0,150,122850
20231207,13:52:39,166.0,50,122750
20231207,13:57:18,165.1,50,122750
20231207,13:57:35,165.0,50,122750
20231207,13:58:32,164.45,50,122750
20231207,13:59:08,165.0,400,122750
20231207,14:04:18,164.0,200,122750
20231207,14:04:51,164.0,50,122750
20231207,14:05:38,164.0,50,122750
20231207,14:06:04,163.4,1050,122750
20231207,14:06:14,162.85,100,121750
20231207,14:06:33,162.75,100,121750
20231207,14:07:09,162.75,150,121750
20231207,14:08:46,163.95,50,121750
20231207,14:09:51,163.2,500,121750
20231207,14:10:01,164.0,50,121750
20231207,14:11:33,164.75,50,121750
20231207,14:15:17,164.5,150,121750
20231207,14:16:42,166.0,100,121750
20231207,14:16:52,166.0,550,121750
20231207,14:18:20,166.2,200,122400
20231207,14:18:29,166.2,200,122400
20231207,14:18:38,166.2,100,122400
20231207,14:21:14,164.0,1800,122400
20231207,14:22:16,164.0,200,122300
20231207,14:22:43,165.0,1300,122300
20231207,14:23:01,165.0,250,122300
20231207,14:23:10,165.0,1800,122300
20231207,14:23:28,165.4,100,122300
20231207,14:23:44,164.5,500,122300
20231207,14:30:19,162.6,50,121300
20231207,14:30:29,160.6,550,121300
20231207,14:30:39,161.5,100,121300
20231207,14:30:59,160.8,50,121300
20231207,14:31:20,159.05,200,121300
20231207,14:31:40,159.05,150,121300
20231207,14:32:40,160.0,50,121300
20231207,14:35:45,160.05,50,121350
20231207,14:36:42,160.95,50,121300
20231207,14:37:11,161.0,50,121300
20231207,14:38:29,160.95,50,121300
20231207,14:39:16,160.4,50,121300
20231207,14:39:26,161.0,400,121200
20231207,14:39:35,161.0,100,121200
20231207,14:41:16,161.75,50,121200
20231207,14:41:45,161.7,200,121200
20231207,14:52:30,163.0,50,121150
20231207,14:54:50,165.15,50,121150
20231207,14:56:17,164.55,450,121150
20231207,14:59:43,163.05,1500,121150
20231207,14:59:53,164.15,50,121150
20231207,15:00:12,164.15,150,121150
20231207,15:01:03,164.5,100,121100
20231207,15:04:28,162.05,50,121100
20231207,15:04:39,161.45,50,121100
20231207,15:04:49,161.3,50,121100
20231207,15:06:49,162.0,200,121100
20231207,15:06:58,162.0,200,121100
20231207,15:07:08,162.05,150,121100
20231207,15:11:28,159.7,400,120800
20231207,15:11:38,160.1,50,120800
20231207,15:11:58,160.6,150,120800
20231207,15:12:17,160.6,300,120800
20231207,15:12:37,160.75,300,120250
20231207,15:14:18,160.2,50,120250
20231207,15:15:07,161.0,50,120250
20231207,15:15:25,160.25,50,120250
20231207,15:15:34,160.9,150,119950
20231207,15:15:44,160.9,100,119950
20231207,15:16:12,160.9,50,119950
20231207,15:16:31,160.85,100,119950
20231207,15:16:50,160.85,100,119950
20231207,15:17:50,159.35,200,119950
20231207,15:18:00,159.85,150,119950
20231207,15:18:09,159.55,50,119950
20231207,15:18:19,160.3,100,119950
20231207,15:18:29,160.4,50,119850
20231207,15:18:39,160.3,50,119850
20231207,15:19:19,160.0,50,119850
20231207,15:19:38,159.5,200,119850
20231207,15:21:35,159.1,50,120100
20231207,15:22:04,159.8,50,120100
20231207,15:22:24,159.2,200,120100
20231207,15:22:53,159.35,100,120100
20231207,15:23:03,158.9,100,120100
20231207,15:24:00,158.85,100,120100
20231207,15:24:20,158.4,150,120100
20231207,15:24:49,158.4,50,120050
20231207,15:25:39,159.0,50,120050
20231207,15:26:39,158.5,50,120050
20231207,15:26:58,158.0,100,120050
20231207,15:27:08,158.1,150,120050
20231207,15:27:18,158.0,50,120050
20231207,15:27:28,157.75,50,120150
20231207,15:27:37,157.0,400,120150
20231207,15:27:57,156.8,250,120150
20231207,15:28:17,156.8,50,120150
20231207,15:29:07,155.85,100,120150
20231207,15:29:18,155.9,50,120150
20231207,15:29:38,156.0,200,120150
20231208,09:15:21,152.3,1,120150
20231208,09:15:21,152.8,200,120150
20231208,09:16:12,153.6,200,120150
20231208,09:16:26,153.6,100,120150
20231208,09:16:34,152.45,50,120150
20231208,09:16:55,152.45,50,120150
20231208,09:17:16,153.0,100,120150
20231208,09:17:23,153.3,150,120200
20231208,09:18:00,154.0,100,120200
20231208,09:18:43,154.0,100,120200
20231208,09:18:53,155.0,150,120200
20231208,09:19:37,155.0,50,120200
20231208,09:20:44,152.85,150,120050
20231208,09:21:29,152.95,200,120050
20231208,09:21:53,152.85,50,120050
20231208,09:22:18,152.1,50,120050
20231208,09:22:19,152.1,100,120050
20231208,09:22:22,151.95,50,120050
20231208,09:22:48,150.5,50,120050
20231208,09:23:04,150.15,50,120050
20231208,09:23:05,150.0,100,120050
20231208,09:23:09,149.95,50,120050
20231208,09:23:16,149.95,100,120050
20231208,09:23:28,149.0,200,120300
20231208,09:23:29,149.0,800,120300
20231208,09:24:03,149.0,50,120300
20231208,09:24:04,149.1,50,120300
20231208,09:24:40,148.65,100,120300
20231208,09:24:53,147.5,200,120300
20231208,09:25:50,147.9,50,120300
20231208,09:26:38,148.7,100,120300
20231208,09:27:16,148.75,100,120300
20231208,09:27:35,148.9,50,120300
20231208,09:28:12,148.9,50,120300
20231208,09:28:24,148.15,50,120300
20231208,09:28:49,147.35,50,120300
20231208,09:28:50,147.25,50,120300
20231208,09:28:54,147.25,50,120300
20231208,09:29:31,148.5,50,120150
20231208,09:29:40,149.0,50,120150
20231208,09:29:45,149.1,100,120150
20231208,09:30:03,149.95,50,120150
20231208,09:30:04,150.0,400,120150
20231208,09:30:26,150.5,150,120150
20231208,09:31:31,150.5,100,120150
20231208,09:31:52,150.0,50,120150
20231208,09:31:57,150.0,100,120150
20231208,09:32:32,149.95,50,120300
20231208,09:32:39,149.1,50,120300
20231208,09:33:05,149.8,150,120300
20231208,09:33:25,150.0,100,120300
20231208,09:34:37,150.5,100,120300
20231208,09:35:03,150.5,50,120300
20231208,09:35:22,150.1,100,120300
20231208,09:36:54,149.1,50,120250
20231208,09:37:48,149.75,150,120250
20231208,09:38:07,149.75,50,120250
20231208,09:38:25,150.1,600,120100
20231208,09:38:45,150.0,500,120100
20231208,09:40:31,148.75,50,120100
20231208,09:41:08,149.15,200,120100
20231208,09:41:17,150.0,250,120100
20231208,09:42:27,148.0,50,120700
20231208,09:44:19,147.9,50,120700
20231208,09:44:23,147.0,50,120700
20231208,09:44:24,147.0,50,120700
20231208,09:44:29,147.0,50,120750
20231208,09:44:33,146.4,50,120750
20231208,09:44:44,146.4,50,120750
20231208,09:45:11,147.0,50,120750
20231208,09:46:39,147.1,50,120750
20231208,09:47:07,147.55,50,120750
20231208,09:47:26,147.55,50,120750
20231208,09:47:35,147.05,50,120700
20231208,09:48:37,146.6,50,120700
20231208,09:48:51,146.2,400,120700
20231208,09:49:05,146.2,150,120700
20231208,09:49:16,146.3,50,120700
20231208,09:49:17,146.2,50,120700
20231208,09:49:37,145.85,50,120700
20231208,09:49:45,145.85,50,120700
20231208,09:49:46,146.0,50,120700
20231208,09:50:09,146.85,150,120700
20231208,09:50:40,146.0,50,120700
20231208,09:51:29,146.75,1500,120900
20231208,09:51:38,146.25,200,120900
20231208,09:51:56,146.25,2000,120900
20231208,09:53:28,145.3,50,118950
20231208,09:54:06,144.7,200,118950
20231208,09:54:53,144.9,250,118950
20231208,09:55:03,145.8,50,118950
20231208,09:55:22,145.8,150,118950
20231208,09:55:31,145.75,1100,118950
20231208,09:57:04,146.2,200,118850
20231208,09:57:14,146.2,500,118850
20231208,09:57:32,147.0,100,118850
20231208,09:57:51,146.6,150,118850
20231208,09:58:10,145.9,200,118850
20231208,09:58:46,145.9,900,118850
20231208,09:59:23,145.9,100,118850
20231208,10:00:43,145.9,50,119750
20231208,10:01:18,146.0,100,119750
20231208,10:02:12,145.6,100,119750
20231208,10:02:30,145.8,150,119750
20231208,10:02:48,145.0,350,119800
20231208,10:02:58,143.0,250,119800
20231208,10:05:57,143.0,500,120000
20231208,10:06:07,142.8,450,120000
20231208,10:08:08,145.05,50,120000
20231208,10:08:18,145.5,250,120000
20231208,10:08:36,145.0,150,120300
20231208,10:08:46,145.1,50,120300
20231208,10:09:05,146.0,150,120300
20231208,10:09:15,147.0,200,120300
20231208,10:10:02,148.75,50,120300
20231208,10:10:21,146.75,50,120300
20231208,10:11:09,147.75,200,120300
20231208,10:11:18,147.15,300,120300
20231208,10:15:38,145.35,200,120400
20231208,10:16:38,145.8,150,120400
20231208,10:18:04,146.0,100,120750
20231208,10:18:20,146.0,100,120750
20231208,10:18:53,146.0,50,120750
20231208,10:19:15,147.0,100,120750
20231208,10:20:13,147.0,50,120750
20231208,10:21:11,147.45,150,120700
20231208,10:24:25,148.6,500,120850
20231208,10:26:23,147.2,150,120850
20231208,10:26:32,147.2,50,120400
20231208,10:26:41,147.1,200,120400
20231208,10:26:49,147.7,250,120400
20231208,10:26:59,148.0,200,120400
20231208,10:27:08,148.6,100,120400
20231208,10:27:44,148.6,150,120400
20231208,10:28:03,148.65,50,120400
20231208,10:29:51,144.75,250,120750
20231208,10:29:59,144.0,50,120750
20231208,10:30:06,144.65,100,120750
20231208,10:30:22,144.1,250,120750
20231208,10:31:11,144.45,50,120750
20231208,10:31:50,142.6,100,120750
20231208,10:32:09,142.6,100,120750
20231208,10:32:37,143.15,50,120750
20231208,10:32:46,143.15,50,120900
20231208,10:33:41,144.5,50,120900
20231208,10:34:55,146.2,50,120900
20231208,10:35:32,145.55,100,120900
20231208,10:37:16,145.0,100,121000
20231208,10:38:49,145.15,200,121100
20231208,10:39:14,145.15,100,121100
20231208,10:39:32,145.5,50,121100
20231208,10:39:58,144.75,50,121100
20231208,10:41:06,145.2,100,121100
20231208,10:41:41,145.6,50,121050
20231208,10:45:13,142.05,50,121100
20231208,10:47:18,142.05,50,121100
20231208,10:48:09,142.55,150,121150
20231208,10:49:16,142.3,50,121150
20231208,10:50:07,142.55,50,121150
20231208,10:51:00,144.5,50,121300
20231208,10:51:45,144.0,250,121300
20231208,10:52:20,145.9,50,121300
20231208,10:52:30,145.9,200,121300
20231208,10:53:53,146.35,100,121600
20231208,10:54:11,146.6,100,121600
20231208,10:54:20,147.0,400,121600
20231208,10:57:36,148.2,250,121300
20231208,11:01:49,151.45,50,121400
20231208,11:02:55,153.3,100,121450
20231208,11:03:33,154.05,100,121450
20231208,11:04:50,155.1,400,121450
20231208,11:05:18,155.1,100,121450
20231208,11:05:48,157.45,100,121800
20231208,11:05:58,158.0,150,121800
20231208,11:06:08,158.2,250,121800
20231208,11:06:17,158.2,750,121800
20231208,11:06:27,158.55,50,121800
20231208,11:06:46,158.55,50,121800
20231208,11:06:57,160.0,550,121800
20231208,11:07:07,160.8,200,121800
20231208,11:07:26,160.05,100,121800
20231208,11:07:45,160.1,50,121800
20231208,11:07:55,160.4,50,121800
20231208,11:09:29,156.3,100,122200
20231208,11:09:39,156.0,200,122200
20231208,11:09:48,156.45,200,122200
20231208,11:10:07,159.0,200,122200
20231208,11:12:00,158.25,150,122000
20231208,11:13:03,157.1,1550,122000
20231208,11:13:51,154.0,50,122000
20231208,11:14:19,152.8,50,122000
20231208,11:14:57,153.8,50,123250
20231208,11:16:57,150.55,50,123250
20231208,11:17:40,150.0,100,123350
20231208,11:18:31,150.0,50,123350
20231208,11:19:51,148.0,500,123350
20231208,11:20:10,148.05,1000,123350
20231208,11:21:05,148.3,50,123400
20231208,11:21:14,148.8,50,123400
20231208,11:21:42,148.0,150,123400
20231208,11:23:13,146.4,50,123400
20231208,11:24:25,148.0,50,123500
20231208,11:24:52,148.7,50,123500
20231208,11:27:38,148.7,300,123500
20231208,11:28:23,148.4,50,123500
20231208,11:30:01,148.4,50,123800
20231208,11:31:27,149.2,50,123800
20231208,11:31:36,148.45,50,123800
20231208,11:32:20,147.7,50,123800
20231208,11:33:12,149.05,100,123800
20231208,11:35:12,148.55,100,123800
20231208,11:35:52,148.15,100,123700
20231208,11:36:24,147.35,200,123700
20231208,11:36:48,147.65,200,123700
20231208,11:37:05,147.1,100,123700
20231208,11:37:14,147.0,100,123700
20231208,11:37:24,146.75,50,123700
20231208,11:37:32,147.65,600,123700
20231208,11:37:41,146.4,50,123700
20231208,11:37:59,146.6,100,123700
20231208,11:38:08,146.65,200,123700
20231208,11:39:44,146.65,200,123500
20231208,11:44:28,146.0,50,123300
20231208,11:44:36,146.0,2150,123300
20231208,11:44:45,146.0,300,123300
20231208,11:44:53,145.95,200,125800
20231208,11:45:18,145.15,1100,125800
20231208,11:50:19,146.65,100,126700
20231208,11:51:14,145.0,200,126700
20231208,11:56:09,146.15,100,126800
20231208,11:56:45,146.1,100,126800
20231208,11:57:27,146.1,100,126900
20231208,11:58:51,146.05,50,126900
20231208,11:59:16,146.1,200,126900
20231208,12:00:25,145.85,150,126850
20231208,12:09:08,147.5,150,126950
20231208,12:10:13,150.15,7500,126950
20231208,12:10:22,148.0,400,126950
20231208,12:11:10,147.15,150,126950
20231208,12:11:18,147.0,100,126950
20231208,12:12:08,148.15,100,121200
20231208,12:12:16,148.65,200,121200
20231208,12:16:44,149.2,1200,121200
20231208,12:20:36,150.25,200,120650
20231208,12:23:07,152.15,50,120700
20231208,12:26:49,151.55,150,120650
20231208,12:27:33,151.55,50,120800
20231208,12:28:06,152.15,450,120800
20231208,12:28:15,152.3,700,120800
20231208,12:28:41,152.4,100,120800
20231208,12:29:06,152.0,100,120800
20231208,12:31:12,150.5,50,121450
20231208,12:37:30,153.95,500,121400
20231208,12:39:11,154.0,200,121800
20231208,12:44:13,154.65,100,121650
20231208,12:44:32,156.0,100,121650
20231208,12:45:10,157.75,100,121650
20231208,12:46:05,155.4,50,121650
20231208,12:47:07,157.75,50,121650
20231208,12:48:43,160.3,600,121550
20231208,12:48:54,159.65,50,121550
20231208,12:50:16,160.0,50,121550
20231208,12:50:50,160.0,250,121550
20231208,12:51:18,158.55,100,121750
20231208,12:52:30,159.65,50,121750
20231208,12:53:05,159.6,100,121750
20231208,12:54:45,161.0,50,121550
20231208,12:55:47,161.0,50,121550
20231208,12:55:52,160.4,50,121550
20231208,13:01:12,160.4,550,121500
20231208,13:01:57,159.9,50,121500
20231208,13:02:54,163.1,50,121500
20231208,13:03:43,165.0,200,121400
20231208,13:03:52,165.0,150,121400
20231208,13:06:13,166.45,250,121300
20231208,13:07:10,166.45,100,121300
20231208,13:07:55,164.05,100,121300
20231208,13:09:00,162.05,150,121300
20231208,13:09:36,163.95,50,121300
20231208,13:11:06,163.95,100,121300
20231208,13:11:41,163.2,50,121300
20231208,13:12:42,164.3,50,121250
20231208,13:14:06,159.95,50,121250
20231208,13:14:15,160.25,50,121250
20231208,13:16:04,158.85,100,121250
20231208,13:16:23,156.85,100,121250
20231208,13:17:08,156.8,50,121250
20231208,13:17:26,158.1,100,121250
20231208,13:17:35,158.75,50,121250
20231208,13:17:44,159.55,50,121250
20231208,13:18:46,157.55,50,121400
20231208,13:19:37,158.7,50,121400
20231208,13:21:09,159.95,150,121450
20231208,13:21:26,160.65,300,121450
20231208,13:23:14,160.45,50,121450
20231208,13:25:26,161.4,50,121200
20231208,13:28:59,165.0,100,121200
20231208,13:29:28,166.95,200,121200
20231208,13:29:38,167.9,150,121200
20231208,13:30:07,168.0,50,121500
20231208,13:30:56,168.0,50,121500
20231208,13:32:05,168.0,50,121500
20231208,13:34:17,162.25,100,121550
20231208,13:36:44,161.25,400,121550
20231208,13:36:53,162.0,50,121550
20231208,13:37:22,161.4,100,121550
20231208,13:37:31,161.95,200,121550
20231208,13:38:28,165.45,100,121550
20231208,13:38:38,166.2,100,121550
20231208,13:39:08,168.0,100,121550
20231208,13:41:52,171.6,100,121550
20231208,13:42:01,171.6,50,121550
20231208,13:43:37,173.7,50,121600
20231208,13:43:38,173.75,50,121600
20231208,13:44:38,173.75,150,121600
20231208,13:44:55,174.25,100,121600
20231208,13:45:25,173.0,400,121600
20231208,13:46:04,170.0,800,121600
20231208,13:47:21,169.35,50,121600
20231208,13:48:00,170.5,500,121600
20231208,13:48:29,173.0,50,122300
20231208,13:48:49,173.0,100,122300
20231208,13:48:58,173.15,300,122300
20231208,13:49:18,173.0,800,122300
20231208,13:49:37,171.1,100,122300
20231208,13:49:56,170.0,200,122300
20231208,13:50:06,168.4,200,122300
20231208,13:51:49,167.7,50,122500
20231208,13:51:58,167.85,300,122500
20231208,13:52:08,167.6,50,122500
20231208,13:52:26,167.15,200,122500
20231208,13:52:55,165.85,50,122500
20231208,13:53:04,166.75,50,122500
20231208,13:54:07,166.0,500,122500
20231208,13:58:00,167.8,50,123550
20231208,13:59:20,166.8,500,123550
20231208,13:59:57,167.5,100,123550
20231208,14:00:15,167.5,100,123400
20231208,14:06:57,161.8,50,123300
20231208,14:07:16,161.0,500,123300
20231208,14:08:30,160.0,150,123300
20231208,14:08:40,160.4,50,123300
20231208,14:10:21,162.1,50,123100
20231208,14:15:13,161.05,50,123100
20231208,14:15:40,160.85,50,123100
20231208,14:16:15,160.85,200,123100
20231208,14:17:09,162.25,600,123100
20231208,14:18:49,162.6,100,123500
20231208,14:20:13,162.0,50,123500
20231208,14:21:48,162.5,50,123450
20231208,14:23:21,162.35,100,123450
20231208,14:24:15,162.35,50,123450
20231208,14:30:19,162.35,300,123450
20231208,14:30:50,162.15,100,123450
20231208,14:31:20,161.55,200,123450
20231208,14:31:21,161.55,300,123450
20231208,14:35:55,157.65,50,122950
20231208,14:36:14,157.65,50,122950
20231208,14:37:20,157.0,50,122950
20231208,14:37:39,157.0,100,122950
20231208,14:37:58,156.0,50,122950
20231208,14:40:22,154.1,50,122850
20231208,14:43:40,150.8,100,122800
20231208,14:44:47,151.0,100,122800
20231208,14:45:46,150.8,50,122800
20231208,14:46:34,150.1,100,122800
20231208,14:46:45,149.65,250,122800
20231208,14:47:21,150.1,50,122800
20231208,14:48:10,150.0,100,122800
20231208,14:48:19,150.0,50,122950
20231208,14:48:57,150.0,150,122950
20231208,14:49:07,150.2,50,122950
20231208,14:50:43,149.8,400,122950
20231208,14:52:16,151.7,50,122750
20231208,14:54:20,151.8,50,122750
20231208,14:55:00,152.35,50,122750
20231208,14:59:03,152.2,50,122800
20231208,14:59:41,152.95,50,122800
20231208,14:59:50,152.2,250,122800
20231208,15:00:00,152.2,100,122800
20231208,15:00:09,152.2,200,122800
20231208,15:00:29,153.45,100,122450
20231208,15:00:38,152.5,50,122450
20231208,15:01:58,150.95,200,122450
20231208,15:02:08,150.5,450,122450
20231208,15:02:19,148.35,100,122450
20231208,15:03:10,146.0,100,122450
20231208,15:03:31,146.8,100,122450
20231208,15:03:51,146.7,50,122450
20231208,15:04:11,146.05,50,122450
20231208,15:05:41,145.45,100,122450
20231208,15:05:51,145.0,150,122450
20231208,15:06:52,145.35,100,122600
20231208,15:07:39,144.9,200,122600
20231208,15:08:47,145.9,50,122600
20231208,15:10:34,143.5,50,122700
20231208,15:10:44,143.5,50,122700
20231208,15:11:44,142.8,100,122700
20231208,15:11:54,142.8,200,122700
20231208,15:12:14,141.25,150,122700
20231208,15:13:04,141.25,200,122900
20231208,15:13:33,142.85,1150,122900
20231208,15:14:59,142.5,50,122900
20231208,15:15:09,142.65,50,122900
20231208,15:15:19,143.0,150,122850
20231208,15:16:19,144.4,1800,122850
20231208,15:16:43,144.9,200,122850
20231208,15:17:01,143.55,300,122850
20231208,15:17:33,143.65,50,122850
20231208,15:18:15,143.0,100,122850
20231208,15:18:35,142.5,300,122050
20231208,15:18:44,142.55,100,122050
20231208,15:19:12,142.8,200,122050
20231208,15:19:32,143.65,50,122050
20231208,15:19:41,142.6,150,122050
20231208,15:19:51,142.6,100,122050
20231208,15:20:21,143.4,100,122050
20231208,15:20:30,143.35,100,122050
20231208,15:20:40,142.75,50,122050
20231208,15:21:08,142.75,150,122050
20231208,15:21:27,143.0,50,122300
20231208,15:21:56,142.75,2450,122300
20231208,15:22:06,142.75,2900,122300
20231208,15:22:16,142.7,350,122300
20231208,15:22:26,141.85,50,122300
20231208,15:22:37,141.45,100,122300
20231208,15:22:47,141.65,300,122300
20231208,15:23:17,141.3,100,122300
20231208,15:23:36,141.9,550,122300
20231208,15:23:56,141.3,400,122300
20231208,15:24:06,141.35,300,122300
20231208,15:24:36,141.3,150,118600
20231208,15:24:46,141.3,100,118600
20231208,15:24:55,141.5,100,118600
20231208,15:25:14,141.1,100,118600
20231208,15:25:33,141.1,2100,118600
20231208,15:25:52,141.1,200,118600
20231208,15:26:59,141.1,50,118600
20231208,15:27:08,141.1,600,118600
20231208,15:27:18,141.0,100,117400
20231208,15:27:28,141.0,50,117400
20231208,15:28:36,141.45,50,117400
20231208,15:28:46,141.0,300,117400
20231208,15:28:55,141.35,200,117400
20231208,15:29:32,140.4,200,117400
20231208,15:29:41,140.35,100,117400
20231208,15:29:51,140.05,100,117400
20231211,09:15:16,138.0,1,116850
20231211,09:15:16,142.85,1,116850
20231211,09:15:16,139.4,250,116850
20231211,09:15:25,138.0,50,116850
20231211,09:15:33,139.4,950,116850
20231211,09:15:41,143.45,200,116850
20231211,09:16:04,143.45,100,116850
20231211,09:16:12,143.25,100,116850
20231211,09:16:30,145.35,200,116850
20231211,09:16:46,145.35,100,116850
20231211,09:16:55,145.0,50,116850
