date,time,tick_price,volume,open_interest
20240111,11:37:19,1.3,1900,2750
20240111,11:37:37,1.45,850,2750
20240111,11:39:38,1.45,50,2750
20240111,12:03:30,1.45,600,2750
20240111,12:05:13,1.45,200,2750
20240111,12:19:43,1.45,350,2750
20240111,12:23:30,1.5,50,2750
20240111,12:23:38,1.5,600,2750
20240111,12:35:10,1.45,50,2800
20240111,12:40:22,1.45,750,2850
20240111,12:40:25,1.5,50,2850
20240111,12:40:38,1.45,100,2850
20240111,12:42:20,1.45,1700,3700
20240111,12:44:37,1.4,100,3700
20240111,12:46:48,1.45,450,5400
20240111,12:48:02,1.45,250,5850
20240111,12:48:33,1.45,150,5850
20240111,12:52:03,1.45,250,6250
20240111,13:00:36,1.45,50,6500
20240111,13:00:38,1.45,200,6500
20240111,13:01:03,1.45,50,6500
20240111,13:18:15,1.7,2500,6500
20240111,13:20:13,1.7,450,6550
20240111,13:24:51,1.35,100,6550
20240111,13:25:44,1.3,100,6550
20240111,13:26:00,1.35,100,6550
20240111,13:27:05,1.3,450,6650
20240111,13:29:38,1.3,100,6650
20240111,13:39:50,1.45,50,6300
20240111,13:54:24,1.45,50,6300
20240111,13:57:33,1.45,100,6300
20240111,14:03:56,1.45,50,6400
20240111,14:12:30,1.45,50,6450
20240111,14:51:14,1.2,100,6500
20240111,14:51:21,1.3,50,6600
20240111,14:51:30,1.25,700,6600
20240111,14:51:39,1.25,300,6600
20240111,14:52:02,1.25,50,6600
20240111,14:52:09,1.2,1400,6600
20240111,14:57:20,1.25,50,6350
20240111,15:00:02,1.25,400,6400
20240111,15:03:09,1.45,3000,6800
20240111,15:03:52,1.25,200,9200
20240111,15:04:05,1.2,100,9200
20240111,15:04:49,1.4,550,9200
20240111,15:11:40,1.2,650,9400
20240111,15:15:41,1.15,200,10050
20240111,15:19:58,1.15,50,10200
20240111,15:20:39,1.2,250,10200
20240111,15:20:46,1.15,200,10200
20240111,15:21:04,1.2,250,10200
20240111,15:21:21,1.15,300,10200
20240111,15:21:44,1.15,200,10250
20240111,15:22:50,1.15,500,10250
20240111,15:23:19,1.2,500,10250
20240111,15:24:42,1.05,50,10450
20240111,15:29:16,1.05,100,10450
20240112,09:15:02,1.25,1,10450
20240112,09:15:02,1.2,1,10450
20240112,09:15:02,1.25,2100,10450
20240112,09:15:05,1.3,550,10450
20240112,09:15:09,1.3,1700,10450
20240112,09:15:19,1.35,1350,10450
20240112,09:15:23,1.15,500,10450
20240112,09:15:29,1.15,150,10450
20240112,09:15:31,1.15,450,10450
20240112,09:15:36,1.15,250,10450
20240112,09:15:49,1.15,300,10450
20240112,09:16:00,1.15,100,10450
20240112,09:16:03,1.1,700,10450
20240112,09:16:25,1.1,500,10450
20240112,09:16:28,1.2,50,10450
20240112,09:18:14,1.15,50,15800
20240112,09:18:27,1.2,100,15800
20240112,09:18:32,1.2,150,15800
20240112,09:19:23,1.15,450,15800
20240112,09:19:24,1.15,350,15800
20240112,09:19:26,1.15,50,15800
20240112,09:19:47,1.2,100,15800
20240112,09:21:03,1.15,50,15800
20240112,09:21:04,1.15,500,15950
20240112,09:21:05,1.15,100,15950
20240112,09:21:11,1.2,1850,15950
20240112,09:21:17,1.15,500,15950
20240112,09:21:18,1.2,1800,15950
20240112,09:21:34,1.2,2100,15950
20240112,09:21:34,1.2,2000,15950
20240112,09:21:42,1.2,2100,15950
20240112,09:21:48,1.15,50,15950
20240112,09:22:02,1.25,3300,15950
20240112,09:22:10,1.25,700,15950
20240112,09:22:30,1.2,800,15950
20240112,09:22:44,1.25,50,15950
20240112,09:22:49,1.15,6450,15950
20240112,09:23:01,1.25,1800,15950
20240112,09:23:08,1.25,1800,15950
20240112,09:23:11,1.2,500,15950
20240112,09:23:12,1.25,50,15950
20240112,09:23:13,1.25,1800,15950
20240112,09:23:14,1.25,2250,15950
20240112,09:23:21,1.2,250,23700
20240112,09:23:29,1.25,50,23700
20240112,09:23:35,1.3,2700,23700
20240112,09:23:47,1.25,100,23700
20240112,09:24:11,1.3,2100,23700
20240112,09:24:34,1.25,1800,23700
20240112,09:24:35,1.3,1300,23700
20240112,09:24:50,1.3,1850,23700
20240112,09:24:51,1.3,1150,23700
20240112,09:24:56,1.3,150,23700
20240112,09:24:57,1.3,250,23700
20240112,09:24:58,1.3,50,23700
20240112,09:24:59,1.3,50,23700
20240112,09:25:00,1.3,50,23700
20240112,09:25:01,1.3,100,23700
20240112,09:25:04,1.3,750,23700
20240112,09:25:12,1.35,3950,23700
20240112,09:25:23,1.3,500,23700
20240112,09:25:40,1.35,2400,23700
20240112,09:25:42,1.35,1000,23700
20240112,09:25:43,1.3,50,23700
20240112,09:25:49,1.35,1350,23700
20240112,09:25:50,1.4,250,23700
20240112,09:26:19,1.4,1800,23700
20240112,09:26:29,1.45,1800,38550
20240112,09:26:32,1.45,50,38550
20240112,09:26:33,1.35,50,38550
20240112,09:26:34,1.35,50,38550
20240112,09:26:35,1.35,50,38550
20240112,09:26:36,1.35,50,38550
20240112,09:26:45,1.4,1950,38550
20240112,09:27:02,1.35,300,38550
20240112,09:27:08,1.35,850,38550
20240112,09:27:55,1.35,1050,38550
20240112,09:28:09,1.35,1800,38550
20240112,09:28:18,1.35,1150,38550
20240112,09:28:27,1.35,50,38550
20240112,09:28:40,1.35,1550,38550
20240112,09:28:56,1.4,1750,38550
20240112,09:29:03,1.45,1800,38550
20240112,09:29:06,1.4,1300,38550
20240112,09:29:09,1.45,50,38550
20240112,09:29:16,1.35,250,38550
20240112,09:29:17,1.4,150,38550
20240112,09:29:46,1.35,600,51150
20240112,09:29:59,1.35,200,51150
20240112,09:30:05,1.4,1800,51150
20240112,09:30:14,1.4,1800,51150
20240112,09:30:24,1.35,50,51150
20240112,09:30:44,1.4,50,51150
20240112,09:30:48,1.35,150,51150
20240112,09:31:58,1.4,50,51150
20240112,09:32:01,1.35,500,51150
20240112,09:32:03,1.4,50,51150
20240112,09:32:05,1.4,1800,51150
20240112,09:32:17,1.4,1800,51150
20240112,09:32:49,1.4,1800,58300
20240112,09:33:42,1.45,3200,58300
20240112,09:33:52,1.4,2600,58300
20240112,09:33:59,1.45,1000,58300
20240112,09:34:15,1.35,50,58300
20240112,09:34:41,1.4,1800,58300
20240112,09:34:56,1.45,200,58300
20240112,09:35:33,1.35,1600,58300
20240112,09:35:43,1.35,500,67600
20240112,09:35:49,1.4,1200,67600
20240112,09:36:06,1.35,1800,67600
20240112,09:36:07,1.35,700,67600
20240112,09:36:17,1.35,100,67600
20240112,09:36:28,1.4,1000,67600
20240112,09:36:29,1.35,2400,67600
20240112,09:36:37,1.4,50,67600
20240112,09:36:48,1.35,3950,67600
20240112,09:37:12,1.3,2400,67600
20240112,09:37:13,1.3,1500,67600
20240112,09:37:25,1.3,1500,67600
20240112,09:37:29,1.3,500,67600
20240112,09:37:30,1.3,50,67600
20240112,09:37:36,1.3,50,67600
20240112,09:38:49,1.3,200,67600
20240112,09:39:00,1.25,3200,69400
20240112,09:39:14,1.3,50,69400
20240112,09:39:15,1.25,3000,69400
20240112,09:39:49,1.3,200,69400
20240112,09:40:11,1.3,50,69400
20240112,09:40:44,1.25,100,69400
20240112,09:40:47,1.25,3000,69400
20240112,09:40:47,1.25,50,69400
20240112,09:40:49,1.25,50,69400
20240112,09:40:50,1.25,50,69400
20240112,09:40:52,1.25,100,69400
20240112,09:40:57,1.25,50,69400
20240112,09:41:04,1.25,50,69400
20240112,09:41:12,1.2,3200,69400
20240112,09:41:47,1.2,4650,78950
20240112,09:41:48,1.2,1300,78950
20240112,09:41:51,1.2,100,78950
20240112,09:41:55,1.15,3200,78950
20240112,09:42:09,1.25,3250,78950
20240112,09:42:23,1.2,2300,78950
20240112,09:43:06,1.25,150,78950
20240112,09:44:02,1.25,250,78950
20240112,09:44:18,1.25,1700,78950
20240112,09:44:18,1.25,250,78950
20240112,09:44:20,1.25,1150,78950
20240112,09:44:41,1.3,200,75900
20240112,09:44:44,1.3,50,75900
20240112,09:44:47,1.3,100,75900
20240112,09:44:54,1.25,50,75900
20240112,09:44:58,1.3,50,75900
20240112,09:45:04,1.25,50,75900
20240112,09:45:09,1.3,50,75900
20240112,09:45:24,1.25,50,75900
20240112,09:45:25,1.25,50,75900
20240112,09:45:36,1.3,400,75900
20240112,09:48:27,1.25,50,76500
20240112,09:48:44,1.25,200,76500
20240112,09:50:09,1.25,600,76500
20240112,09:50:11,1.25,1500,76500
20240112,09:50:51,1.25,250,77850
20240112,09:52:00,1.25,50,77850
20240112,09:52:14,1.25,50,77850
20240112,09:52:43,1.25,50,77850
20240112,09:53:01,1.25,50,77850
20240112,09:53:15,1.25,50,77850
20240112,09:55:04,1.3,550,77600
20240112,09:55:05,1.35,1800,77600
20240112,09:55:07,1.3,100,77600
20240112,09:56:12,1.3,400,77600
20240112,09:56:18,1.3,200,77600
20240112,09:56:24,1.3,250,78550
20240112,09:57:07,1.3,250,78550
20240112,09:57:13,1.25,1800,78550
20240112,09:57:15,1.3,250,78550
20240112,09:57:28,1.3,250,78550
20240112,09:57:30,1.3,250,78550
20240112,09:57:31,1.3,250,78550
20240112,09:57:34,1.3,250,78550
20240112,09:57:37,1.35,3900,78550
20240112,09:57:48,1.35,250,78550
20240112,09:58:38,1.3,500,78550
20240112,09:59:09,1.35,50,78550
20240112,09:59:15,1.3,50,78550
20240112,10:00:03,1.35,1500,79400
20240112,10:00:16,1.35,50,79400
20240112,10:00:18,1.35,1800,79400
20240112,10:00:47,1.3,400,79400
20240112,10:01:33,1.35,1800,79400
20240112,10:01:49,1.3,50,79400
20240112,10:01:53,1.3,50,79400
20240112,10:03:18,1.3,500,83700
20240112,10:03:41,1.35,50,83700
20240112,10:03:42,1.35,100,83700
20240112,10:03:44,1.35,50,83700
20240112,10:03:45,1.35,50,83700
20240112,10:03:49,1.35,50,83700
20240112,10:03:50,1.35,50,83700
20240112,10:04:06,1.4,1800,83700
20240112,10:04:34,1.35,400,83700
20240112,10:04:47,1.4,350,83700
20240112,10:04:48,1.4,500,83700
20240112,10:05:04,1.45,250,83700
20240112,10:05:05,1.45,850,83700
20240112,10:05:18,1.5,1800,83700
20240112,10:05:59,1.5,1800,87900
20240112,10:06:16,1.5,150,87900
20240112,10:06:18,1.5,1800,87900
20240112,10:06:21,1.5,2000,87900
20240112,10:06:24,1.5,300,87900
20240112,10:06:34,1.5,1600,87900
20240112,10:06:39,1.45,50,87900
20240112,10:06:42,1.55,350,87900
20240112,10:06:54,1.55,1300,87900
20240112,10:07:10,1.5,550,87900
20240112,10:07:14,1.45,200,87900
20240112,10:07:19,1.5,250,87900
20240112,10:07:32,1.5,1450,87900
20240112,10:07:40,1.5,200,87900
20240112,10:07:52,1.55,250,87900
20240112,10:08:03,1.5,1600,87900
20240112,10:08:04,1.5,400,87900
20240112,10:08:05,1.5,50,87900
20240112,10:08:06,1.5,50,87900
20240112,10:08:08,1.5,500,87900
20240112,10:08:11,1.55,150,87900
20240112,10:08:22,1.5,500,87900
20240112,10:08:24,1.5,1250,87900
20240112,10:08:26,1.45,1600,87900
20240112,10:08:31,1.45,1900,87900
20240112,10:08:33,1.45,650,92800
20240112,10:08:38,1.45,50,92800
20240112,10:08:39,1.45,1100,92800
20240112,10:08:42,1.4,50,92800
20240112,10:09:09,1.4,1800,92800
20240112,10:09:10,1.4,400,92800
20240112,10:09:12,1.45,1800,92800
20240112,10:09:13,1.45,1800,92800
20240112,10:09:32,1.5,50,92800
20240112,10:09:35,1.45,250,92800
20240112,10:10:16,1.45,1500,92800
20240112,10:10:17,1.45,750,92800
20240112,10:10:20,1.45,250,92800
20240112,10:10:21,1.45,600,92800
20240112,10:10:23,1.45,300,92800
20240112,10:10:28,1.4,50,92800
20240112,10:10:41,1.5,150,92800
20240112,10:10:43,1.5,50,92800
20240112,10:11:06,1.5,600,92800
20240112,10:11:12,1.4,500,92800
20240112,10:11:26,1.5,100,92800
20240112,10:11:29,1.4,100,102050
20240112,10:12:15,1.45,1850,102050
20240112,10:12:41,1.45,300,102050
20240112,10:12:44,1.5,50,102050
20240112,10:12:53,1.45,350,102050
20240112,10:12:55,1.45,100,102050
20240112,10:13:17,1.45,1450,102050
20240112,10:13:18,1.45,50,102050
20240112,10:13:21,1.45,50,102050
20240112,10:13:24,1.45,50,102050
20240112,10:14:01,1.45,50,102050
20240112,10:14:39,1.4,1600,103900
20240112,10:14:44,1.4,50,103900
20240112,10:14:53,1.4,550,103900
20240112,10:15:49,1.4,700,103900
20240112,10:16:22,1.45,2500,103900
20240112,10:17:34,1.45,1000,103200
20240112,10:18:12,1.4,250,103200
20240112,10:18:36,1.4,1200,103200
20240112,10:18:37,1.4,1200,103200
20240112,10:18:38,1.4,250,103200
20240112,10:18:39,1.4,100,103200
20240112,10:18:41,1.4,50,103200
20240112,10:18:42,1.4,50,103200
20240112,10:18:43,1.4,1800,103200
20240112,10:18:57,1.35,50,103200
20240112,10:18:59,1.4,100,103200
20240112,10:19:16,1.4,50,103200
20240112,10:19:27,1.4,50,103200
20240112,10:19:28,1.4,50,103200
20240112,10:19:34,1.4,50,103200
20240112,10:19:35,1.4,50,103200
20240112,10:19:46,1.4,50,103200
20240112,10:19:48,1.4,50,103200
20240112,10:20:32,1.35,50,103200
20240112,10:21:06,1.4,50,104200
20240112,10:21:15,1.4,250,104200
20240112,10:21:30,1.35,50,104200
20240112,10:21:39,1.4,1500,104200
20240112,10:21:44,1.35,2000,104200
20240112,10:21:45,1.4,50,104200
20240112,10:22:44,1.35,50,104200
20240112,10:22:45,1.4,50,104200
20240112,10:22:50,1.4,50,104200
20240112,10:23:29,1.35,2000,104200
20240112,10:24:10,1.35,7300,105250
20240112,10:25:18,1.35,1000,105250
20240112,10:26:07,1.4,350,105250
20240112,10:26:08,1.4,300,105250
20240112,10:26:09,1.4,300,105250
20240112,10:26:10,1.4,650,105250
20240112,10:26:14,1.45,3850,105250
20240112,10:26:28,1.45,300,105250
20240112,10:26:29,1.4,1200,108050
20240112,10:27:31,1.4,3250,108050
20240112,10:27:37,1.45,1800,108050
20240112,10:28:13,1.45,1800,108050
20240112,10:28:21,1.45,550,108050
20240112,10:28:27,1.45,5800,108050
20240112,10:28:28,1.45,1300,108050
20240112,10:28:53,1.45,1000,108050
20240112,10:29:30,1.5,300,108050
20240112,10:29:31,1.5,250,111100
20240112,10:29:49,1.5,1450,111100
20240112,10:29:50,1.5,700,111100
20240112,10:29:52,1.5,1800,111100
20240112,10:29:58,1.45,1600,111100
20240112,10:30:07,1.45,400,111100
20240112,10:30:11,1.5,3600,111100
20240112,10:30:12,1.5,1800,111100
20240112,10:30:13,1.5,3600,111100
20240112,10:30:17,1.5,1800,111100
20240112,10:30:31,1.45,50,111100
20240112,10:30:39,1.5,1300,111100
20240112,10:31:14,1.55,300,111100
20240112,10:31:29,1.5,1350,111100
20240112,10:31:52,1.5,1400,111100
20240112,10:32:11,1.5,500,111100
20240112,10:32:44,1.45,2400,120000
20240112,10:34:01,1.5,1300,120000
20240112,10:34:39,1.5,50,120000
20240112,10:35:19,1.45,300,120000
20240112,10:36:33,1.5,250,120000
20240112,10:36:35,1.5,650,120250
20240112,10:36:40,1.5,250,120250
20240112,10:36:41,1.5,50,120250
20240112,10:37:07,1.5,350,120250
20240112,10:37:23,1.45,350,120250
20240112,10:37:37,1.5,50,120250
20240112,10:37:50,1.5,850,120250
20240112,10:38:31,1.5,300,120250
20240112,10:38:37,1.45,300,120600
20240112,10:38:55,1.5,3500,120600
20240112,10:39:01,1.55,350,120600
20240112,10:39:59,1.55,50,120600
20240112,10:40:05,1.55,1800,120600
20240112,10:40:11,1.6,400,120600
20240112,10:40:22,1.65,50,120600
20240112,10:40:38,1.65,400,120600
20240112,10:40:42,1.65,150,120600
20240112,10:40:48,1.7,5650,120600
20240112,10:40:52,1.7,750,120600
20240112,10:40:53,1.7,50,120600
20240112,10:40:55,1.75,1900,120600
20240112,10:40:57,1.8,6100,120600
20240112,10:41:03,1.8,1800,120600
20240112,10:41:04,1.75,400,120600
20240112,10:41:05,1.75,600,120600
20240112,10:41:09,1.8,1800,120600
20240112,10:41:13,1.75,400,120600
20240112,10:41:14,1.8,50,120600
20240112,10:41:21,1.75,50,120600
20240112,10:41:22,1.75,950,120600
20240112,10:41:26,1.75,1750,120600
20240112,10:41:42,1.7,1900,130000
20240112,10:41:44,1.65,800,130000
20240112,10:41:45,1.75,400,130000
20240112,10:41:48,1.7,1800,130000
20240112,10:41:49,1.75,1800,130000
20240112,10:41:56,1.75,200,130000
20240112,10:42:11,1.8,1800,130000
20240112,10:42:34,1.7,250,130000
20240112,10:42:50,1.75,550,130000
20240112,10:42:56,1.75,250,130000
20240112,10:42:57,1.7,3400,130000
20240112,10:43:07,1.75,50,130000
20240112,10:43:16,1.7,100,130000
20240112,10:43:19,1.7,100,130000
20240112,10:43:26,1.75,2150,130000
20240112,10:43:37,1.7,50,130000
20240112,10:44:09,1.75,4050,130000
20240112,10:44:23,1.75,1800,130000
20240112,10:44:42,1.8,1800,137600
20240112,10:44:53,1.7,2500,137600
20240112,10:45:44,1.75,1800,137600
20240112,10:46:22,1.75,250,137600
20240112,10:46:38,1.75,1400,137600
20240112,10:46:41,1.75,450,137600
20240112,10:46:46,1.75,500,137600
20240112,10:46:51,1.75,700,137600
20240112,10:46:59,1.75,1400,137600
20240112,10:47:07,1.75,500,137600
20240112,10:47:30,1.8,1800,137600
20240112,10:47:31,1.75,750,137600
20240112,10:48:15,1.75,1100,137600
20240112,10:48:16,1.75,250,139750
20240112,10:48:17,1.75,700,139750
20240112,10:48:18,1.7,1950,139750
20240112,10:48:50,1.75,50,139750
20240112,10:49:12,1.75,500,139750
20240112,10:49:16,1.7,1550,139750
20240112,10:49:21,1.75,500,139750
20240112,10:49:40,1.75,1800,139750
20240112,10:49:58,1.75,500,139750
20240112,10:50:13,1.7,1600,139750
20240112,10:50:18,1.75,300,139750
20240112,10:50:42,1.75,1800,139750
20240112,10:51:02,1.75,900,142750
20240112,10:51:05,1.75,500,142750
20240112,10:51:31,1.7,1200,142750
20240112,10:51:32,1.7,4800,142750
20240112,10:51:47,1.7,800,142750
20240112,10:52:16,1.75,2000,142750
20240112,10:52:32,1.7,2400,142750
20240112,10:52:33,1.7,2000,142750
20240112,10:52:34,1.7,9200,142750
20240112,10:52:35,1.7,400,142750
20240112,10:52:43,1.7,1200,142750
20240112,10:52:44,1.7,800,142750
20240112,10:52:47,1.7,600,142750
20240112,10:52:59,1.75,50,142750
20240112,10:53:27,1.7,1900,142750
20240112,10:53:32,1.7,950,142750
20240112,10:53:34,1.7,250,154750
20240112,10:53:37,1.7,250,154750
20240112,10:54:36,1.65,800,154750
20240112,10:55:30,1.7,50,154750
20240112,10:55:52,1.65,100,154750
20240112,10:55:57,1.65,1700,154750
20240112,10:56:11,1.65,750,154750
20240112,10:56:29,1.6,150,154750
20240112,10:56:36,1.6,50,156550
20240112,10:56:38,1.65,250,156550
20240112,10:56:43,1.65,550,156550
20240112,10:57:34,1.65,50,156550
20240112,10:57:35,1.65,500,156550
20240112,10:57:57,1.65,300,156550
20240112,10:58:00,1.65,300,156550
20240112,10:58:28,1.6,200,156550
20240112,10:58:57,1.65,250,156550
20240112,10:59:01,1.65,250,156550
20240112,10:59:03,1.65,800,156550
20240112,10:59:04,1.65,2050,156550
20240112,10:59:08,1.65,250,156550
20240112,10:59:21,1.65,400,156550
20240112,10:59:30,1.65,400,156550
20240112,10:59:44,1.65,400,155200
20240112,10:59:49,1.65,400,155200
20240112,11:00:03,1.65,50,155200
20240112,11:01:10,1.65,450,155200
20240112,11:01:11,1.65,350,155200
20240112,11:01:38,1.65,1250,155200
20240112,11:01:46,1.7,1800,155200
20240112,11:01:46,1.65,350,155200
20240112,11:02:17,1.7,2800,155200
20240112,11:02:21,1.7,900,155200
20240112,11:02:23,1.65,350,155200
20240112,11:02:27,1.7,250,155200
20240112,11:02:28,1.7,300,155200
20240112,11:02:44,1.75,1800,151400
20240112,11:02:52,1.75,50,151400
20240112,11:02:55,1.75,200,151400
20240112,11:04:52,1.75,2300,151400
20240112,11:05:21,1.8,3600,151400
20240112,11:05:37,1.8,350,157300
20240112,11:06:30,1.8,1800,157300
20240112,11:06:31,1.8,950,157300
20240112,11:07:39,1.75,200,157300
20240112,11:08:01,1.75,50,157300
20240112,11:08:15,1.75,300,157300
20240112,11:08:16,1.7,300,157300
20240112,11:08:18,1.7,300,157300
20240112,11:08:20,1.75,1600,157300
20240112,11:08:21,1.7,400,157300
20240112,11:08:27,1.75,600,157300
20240112,11:08:35,1.75,1200,157300
20240112,11:08:37,1.75,300,160050
20240112,11:09:00,1.75,200,160050
20240112,11:09:47,1.8,50,160050
20240112,11:11:05,1.7,50,160050
20240112,11:11:53,1.7,500,160050
20240112,11:12:23,1.7,500,159100
20240112,11:12:48,1.7,50,159100
20240112,11:13:25,1.7,800,159100
20240112,11:13:26,1.7,1200,159100
20240112,11:13:45,1.7,250,159100
20240112,11:13:57,1.7,250,159100
20240112,11:14:05,1.7,250,159100
20240112,11:15:12,1.75,150,159100
20240112,11:15:13,1.7,50,158400
20240112,11:15:23,1.7,50,158400
20240112,11:15:43,1.7,150,158400
20240112,11:16:11,1.75,50,158400
20240112,11:16:50,1.7,550,158400
20240112,11:17:02,1.65,1050,158400
20240112,11:18:24,1.7,1800,158400
20240112,11:19:09,1.7,1800,157000
20240112,11:19:22,1.7,500,157000
20240112,11:19:33,1.75,4900,157000
20240112,11:19:34,1.7,100,157000
20240112,11:19:59,1.7,50,157000
20240112,11:20:09,1.7,50,157000
20240112,11:20:10,1.7,50,157000
20240112,11:20:39,1.7,50,162550
20240112,11:20:41,1.7,50,162550
20240112,11:20:59,1.7,50,162550
20240112,11:21:27,1.75,50,162550
20240112,11:21:30,1.75,50,162550
20240112,11:21:50,1.75,50,162550
20240112,11:21:54,1.75,50,162550
20240112,11:21:57,1.75,50,162550
20240112,11:22:22,1.75,50,162550
20240112,11:23:27,1.75,2700,162550
20240112,11:23:31,1.75,100,162550
20240112,11:23:33,1.75,100,162550
20240112,11:23:35,1.75,50,162550
20240112,11:23:50,1.75,1400,162800
20240112,11:23:53,1.75,100,162800
20240112,11:24:06,1.8,1800,162800
20240112,11:24:41,1.8,2300,162800
20240112,11:24:42,1.85,1900,162800
20240112,11:24:43,1.8,1900,162800
20240112,11:24:55,1.75,50,162800
20240112,11:25:10,1.8,1800,162800
20240112,11:27:23,1.8,50,170700
20240112,11:27:48,1.8,50,170700
20240112,11:27:52,1.8,300,170700
20240112,11:27:53,1.8,150,170700
20240112,11:27:54,1.8,350,170700
20240112,11:27:55,1.8,400,170700
20240112,11:27:59,1.8,300,170700
20240112,11:29:07,1.8,850,170700
20240112,11:29:08,1.8,50,170700
20240112,11:29:22,1.8,300,170700
20240112,11:29:25,1.8,50,170700
20240112,11:29:37,1.85,50,170700
20240112,11:29:37,1.8,300,170700
20240112,11:30:23,1.8,200,170500
20240112,11:30:24,1.8,150,170500
20240112,11:30:26,1.8,2750,170500
20240112,11:30:28,1.8,450,170500
20240112,11:30:31,1.8,700,170500
20240112,11:30:39,1.8,3700,170500
20240112,11:31:01,1.75,250,170500
20240112,11:31:21,1.75,700,170500
20240112,11:31:48,1.75,1800,170500
20240112,11:31:51,1.75,50,170500
20240112,11:31:56,1.75,50,170500
20240112,11:34:17,1.75,650,170500
20240112,11:34:27,1.75,250,170700
20240112,11:36:24,1.7,2750,170700
20240112,11:36:59,1.7,200,170950
20240112,11:39:05,1.7,1600,168550
20240112,11:39:31,1.7,50,168550
20240112,11:40:08,1.75,250,168550
20240112,11:40:12,1.75,600,168550
20240112,11:40:16,1.75,50,168550
20240112,11:40:19,1.75,50,168550
20240112,11:40:24,1.75,50,168550
20240112,11:40:29,1.75,50,168550
20240112,11:41:01,1.75,50,168550
20240112,11:41:17,1.8,1800,168550
20240112,11:41:26,1.75,50,168550
20240112,11:41:32,1.8,50,168550
20240112,11:41:54,1.75,50,168550
20240112,11:42:12,1.8,1800,170000
20240112,11:42:44,1.75,50,170000
20240112,11:43:21,1.8,250,170000
20240112,11:43:22,1.8,150,170000
20240112,11:43:23,1.8,50,170000
20240112,11:43:27,1.8,250,170000
20240112,11:43:30,1.8,50,170000
20240112,11:43:34,1.8,50,170000
20240112,11:43:44,1.85,1800,170000
20240112,11:43:47,1.8,250,170000
20240112,11:44:00,1.8,50,170000
20240112,11:44:02,1.85,50,170000
20240112,11:44:07,1.85,1800,170000
20240112,11:44:48,1.8,50,177000
20240112,11:44:49,1.9,3500,177000
20240112,11:44:50,1.9,50,177000
20240112,11:44:51,1.85,50,177000
20240112,11:44:52,1.85,50,177000
20240112,11:44:53,1.9,2500,177000
20240112,11:44:56,1.85,50,177000
20240112,11:44:56,1.85,350,177000
20240112,11:44:58,1.85,250,177000
20240112,11:44:59,1.85,450,177000
20240112,11:46:04,1.9,2500,177000
20240112,11:46:05,1.85,300,177000
20240112,11:46:19,1.85,50,177000
20240112,11:46:48,1.95,3600,177000
20240112,11:49:32,1.95,200,186550
20240112,11:49:57,1.85,50,186550
20240112,11:50:20,1.95,100,186550
20240112,11:50:21,1.9,50,186550
20240112,11:50:22,1.9,50,186550
20240112,11:50:25,1.9,500,186550
20240112,11:50:29,1.9,1000,186550
20240112,11:50:40,1.9,100,186550
20240112,11:50:41,1.95,5700,186400
20240112,11:51:25,1.95,1050,186400
20240112,11:51:26,1.95,250,186400
20240112,11:51:27,1.95,50,186400
20240112,11:51:28,1.95,50,186400
20240112,11:51:35,1.95,1000,186400
20240112,11:51:36,1.95,250,186400
20240112,11:51:37,1.95,50,186400
20240112,11:51:42,1.95,250,186400
20240112,11:51:50,1.95,50,186400
20240112,11:51:59,1.95,50,186400
20240112,11:52:17,1.95,50,186400
20240112,11:52:38,1.95,50,186400
20240112,11:53:00,1.95,5350,186400
20240112,11:53:30,1.95,1350,186400
20240112,11:53:41,1.9,100,186400
20240112,11:53:42,1.9,500,189200
20240112,11:53:55,1.95,50,189200
20240112,11:54:13,1.9,1350,189200
20240112,11:54:14,1.9,3950,189200
20240112,11:54:50,1.9,1750,189200
20240112,11:54:51,1.9,200,189200
20240112,11:55:47,1.95,50,189200
20240112,11:56:12,1.85,250,189200
20240112,11:56:34,1.9,100,189200
20240112,11:56:36,1.9,50,189200
20240112,11:56:37,1.9,50,189200
20240112,11:56:51,1.9,50,192950
20240112,11:57:16,1.9,50,192950
20240112,11:57:21,1.9,50,192950
20240112,11:58:01,1.85,350,192950
20240112,12:01:08,1.85,150,192850
20240112,12:01:13,1.85,150,192850
20240112,12:01:16,1.85,50,192850
20240112,12:01:30,1.85,50,192850
20240112,12:01:35,1.9,50,192850
20240112,12:01:56,1.8,5150,192850
20240112,12:02:10,1.85,600,192850
20240112,12:03:01,1.8,1000,192850
20240112,12:03:04,1.8,400,195850
20240112,12:03:33,1.8,200,195850
20240112,12:03:37,1.8,1300,195850
20240112,12:03:41,1.8,450,195850
20240112,12:03:51,1.75,200,195850
20240112,12:04:10,1.75,200,195850
20240112,12:04:20,1.8,50,195850
20240112,12:04:21,1.75,250,195850
20240112,12:04:29,1.75,400,195850
20240112,12:04:30,1.8,200,195850
20240112,12:04:36,1.75,400,195850
20240112,12:04:40,1.8,600,195850
20240112,12:04:50,1.75,200,195850
20240112,12:04:51,1.8,400,195850
20240112,12:05:01,1.75,700,195850
20240112,12:05:05,1.8,50,195850
20240112,12:05:11,1.75,200,195850
20240112,12:05:12,1.75,500,195850
20240112,12:05:41,1.75,1800,195850
20240112,12:05:43,1.75,1900,195850
20240112,12:05:47,1.75,1800,195850
20240112,12:06:28,1.75,250,197600
20240112,12:08:04,1.75,200,197600
20240112,12:08:55,1.75,200,197050
20240112,12:09:34,1.75,1500,197050
20240112,12:09:43,1.7,200,197050
20240112,12:09:50,1.7,150,197050
20240112,12:11:35,1.7,500,197050
20240112,12:11:41,1.7,150,197050
20240112,12:18:29,1.75,1000,195900
20240112,12:18:37,1.75,350,195900
20240112,12:19:38,1.75,50,195900
20240112,12:22:29,1.75,50,195900
20240112,12:23:18,1.8,50,194950
20240112,12:23:31,1.75,500,194950
20240112,12:25:11,1.75,50,194950
20240112,12:32:30,1.75,250,195600
20240112,12:33:51,1.75,50,195850
20240112,12:34:42,1.75,850,195850
20240112,12:34:58,1.75,50,195850
20240112,12:35:05,1.75,50,195850
20240112,12:35:17,1.75,250,195850
20240112,12:35:29,1.75,50,195850
20240112,12:35:37,1.75,50,195850
20240112,12:36:00,1.75,50,195850
20240112,12:36:56,1.75,50,196800
20240112,12:37:50,1.8,50,196800
20240112,12:39:29,1.75,50,196950
20240112,12:43:41,1.75,100,197000
20240112,12:44:17,1.75,2600,197000
20240112,12:44:23,1.75,100,197000
20240112,12:45:15,1.75,50,197000
20240112,12:45:18,1.75,200,198350
20240112,12:49:01,1.8,100,198350
20240112,12:51:15,1.75,800,198600
20240112,12:51:23,1.75,50,198600
20240112,12:53:35,1.8,50,198600
20240112,12:54:18,1.8,50,199250
20240112,12:54:25,1.8,50,199250
20240112,12:54:33,1.8,50,199250
20240112,12:54:42,1.8,4000,199250
20240112,12:54:44,1.8,250,199250
20240112,12:54:46,1.8,250,199250
20240112,12:54:50,1.8,50,199250
20240112,12:54:52,1.75,250,199250
20240112,12:55:03,1.8,50,199250
20240112,12:55:26,1.8,50,199250
20240112,12:55:36,1.8,800,199250
20240112,12:55:40,1.8,250,199250
20240112,12:55:41,1.8,1650,199250
20240112,12:55:43,1.8,350,199250
20240112,12:56:40,1.85,1050,199250
20240112,12:57:08,1.85,100,196550
20240112,12:57:09,1.85,2800,196550
20240112,12:57:27,1.9,500,196550
20240112,12:57:35,1.9,950,196550
20240112,12:57:36,1.9,2050,196550
20240112,12:57:45,1.95,1200,196550
20240112,12:57:46,1.95,1850,196550
20240112,12:57:57,2.0,1800,196550
20240112,12:57:58,2.0,50,196550
20240112,12:58:05,2.0,50,196550
20240112,12:58:42,1.95,250,196550
20240112,12:58:44,2.0,3350,196550
20240112,12:58:52,2.0,50,196550
20240112,12:58:54,2.0,200,196550
20240112,12:59:05,2.0,50,196550
20240112,12:59:25,2.0,700,196550
20240112,12:59:35,2.05,400,196550
20240112,12:59:40,2.05,1800,196550
20240112,13:00:07,1.95,250,202350
20240112,13:00:15,2.0,1800,202350
20240112,13:00:20,2.0,250,202350
20240112,13:00:23,2.0,50,202350
20240112,13:00:24,2.05,700,202350
20240112,13:01:22,2.05,50,202350
20240112,13:01:26,2.0,100,202350
20240112,13:01:31,2.05,1800,202350
20240112,13:01:53,2.05,100,202350
20240112,13:02:00,2.05,200,202350
20240112,13:02:34,2.0,200,202350
20240112,13:03:19,2.05,1800,202350
20240112,13:03:21,2.05,1900,205700
20240112,13:03:27,2.1,3600,205700
20240112,13:03:51,2.1,1100,205700
20240112,13:03:52,2.05,50,205700
20240112,13:03:53,2.05,50,205700
20240112,13:03:54,2.05,300,205700
20240112,13:03:55,2.05,1500,205700
20240112,13:04:12,2.05,50,205700
20240112,13:04:18,2.05,50,205700
20240112,13:04:24,2.05,1000,205700
20240112,13:04:38,2.0,2700,205700
20240112,13:05:03,2.05,50,205700
20240112,13:05:09,2.0,350,205700
20240112,13:05:12,2.05,50,205700
20240112,13:05:44,2.05,250,205700
20240112,13:05:45,2.05,250,205700
20240112,13:05:46,2.05,250,205700
20240112,13:05:50,2.05,350,205700
20240112,13:05:52,2.0,2100,205700
20240112,13:05:53,2.05,800,205700
20240112,13:06:01,2.05,400,209300
20240112,13:07:27,2.05,300,209300
20240112,13:07:51,2.1,50,209300
20240112,13:08:22,2.05,2500,209300
20240112,13:08:25,2.1,50,209300
20240112,13:08:27,2.1,150,209300
20240112,13:09:18,2.05,400,209300
20240112,13:10:17,2.05,1600,207000
20240112,13:10:22,2.05,2100,207000
20240112,13:10:24,2.05,1800,207000
20240112,13:10:35,2.05,700,207000
20240112,13:10:35,2.05,1800,207000
20240112,13:11:01,2.05,1700,207000
20240112,13:11:13,2.05,300,207000
20240112,13:12:16,2.05,1000,207000
20240112,13:12:31,2.05,300,213250
20240112,13:13:12,2.05,50,213250
20240112,13:13:40,2.05,50,213250
20240112,13:13:51,2.1,2750,213250
20240112,13:14:03,2.1,1650,213250
20240112,13:14:05,2.1,50,213250
20240112,13:14:06,2.1,50,213250
20240112,13:14:07,2.1,50,213250
20240112,13:14:08,2.1,50,213250
20240112,13:14:10,2.15,2500,213250
20240112,13:14:13,2.1,100,213250
20240112,13:14:36,2.1,600,213250
20240112,13:15:06,2.15,3600,213100
20240112,13:15:07,2.15,3600,213100
20240112,13:15:12,2.1,150,213100
20240112,13:15:32,2.1,250,213100
20240112,13:15:49,2.1,250,213100
20240112,13:15:52,2.1,400,213100
20240112,13:15:54,2.1,300,213100
20240112,13:15:55,2.1,450,213100
20240112,13:16:06,2.15,1800,213100
20240112,13:16:07,2.15,1800,213100
20240112,13:18:24,2.15,50,224750
20240112,13:18:48,2.1,400,224750
20240112,13:18:59,2.15,1800,224750
20240112,13:19:21,2.15,200,224750
20240112,13:19:42,2.15,1800,224750
20240112,13:19:46,2.15,650,224750
20240112,13:19:51,2.15,250,224750
20240112,13:20:31,2.15,250,224750
20240112,13:20:40,2.15,200,224750
20240112,13:20:42,2.2,1800,224750
20240112,13:20:43,2.2,200,224750
20240112,13:21:11,2.2,200,229150
20240112,13:21:44,2.2,50,229150
20240112,13:22:08,2.15,50,229150
20240112,13:22:33,2.15,6300,229150
20240112,13:22:33,2.15,500,229150
20240112,13:22:43,2.15,50,229150
20240112,13:23:30,2.15,2600,229150
20240112,13:23:31,2.15,1800,229150
20240112,13:23:50,2.1,250,229150
20240112,13:23:57,2.15,6600,229700
20240112,13:23:58,2.2,2800,229700
20240112,13:24:00,2.15,50,229700
20240112,13:24:09,2.2,1800,229700
20240112,13:24:21,2.15,50,229700
20240112,13:24:42,2.15,100,229700
20240112,13:25:30,2.15,1800,229700
20240112,13:25:31,2.15,950,229700
20240112,13:25:40,2.2,1800,229700
20240112,13:25:43,2.2,750,229700
20240112,13:25:44,2.2,6300,229700
20240112,13:25:46,2.2,1800,229700
20240112,13:25:49,2.2,8750,229700
20240112,13:25:51,2.25,1850,229700
20240112,13:25:53,2.2,50,229700
20240112,13:26:06,2.25,1800,229700
20240112,13:26:08,2.25,1800,229700
20240112,13:26:15,2.3,9450,229700
20240112,13:26:16,2.3,4250,229700
20240112,13:26:17,2.3,1000,229700
20240112,13:26:22,2.3,550,229700
20240112,13:26:23,2.3,300,229700
20240112,13:26:25,2.25,50,229700
20240112,13:26:26,2.25,50,229700
20240112,13:26:27,2.25,50,229700
20240112,13:26:40,2.3,1800,229700
20240112,13:26:46,2.25,50,229700
20240112,13:26:53,2.25,50,229700
20240112,13:27:21,2.25,600,229700
20240112,13:27:27,2.3,1800,250900
20240112,13:28:18,2.25,2900,250900
20240112,13:28:31,2.3,1800,250900
20240112,13:28:32,2.3,1800,250900
20240112,13:28:52,2.3,1400,250900
20240112,13:29:01,2.3,50,250900
20240112,13:29:21,2.3,50,250900
20240112,13:29:54,2.3,1800,250900
20240112,13:30:55,2.25,2100,258550
20240112,13:30:56,2.25,800,258550
20240112,13:31:01,2.25,50,258550
20240112,13:31:03,2.2,2550,258550
20240112,13:31:34,2.2,200,258550
20240112,13:31:50,2.25,50,258550
20240112,13:31:53,2.2,300,258550
20240112,13:31:55,2.2,300,258550
20240112,13:31:56,2.2,900,258550
20240112,13:32:10,2.2,1000,258550
20240112,13:32:12,2.2,1600,258550
20240112,13:32:17,2.2,1200,258550
20240112,13:32:19,2.2,650,258550
20240112,13:32:21,2.2,50,258550
20240112,13:32:33,2.2,50,258550
20240112,13:32:44,2.15,300,258550
20240112,13:32:58,2.2,50,259450
20240112,13:33:15,2.15,250,259450
20240112,13:33:33,2.2,50,259450
20240112,13:33:42,2.2,50,259450
20240112,13:33:50,2.2,50,259450
20240112,13:34:31,2.2,700,259450
20240112,13:34:46,2.2,50,259450
20240112,13:35:09,2.2,1050,259450
20240112,13:35:24,2.2,50,259450
20240112,13:37:10,2.2,400,259550
20240112,13:39:27,2.15,600,259550
20240112,13:39:41,2.15,600,259900
20240112,13:40:10,2.15,300,259900
20240112,13:40:18,2.2,1800,259900
20240112,13:40:46,2.2,100,259900
20240112,13:40:47,2.15,300,259900
20240112,13:40:52,2.2,1700,259900
20240112,13:40:53,2.2,250,259900
20240112,13:41:06,2.2,1800,259900
20240112,13:41:15,2.2,550,259900
20240112,13:41:16,2.2,4000,259900
20240112,13:41:17,2.3,3900,259900
20240112,13:41:29,2.3,600,259900
20240112,13:41:31,2.3,50,259900
20240112,13:41:32,2.3,1800,259900
20240112,13:41:33,2.3,1500,259900
20240112,13:42:02,2.3,1800,274100
20240112,13:42:03,2.3,2750,274100
20240112,13:42:04,2.3,1800,274100
20240112,13:42:05,2.3,1150,274100
20240112,13:42:09,2.35,150,274100
20240112,13:42:09,2.35,50,274100
20240112,13:42:10,2.4,1800,274100
20240112,13:42:11,2.4,1800,274100
20240112,13:42:12,2.4,50,274100
20240112,13:42:13,2.4,1800,274100
20240112,13:42:16,2.35,50,274100
20240112,13:42:23,2.4,50,274100
20240112,13:42:24,2.35,50,274100
20240112,13:42:29,2.4,250,274100
20240112,13:42:34,2.35,50,274100
20240112,13:42:35,2.35,4800,274100
20240112,13:42:40,2.35,1150,274100
20240112,13:42:43,2.4,2050,274100
20240112,13:42:46,2.4,2700,274100
20240112,13:42:47,2.45,1800,274100
20240112,13:42:55,2.45,700,274100
20240112,13:43:02,2.45,350,274100
20240112,13:43:28,2.45,1500,274100
20240112,13:43:42,2.45,1800,274100
20240112,13:43:50,2.45,50,274100
20240112,13:44:07,2.45,3450,274100
20240112,13:44:08,2.5,1800,274100
20240112,13:44:44,2.5,50,274100
20240112,13:44:56,2.45,1800,274100
20240112,13:44:56,2.45,3650,274100
20240112,13:44:58,2.4,250,274100
20240112,13:45:04,2.45,50,291000
20240112,13:45:10,2.45,1800,291000
20240112,13:45:14,2.4,250,291000
20240112,13:45:16,2.45,50,291000
20240112,13:45:24,2.45,1800,291000
20240112,13:45:25,2.45,2300,291000
20240112,13:45:28,2.45,950,291000
20240112,13:45:36,2.45,450,291000
20240112,13:45:46,2.5,2900,291000
20240112,13:45:58,2.45,500,291000
20240112,13:46:02,2.45,500,291000
20240112,13:46:13,2.45,1000,291000
20240112,13:46:18,2.45,250,291000
20240112,13:46:24,2.45,250,291000
20240112,13:46:28,2.45,100,291000
20240112,13:46:30,2.45,50,291000
20240112,13:46:50,2.45,250,291000
20240112,13:46:57,2.45,3800,291000
20240112,13:46:58,2.5,1800,291000
20240112,13:47:12,2.4,3600,291000
20240112,13:47:13,2.4,1800,291000
20240112,13:47:15,2.4,1000,291000
20240112,13:48:14,2.4,4300,289900
20240112,13:48:39,2.45,50,289900
20240112,13:48:57,2.4,500,289900
20240112,13:49:06,2.4,50,289900
20240112,13:49:31,2.45,700,289900
20240112,13:49:31,2.45,1800,289900
20240112,13:49:32,2.45,50,289900
20240112,13:49:37,2.45,700,289900
20240112,13:49:46,2.45,50,289900
20240112,13:49:54,2.45,650,289900
20240112,13:49:55,2.45,50,289900
20240112,13:50:01,2.45,400,289900
20240112,13:51:20,2.45,1800,289400
20240112,13:51:24,2.4,50,289400
20240112,13:51:32,2.45,250,289400
20240112,13:51:39,2.45,250,289400
20240112,13:51:42,2.45,250,289400
20240112,13:52:00,2.45,250,289400
20240112,13:52:12,2.45,250,289400
20240112,13:52:35,2.45,50,289400
20240112,13:52:38,2.45,50,289400
20240112,13:52:40,2.45,50,289400
20240112,13:52:42,2.45,250,289400
20240112,13:52:43,2.45,50,289400
20240112,13:52:44,2.45,100,289400
20240112,13:52:45,2.45,50,289400
20240112,13:52:53,2.45,50,289400
20240112,13:52:55,2.45,50,289400
20240112,13:53:00,2.45,50,289400
20240112,13:53:20,2.5,1800,289400
20240112,13:53:21,2.5,3600,289400
20240112,13:56:37,2.45,50,298150
20240112,13:56:39,2.45,1800,298150
20240112,13:57:16,2.5,300,298150
20240112,13:57:48,2.5,300,298100
20240112,14:00:30,2.45,250,298100
20240112,14:00:42,2.45,250,298100
20240112,14:00:48,2.45,450,298100
20240112,14:00:49,2.45,400,298100
20240112,14:00:50,2.45,250,298100
20240112,14:00:56,2.45,400,298100
20240112,14:00:59,2.45,250,298100
20240112,14:01:09,2.45,250,298100
20240112,14:01:12,2.45,250,298100
20240112,14:01:14,2.45,3500,298100
20240112,14:01:15,2.45,100,298100
20240112,14:01:16,2.45,2550,298100
20240112,14:01:19,2.45,100,298100
20240112,14:01:30,2.4,250,298100
20240112,14:02:18,2.4,50,298100
20240112,14:03:03,2.4,500,295800
20240112,14:03:06,2.4,3800,295800
20240112,14:03:13,2.35,700,295800
20240112,14:03:17,2.4,50,295800
20240112,14:03:18,2.4,50,295800
20240112,14:03:25,2.4,1050,295800
20240112,14:03:28,2.4,50,295800
20240112,14:03:35,2.4,50,295800
20240112,14:03:39,2.4,1800,295800
20240112,14:03:39,2.4,2250,295800
20240112,14:03:52,2.4,50,295800
20240112,14:04:17,2.4,50,295800
20240112,14:04:20,2.4,3650,295800
20240112,14:04:21,2.4,2300,295800
20240112,14:04:28,2.4,1450,295800
20240112,14:04:30,2.45,1800,295800
20240112,14:05:50,2.35,1050,295800
20240112,14:05:57,2.35,400,295800
20240112,14:06:02,2.35,850,295800
20240112,14:06:11,2.35,350,295800
20240112,14:06:19,2.45,1800,307400
20240112,14:06:22,2.35,350,307400
20240112,14:06:45,2.35,50,307400
20240112,14:06:47,2.35,750,307400
20240112,14:06:55,2.35,500,307400
20240112,14:07:02,2.4,450,307400
20240112,14:07:06,2.4,250,307400
20240112,14:07:08,2.4,300,307400
20240112,14:07:16,2.35,1800,307400
20240112,14:07:16,2.35,3600,307400
20240112,14:07:17,2.35,9300,307400
20240112,14:07:18,2.35,2800,307400
20240112,14:07:19,2.35,800,307400
20240112,14:08:33,2.4,50,307400
20240112,14:09:19,2.35,1100,307400
20240112,14:09:21,2.3,50,312900
20240112,14:10:17,2.4,250,312900
20240112,14:10:33,2.3,500,312900
20240112,14:10:44,2.3,50,312900
20240112,14:10:55,2.3,1000,312900
20240112,14:11:39,2.3,1950,312900
20240112,14:11:41,2.3,800,312900
20240112,14:12:10,2.3,150,311550
20240112,14:12:38,2.3,250,311550
20240112,14:13:51,2.25,1000,311550
20240112,14:13:54,2.25,500,311550
20240112,14:13:57,2.25,500,311550
20240112,14:14:28,2.25,300,311550
20240112,14:14:32,2.25,50,311550
20240112,14:14:38,2.3,50,311550
20240112,14:14:48,2.25,250,311550
20240112,14:15:28,2.3,50,311900
20240112,14:15:39,2.3,50,311900
20240112,14:15:47,2.25,250,311900
20240112,14:16:17,2.3,500,311900
20240112,14:17:17,2.25,1000,311900
20240112,14:17:21,2.3,1050,311900
20240112,14:19:05,2.3,150,312450
20240112,14:19:44,2.25,250,312450
20240112,14:20:05,2.25,250,312450
20240112,14:20:22,2.25,50,312450
20240112,14:21:28,2.25,50,312350
20240112,14:21:44,2.25,50,312350
20240112,14:22:56,2.3,1300,312350
20240112,14:25:20,2.25,50,311150
20240112,14:26:45,2.3,50,311150
20240112,14:27:44,2.3,150,311150
20240112,14:27:51,2.3,250,311150
20240112,14:27:52,2.3,50,311150
20240112,14:28:31,2.4,200,311150
20240112,14:28:51,2.4,2000,311150
20240112,14:28:58,2.4,400,311150
20240112,14:28:58,2.4,600,311150
20240112,14:29:31,2.3,200,311150
20240112,14:29:32,2.3,50,311150
20240112,14:30:09,2.3,450,311450
20240112,14:32:07,2.35,50,311450
20240112,14:32:22,2.35,50,311450
20240112,14:32:23,2.35,50,311450
20240112,14:32:38,2.3,50,311450
20240112,14:33:35,2.35,50,311400
20240112,14:35:30,2.35,50,311400
20240112,14:35:43,2.35,50,311400
20240112,14:36:01,2.35,100,311400
20240112,14:36:08,2.3,250,311500
20240112,14:36:28,2.3,50,311500
20240112,14:36:38,2.35,750,311500
20240112,14:36:46,2.4,250,311500
20240112,14:36:47,2.3,12000,311500
20240112,14:37:07,2.35,550,311500
20240112,14:37:09,2.4,300,311500
20240112,14:37:12,2.4,900,311500
20240112,14:37:34,2.35,50,311500
20240112,14:38:42,2.45,50,311500
20240112,14:38:44,2.45,50,311500
20240112,14:38:45,2.45,50,311500
20240112,14:38:47,2.45,50,311500
20240112,14:38:58,2.45,50,311500
20240112,14:39:23,2.4,250,308400
20240112,14:39:27,2.45,500,308400
20240112,14:39:54,2.4,50,308400
20240112,14:40:03,2.4,50,308400
20240112,14:40:08,2.45,50,308400
20240112,14:40:09,2.45,1200,308400
20240112,14:41:04,2.45,50,308400
20240112,14:41:13,2.45,250,308400
20240112,14:41:20,2.4,50,308400
20240112,14:41:40,2.45,50,308400
20240112,14:41:44,2.45,50,308400
20240112,14:42:07,2.45,50,308400
20240112,14:42:50,2.45,50,306700
20240112,14:43:28,2.45,50,306700
20240112,14:43:35,2.45,50,306700
20240112,14:44:00,2.45,50,306700
20240112,14:44:46,2.4,500,306700
20240112,14:44:55,2.4,250,306700
20240112,14:45:23,2.4,250,306700
20240112,14:45:29,2.4,300,306700
20240112,14:45:30,2.45,1250,306700
20240112,14:45:36,2.45,800,306700
20240112,14:45:39,2.45,2000,306700
20240112,14:45:56,2.45,1600,306700
20240112,14:45:56,2.45,1200,306700
20240112,14:46:09,2.4,250,306700
20240112,14:46:29,2.4,250,306700
20240112,14:46:51,2.4,250,306700
20240112,14:46:55,2.4,100,306700
20240112,14:47:01,2.4,250,306700
20240112,14:47:03,2.4,250,306700
20240112,14:47:04,2.4,550,306700
20240112,14:47:08,2.4,300,306700
20240112,14:47:10,2.4,1800,306700
20240112,14:47:12,2.4,50,306700
20240112,14:47:15,2.35,1800,306700
20240112,14:47:18,2.35,1200,306700
20240112,14:47:25,2.35,500,306700
20240112,14:47:32,2.35,1800,306700
20240112,14:47:38,2.35,1800,306700
20240112,14:47:40,2.35,400,306700
20240112,14:47:41,2.35,200,306700
20240112,14:47:43,2.35,200,306700
20240112,14:47:46,2.35,50,306700
20240112,14:47:48,2.35,150,306700
20240112,14:47:48,2.35,900,306700
20240112,14:47:51,2.35,50,306700
20240112,14:48:03,2.35,500,306700
20240112,14:48:08,2.35,50,306700
20240112,14:48:13,2.35,50,306000
20240112,14:48:14,2.35,100,306000
20240112,14:48:24,2.4,300,306000
20240112,14:48:33,2.35,50,306000
20240112,14:48:34,2.35,50,306000
20240112,14:48:44,2.4,150,306000
20240112,14:49:12,2.4,50,306000
20240112,14:49:21,2.4,500,306000
20240112,14:49:37,2.35,50,306000
20240112,14:49:43,2.35,50,306000
20240112,14:50:01,2.35,3100,306000
20240112,14:50:05,2.3,300,306000
20240112,14:50:10,2.3,1800,306000
20240112,14:50:13,2.3,1800,306000
20240112,14:50:14,2.25,400,306000
20240112,14:50:17,2.25,400,306000
20240112,14:50:19,2.25,650,306000
20240112,14:50:31,2.3,300,306000
20240112,14:50:36,2.25,50,306000
20240112,14:50:48,2.3,800,306000
20240112,14:51:12,2.3,50,310050
20240112,14:51:14,2.25,500,310050
20240112,14:51:18,2.25,150,310050
20240112,14:51:20,2.25,150,310050
20240112,14:51:24,2.25,50,310050
20240112,14:51:53,2.25,50,310050
20240112,14:51:54,2.25,100,310050
20240112,14:51:55,2.3,300,310050
20240112,14:51:57,2.25,50,310050
20240112,14:52:17,2.25,50,310050
20240112,14:52:23,2.25,300,310050
20240112,14:52:27,2.25,450,310050
20240112,14:52:31,2.25,150,310050
20240112,14:52:34,2.25,250,310050
20240112,14:52:35,2.25,50,310050
20240112,14:52:48,2.25,600,310050
20240112,14:52:55,2.25,300,310050
20240112,14:53:03,2.25,650,310050
20240112,14:53:13,2.25,250,310050
20240112,14:53:27,2.25,250,310050
20240112,14:54:17,2.3,250,310050
20240112,14:54:24,2.3,50,309950
20240112,14:54:35,2.3,50,309950
20240112,14:54:54,2.25,1500,309950
20240112,14:54:55,2.25,250,309950
20240112,14:54:59,2.25,50,309950
20240112,14:55:00,2.25,50,309950
20240112,14:55:06,2.25,50,309950
20240112,14:55:14,2.25,50,309950
20240112,14:55:31,2.2,750,309950
20240112,14:55:52,2.2,250,309950
20240112,14:57:39,2.2,500,309950
20240112,14:57:58,2.2,250,308850
20240112,14:58:00,2.2,350,308850
20240112,14:58:22,2.2,50,308850
20240112,14:58:55,2.2,250,308850
20240112,14:59:00,2.2,300,308850
20240112,14:59:01,2.2,700,308850
20240112,14:59:10,2.25,1200,308850
20240112,14:59:50,2.2,1500,308850
20240112,15:00:12,2.2,150,307850
20240112,15:01:09,2.15,50,307850
20240112,15:02:42,2.2,200,307850
20240112,15:03:47,2.15,250,307850
20240112,15:03:49,2.15,250,308050
20240112,15:04:39,2.1,1200,308050
20240112,15:04:50,2.1,150,308050
20240112,15:04:53,2.15,500,308050
20240112,15:04:54,2.1,1000,308050
20240112,15:05:06,2.15,500,308050
20240112,15:05:10,2.05,2550,308050
20240112,15:05:17,2.1,50,308050
20240112,15:05:18,2.05,900,308050
20240112,15:05:27,2.0,1800,308050
20240112,15:05:34,2.0,400,308050
20240112,15:05:35,1.95,50,308050
20240112,15:05:37,2.0,550,308050
20240112,15:06:04,2.0,50,308050
20240112,15:06:16,1.95,50,311600
20240112,15:06:22,1.95,300,311600
20240112,15:06:42,1.95,1800,311600
20240112,15:06:43,1.95,2150,311600
20240112,15:06:49,2.0,1750,311600
20240112,15:06:59,1.95,950,311600
20240112,15:07:23,1.9,1800,311600
20240112,15:07:31,1.9,700,311600
20240112,15:07:59,1.9,900,311600
20240112,15:08:09,1.9,250,311600
20240112,15:08:15,1.9,500,311600
20240112,15:08:17,1.9,850,311600
20240112,15:09:25,1.9,1250,310300
20240112,15:09:32,1.9,900,310300
20240112,15:09:33,1.9,550,310300
20240112,15:09:34,1.9,250,310300
20240112,15:09:40,1.9,500,310300
20240112,15:09:44,1.9,250,310300
20240112,15:10:04,1.9,250,310300
20240112,15:10:05,1.9,250,310300
20240112,15:10:07,1.9,650,310300
20240112,15:10:31,1.85,1000,310300
20240112,15:10:32,1.85,500,310300
20240112,15:10:42,1.85,100,310300
20240112,15:10:47,1.85,50,310300
20240112,15:10:57,1.85,250,310300
20240112,15:10:58,1.85,250,310300
20240112,15:10:59,1.85,450,310300
20240112,15:11:01,1.85,1800,310300
20240112,15:11:08,1.8,1800,310300
20240112,15:11:15,1.85,1800,310300
20240112,15:11:15,1.85,700,310300
20240112,15:11:24,1.8,100,310300
20240112,15:11:26,1.85,800,310300
20240112,15:11:27,1.85,12000,310300
20240112,15:11:29,1.8,3100,310300
20240112,15:11:30,1.75,1800,310300
20240112,15:11:45,1.75,1800,310300
20240112,15:11:48,1.75,500,310300
20240112,15:11:51,1.75,500,310300
20240112,15:11:53,1.75,700,310300
20240112,15:12:12,1.75,1000,310300
20240112,15:12:13,1.7,50,302450
20240112,15:12:15,1.75,250,302450
20240112,15:12:56,1.8,1100,302450
20240112,15:13:00,1.85,50,302450
20240112,15:13:07,1.8,50,302450
20240112,15:13:24,1.8,50,302450
20240112,15:13:50,1.8,100,302450
20240112,15:13:51,1.8,50,302450
20240112,15:13:52,1.8,500,302450
20240112,15:13:58,1.8,400,302450
20240112,15:13:59,1.8,200,302450
20240112,15:14:02,1.75,2500,302450
20240112,15:14:19,1.75,1800,302450
20240112,15:15:21,1.75,200,302500
20240112,15:15:52,1.75,50,302500
20240112,15:15:54,1.75,100,302500
20240112,15:16:07,1.8,250,302500
20240112,15:16:09,1.8,300,302500
20240112,15:16:10,1.8,1500,302500
20240112,15:16:11,1.8,250,302500
20240112,15:16:23,1.8,500,302500
20240112,15:16:25,1.8,1400,302500
20240112,15:16:33,1.8,250,302500
20240112,15:16:41,1.8,400,302500
20240112,15:17:07,1.8,50,302500
20240112,15:17:11,1.8,200,302500
20240112,15:17:13,1.85,250,302500
20240112,15:17:52,1.75,700,302500
20240112,15:18:06,1.85,400,302500
20240112,15:18:24,1.85,250,305400
20240112,15:18:44,1.85,250,305400
20240112,15:19:05,1.85,100,305400
20240112,15:20:02,1.85,1500,305400
20240112,15:20:03,1.85,50,305400
20240112,15:21:08,1.85,400,305400
20240112,15:21:09,1.85,350,305400
20240112,15:21:12,1.85,250,305400
20240112,15:21:20,1.8,500,305850
20240112,15:21:24,1.85,1650,305850
20240112,15:21:25,1.85,250,305850
20240112,15:21:26,1.85,250,305850
20240112,15:21:28,1.85,400,305850
20240112,15:21:55,1.9,1000,305850
20240112,15:22:11,1.9,200,305850
20240112,15:22:15,1.85,1800,305850
20240112,15:22:20,1.8,50,305850
20240112,15:23:06,1.85,150,305850
20240112,15:23:06,1.85,350,305850
20240112,15:23:31,1.9,50,305850
20240112,15:23:59,1.85,100,305850
20240112,15:24:02,1.85,1750,305850
20240112,15:24:03,1.85,300,305850
20240112,15:24:07,1.85,2000,305850
20240112,15:24:11,1.8,1000,305850
20240112,15:24:14,1.8,1000,305850
20240112,15:24:21,1.8,100,305850
20240112,15:24:25,1.8,1500,305850
20240112,15:24:28,1.8,1500,305850
20240112,15:24:29,1.85,1750,305850
20240112,15:24:31,1.85,2250,305850
20240112,15:25:30,1.9,300,305850
20240112,15:25:32,1.9,300,305850
20240112,15:25:42,1.9,250,305850
20240112,15:25:43,1.9,2200,305850
20240112,15:25:45,1.85,50,305850
20240112,15:25:53,1.9,350,305850
20240112,15:26:00,1.9,600,305850
20240112,15:26:19,1.9,400,305850
20240112,15:26:23,1.85,100,305850
20240112,15:26:41,1.9,1900,305850
20240112,15:26:48,1.85,200,305850
20240112,15:26:49,1.9,100,305850
20240112,15:26:54,1.95,1000,305850
20240112,15:27:00,1.85,200,305850
20240112,15:27:07,1.85,1600,305850
20240112,15:27:08,1.9,2600,305850
20240112,15:27:10,1.95,250,305850
20240112,15:27:28,1.95,400,300650
20240112,15:27:29,1.95,100,300650
20240112,15:27:39,1.9,500,300650
20240112,15:27:40,1.95,400,300650
20240112,15:27:44,1.95,1000,300650
20240112,15:27:48,1.95,1000,300650
20240112,15:27:54,1.9,100,300650
20240112,15:28:26,1.95,500,300650
20240112,15:28:27,1.95,150,300650
20240112,15:28:51,1.9,900,300650
20240112,15:28:56,1.95,250,300650
20240112,15:28:57,1.95,200,300650
20240112,15:28:58,1.95,50,300650
20240112,15:29:01,1.95,50,300650
20240112,15:29:09,2.0,450,300650
20240112,15:29:11,2.0,100,300650
20240112,15:29:18,1.95,750,300650
20240112,15:29:19,1.95,50,300650
20240112,15:29:23,1.95,450,300650
20240112,15:29:24,1.9,2000,300650
20240112,15:29:29,1.85,1700,300650
20240112,15:29:38,1.9,200,300650
20240112,15:29:39,1.95,150,300650
20240112,15:29:45,2.0,50,300650
20240112,15:29:56,1.95,200,300650
20240115,09:15:02,1.95,1,300100
20240115,09:15:02,1.95,100,300100
20240115,09:15:04,1.95,200,300100
20240115,09:15:05,1.95,200,300100
20240115,09:15:07,1.95,150,300100
20240115,09:15:09,1.9,50,300100
20240115,09:15:10,1.9,50,300100
20240115,09:15:12,1.9,50,300100
20240115,09:15:14,1.9,100,300100
20240115,09:15:17,1.9,100,300100
20240115,09:15:18,1.9,50,300100
20240115,09:15:20,1.9,450,300100
20240115,09:15:22,1.9,1700,300100
20240115,09:15:23,1.8,200,300100
20240115,09:15:26,1.8,200,300100
20240115,09:15:27,1.8,350,300100
20240115,09:15:30,1.8,50,300100
20240115,09:15:34,1.8,50,300100
20240115,09:15:52,1.8,300,300100
20240115,09:15:52,1.8,50,300100
20240115,09:15:53,1.75,1550,300100
20240115,09:15:54,1.7,250,300100
20240115,09:15:55,1.7,600,300100
20240115,09:15:57,1.7,50,300100
20240115,09:16:02,1.7,300,300100
20240115,09:16:53,1.7,50,300100
20240115,09:17:38,1.6,200,301000
20240115,09:18:10,1.6,900,301000
20240115,09:19:01,1.6,300,301000
20240115,09:19:02,1.6,50,301000
20240115,09:19:19,1.6,300,301000
20240115,09:20:43,1.6,250,301000
20240115,09:20:56,1.65,150,301400
20240115,09:21:35,1.75,100,301400
20240115,09:21:36,1.75,550,301400
20240115,09:21:52,1.75,200,301400
20240115,09:21:55,1.75,350,301400
20240115,09:22:32,1.7,50,301400
20240115,09:22:34,1.65,300,301400
20240115,09:23:23,1.7,200,301400
20240115,09:25:03,1.65,250,301250
20240115,09:25:09,1.65,300,301250
20240115,09:25:10,1.65,250,301250
20240115,09:25:11,1.65,150,301250
20240115,09:25:12,1.65,250,301250
20240115,09:25:14,1.65,250,301250
20240115,09:25:24,1.65,100,301250
20240115,09:25:26,1.65,250,301250
20240115,09:25:47,1.7,1000,301250
20240115,09:25:49,1.75,1100,301250
20240115,09:25:50,1.7,100,301250
20240115,09:26:40,1.65,200,298700
20240115,09:26:41,1.65,50,298700
20240115,09:27:11,1.65,250,298700
20240115,09:27:15,1.65,100,298700
20240115,09:27:18,1.7,200,298700
20240115,09:28:05,1.7,450,298700
20240115,09:28:33,1.65,50,298700
20240115,09:28:53,1.7,1950,298700
20240115,09:28:58,1.7,400,298700
20240115,09:29:24,1.8,50,298700
20240115,09:29:25,1.75,2000,298700
20240115,09:29:52,1.8,50,299950
20240115,09:29:56,1.8,1800,299950
20240115,09:30:04,1.8,2050,299950
20240115,09:30:08,1.85,450,299950
20240115,09:30:09,1.85,150,299950
20240115,09:30:14,1.8,1450,299950
20240115,09:30:16,1.8,1200,299950
20240115,09:30:19,1.75,1850,299950
20240115,09:30:20,1.8,2000,299950
20240115,09:30:21,1.85,1500,299950
20240115,09:30:27,1.8,1500,299950
20240115,09:30:30,1.75,500,299950
20240115,09:30:33,1.7,450,299950
20240115,09:30:36,1.75,700,299950
20240115,09:30:56,1.75,200,299950
20240115,09:31:19,1.8,650,299950
20240115,09:31:23,1.75,250,299950
20240115,09:32:05,1.75,50,299950
20240115,09:32:43,1.8,1800,303100
20240115,09:32:46,1.85,250,303100
20240115,09:32:49,1.8,1000,303100
20240115,09:33:47,1.85,2050,303100
20240115,09:33:48,1.9,550,303100
20240115,09:33:53,1.85,600,303100
20240115,09:34:01,1.9,50,303100
20240115,09:34:02,1.85,1000,303100
20240115,09:34:03,1.9,2000,303100
20240115,09:34:21,1.85,50,303100
20240115,09:34:26,1.85,50,303100
20240115,09:34:36,1.85,50,303100
20240115,09:34:37,1.9,2050,303100
20240115,09:34:38,1.95,1000,303100
20240115,09:34:40,1.9,1200,303100
20240115,09:34:44,1.95,50,303100
20240115,09:35:18,1.9,200,303100
20240115,09:35:20,1.95,150,303100
20240115,09:35:23,1.9,50,303100
20240115,09:35:23,1.95,500,303100
20240115,09:35:38,1.95,250,303100
20240115,09:35:47,1.9,50,306300
20240115,09:35:49,1.8,500,306300
20240115,09:35:51,1.95,50,306300
20240115,09:36:02,1.95,500,306300
20240115,09:36:08,1.95,500,306300
20240115,09:36:12,1.9,650,306300
20240115,09:36:13,1.95,200,306300
20240115,09:36:19,1.9,50,306300
20240115,09:36:31,1.9,1000,306300
20240115,09:36:39,1.9,400,306300
20240115,09:36:49,1.9,1950,306300
20240115,09:37:12,1.9,100,306300
20240115,09:37:39,1.95,50,306300
20240115,09:37:43,1.9,200,306300
20240115,09:37:48,1.9,1000,306300
20240115,09:37:48,1.95,50,306300
20240115,09:37:52,1.9,50,306300
20240115,09:37:56,1.9,1950,306300
20240115,09:38:00,1.95,1000,306300
20240115,09:38:05,1.9,50,306300
20240115,09:38:25,1.9,50,306300
20240115,09:38:32,1.95,100,306300
20240115,09:38:49,1.95,4750,308600
20240115,09:38:58,1.95,50,308600
20240115,09:39:06,1.9,1800,308600
20240115,09:39:07,1.9,700,308600
20240115,09:39:07,1.85,2500,308600
20240115,09:39:11,1.95,50,308600
20240115,09:39:22,1.95,1800,308600
20240115,09:39:35,1.95,50,308600
20240115,09:39:35,1.95,1800,308600
20240115,09:40:07,1.95,1800,308600
20240115,09:40:38,1.95,500,308600
20240115,09:40:43,2.0,2500,308600
20240115,09:41:14,1.9,200,308600
20240115,09:41:20,1.9,500,308600
20240115,09:41:34,1.95,50,321000
20240115,09:41:56,1.85,50,321000
20240115,09:41:59,1.85,700,321000
20240115,09:42:05,1.85,850,321000
20240115,09:42:06,1.85,50,321000
20240115,09:42:36,1.85,250,321000
20240115,09:42:37,1.85,50,321000
20240115,09:42:38,1.85,50,321000
20240115,09:42:39,1.85,500,321000
20240115,09:42:42,1.75,650,321000
20240115,09:42:45,1.85,250,321000
20240115,09:42:46,1.85,200,321000
20240115,09:42:50,1.85,50,321000
20240115,09:42:51,1.85,50,321000
20240115,09:42:52,1.85,200,321000
20240115,09:42:53,1.85,300,321000
20240115,09:42:55,1.85,300,321000
20240115,09:43:15,1.85,50,321000
20240115,09:43:22,1.85,200,321000
20240115,09:43:40,1.8,50,321000
20240115,09:44:04,1.8,50,321000
20240115,09:44:27,1.85,50,321000
20240115,09:44:28,1.85,200,321000
20240115,09:44:52,1.85,50,321000
20240115,09:44:58,1.85,250,323100
20240115,09:45:12,1.85,250,323100
20240115,09:45:15,1.85,50,323100
20240115,09:45:21,1.85,50,323100
20240115,09:45:29,1.85,50,323100
20240115,09:45:38,1.85,50,323100
20240115,09:45:53,1.8,1200,323100
20240115,09:46:03,1.8,50,323100
20240115,09:46:10,1.8,50,323100
20240115,09:46:18,1.8,150,323100
20240115,09:46:35,1.75,50,323100
20240115,09:46:42,1.8,200,323100
20240115,09:47:03,1.8,50,323100
20240115,09:47:06,1.75,1300,323100
20240115,09:47:29,1.8,50,323100
20240115,09:47:46,1.75,1800,324600
20240115,09:49:08,1.7,50,324600
20240115,09:49:11,1.8,50,324600
20240115,09:49:31,1.8,400,324600
20240115,09:49:31,1.85,500,324600
20240115,09:49:37,1.7,50,324600
20240115,09:49:39,1.85,50,324600
20240115,09:49:42,1.85,50,324600
20240115,09:50:08,1.8,50,324600
20240115,09:50:11,1.85,500,324600
20240115,09:50:23,1.8,1000,324600
20240115,09:50:43,1.8,250,324600
20240115,09:51:40,1.75,750,325200
20240115,09:51:48,1.8,250,325200
20240115,09:51:50,1.8,150,325200
20240115,09:51:57,1.75,150,325200
20240115,09:52:12,1.8,250,325200
20240115,09:52:13,1.8,100,325200
20240115,09:52:14,1.75,50,325200
20240115,09:52:18,1.8,100,325200
20240115,09:52:25,1.8,50,325200
20240115,09:52:39,1.75,1400,325200
20240115,09:52:40,1.75,200,325200
20240115,09:52:41,1.75,50,325200
20240115,09:52:50,1.7,400,325200
20240115,09:52:58,1.7,900,325200
20240115,09:52:59,1.7,1700,325200
20240115,09:53:00,1.7,50,325200
20240115,09:53:02,1.7,50,325200
20240115,09:53:03,1.7,50,325200
20240115,09:53:05,1.7,50,325200
20240115,09:53:07,1.7,50,325200
20240115,09:53:17,1.75,1250,325200
20240115,09:53:26,1.75,50,325200
20240115,09:53:29,1.7,600,325200
20240115,09:53:57,1.75,750,330450
20240115,09:54:06,1.7,50,330450
20240115,09:54:42,1.75,250,330450
20240115,09:54:43,1.7,2650,330450
20240115,09:54:48,1.7,250,330450
20240115,09:54:50,1.7,500,330450
20240115,09:54:57,1.7,500,330450
20240115,09:55:11,1.7,500,330450
20240115,09:55:25,1.65,650,330450
20240115,09:55:26,1.65,550,330450
20240115,09:56:05,1.65,50,330450
20240115,09:56:25,1.65,100,330450
20240115,09:56:28,1.6,50,330450
20240115,09:56:29,1.65,250,330450
20240115,09:56:46,1.65,500,330700
20240115,09:57:07,1.6,1200,330700
20240115,09:58:41,1.65,500,330700
20240115,09:58:53,1.6,800,330700
20240115,09:59:01,1.6,300,330700
20240115,09:59:04,1.65,50,330700
20240115,10:00:12,1.6,550,329200
20240115,10:00:16,1.6,250,329200
20240115,10:00:18,1.6,100,329200
20240115,10:00:22,1.55,50,329200
20240115,10:00:32,1.55,1450,329200
20240115,10:01:02,1.65,50,329200
20240115,10:01:04,1.65,50,329200
20240115,10:01:04,1.55,4500,329200
20240115,10:01:17,1.6,50,329200
20240115,10:01:27,1.55,900,329200
20240115,10:01:30,1.55,50,329200
20240115,10:02:21,1.55,400,329200
20240115,10:03:11,1.6,2300,329100
20240115,10:03:13,1.6,50,329100
20240115,10:03:21,1.6,1750,329100
20240115,10:03:46,1.6,600,329100
20240115,10:05:18,1.55,250,329100
20240115,10:05:20,1.6,150,329100
20240115,10:05:21,1.6,100,329100
20240115,10:05:36,1.6,1000,327100
20240115,10:05:45,1.6,1800,327100
20240115,10:05:59,1.6,1800,327100
20240115,10:06:02,1.6,450,327100
20240115,10:06:19,1.65,1000,327100
20240115,10:06:43,1.65,50,327100
20240115,10:06:46,1.7,50,327100
20240115,10:07:06,1.7,500,327100
20240115,10:07:22,1.7,50,327100
20240115,10:07:23,1.7,250,327100
20240115,10:07:28,1.7,1500,327100
20240115,10:07:30,1.7,1500,327100
20240115,10:07:31,1.7,1500,327100
20240115,10:07:33,1.7,1300,327100
20240115,10:07:37,1.7,750,327100
20240115,10:07:46,1.65,2600,327100
20240115,10:07:57,1.7,2050,327100
20240115,10:08:33,1.7,500,327100
20240115,10:08:38,1.65,100,332200
20240115,10:08:41,1.7,500,332200
20240115,10:08:52,1.7,50,332200
20240115,10:08:57,1.7,450,332200
20240115,10:09:11,1.7,50,332200
20240115,10:09:38,1.7,1800,332200
20240115,10:09:46,1.7,50,332200
20240115,10:09:48,1.7,150,332200
20240115,10:09:50,1.7,50,332200
20240115,10:09:53,1.7,50,332200
20240115,10:09:54,1.7,50,332200
20240115,10:09:55,1.7,50,332200
20240115,10:09:58,1.7,50,332200
20240115,10:10:09,1.7,50,332200
20240115,10:10:19,1.7,150,332200
20240115,10:10:24,1.7,50,332200
20240115,10:10:42,1.7,950,332200
20240115,10:10:45,1.7,250,332200
20240115,10:10:46,1.7,100,332200
20240115,10:10:47,1.65,50,332200
20240115,10:11:56,1.7,250,332200
20240115,10:12:21,1.7,100,330500
20240115,10:12:27,1.7,250,330500
20240115,10:12:32,1.7,100,330500
20240115,10:12:44,1.7,50,330500
20240115,10:13:27,1.7,500,330500
20240115,10:15:07,1.7,250,330500
20240115,10:15:10,1.7,250,330400
20240115,10:15:56,1.65,50,330400
20240115,10:16:37,1.65,800,330400
20240115,10:16:43,1.65,1650,330400
20240115,10:16:44,1.65,50,330400
20240115,10:16:45,1.65,50,330400
20240115,10:16:47,1.65,50,330400
20240115,10:16:48,1.65,50,330400
20240115,10:16:50,1.65,50,330400
20240115,10:17:00,1.65,50,330400
20240115,10:17:12,1.65,50,330400
20240115,10:17:24,1.65,50,330400
20240115,10:17:28,1.65,50,330400
20240115,10:18:40,1.65,250,330400
20240115,10:19:12,1.6,500,331050
20240115,10:19:20,1.65,300,331050
20240115,10:19:25,1.65,150,331050
20240115,10:19:42,1.65,1800,331050
20240115,10:19:44,1.65,1800,331050
20240115,10:20:15,1.65,50,331050
20240115,10:20:47,1.65,850,334050
20240115,10:20:48,1.65,50,334050
20240115,10:21:05,1.65,50,334050
20240115,10:21:17,1.6,50,334050
20240115,10:22:47,1.65,250,334050
20240115,10:22:49,1.6,50,334050
20240115,10:23:20,1.6,1400,334050
20240115,10:23:32,1.65,1800,334050
20240115,10:23:34,1.65,350,334050
20240115,10:23:40,1.65,1500,334050
20240115,10:23:44,1.65,50,332350
20240115,10:23:48,1.65,50,332350
20240115,10:23:55,1.65,50,332350
20240115,10:25:24,1.65,50,332350
20240115,10:25:36,1.65,50,332350
20240115,10:27:02,1.6,2800,332350
20240115,10:27:03,1.6,100,333000
20240115,10:27:05,1.6,50,333000
20240115,10:27:06,1.6,50,333000
20240115,10:27:11,1.6,250,333000
20240115,10:27:14,1.6,350,333000
20240115,10:27:17,1.6,1200,333000
20240115,10:27:24,1.6,1300,333000
20240115,10:27:26,1.6,300,333000
20240115,10:27:55,1.65,50,333000
20240115,10:28:15,1.6,50,333000
20240115,10:28:27,1.65,250,333000
20240115,10:28:36,1.65,500,333000
20240115,10:29:22,1.6,50,333000
20240115,10:31:01,1.65,1000,333000
20240115,10:32:02,1.65,250,334400
20240115,10:34:30,1.65,50,334400
20240115,10:34:58,1.6,100,334400
20240115,10:35:06,1.65,50,334400
20240115,10:35:06,1.6,1000,334400
20240115,10:39:47,1.6,50,334400
20240115,10:41:29,1.65,50,334400
20240115,10:41:53,1.65,250,334400
20240115,10:42:48,1.65,1000,334400
20240115,10:43:15,1.6,800,334400
20240115,10:44:15,1.65,50,334400
20240115,10:46:35,1.65,500,334400
20240115,10:46:51,1.65,500,333650
20240115,10:47:00,1.65,500,333650
20240115,10:47:16,1.65,500,333650
20240115,10:48:31,1.6,50,335650
20240115,10:49:03,1.6,50,335650
20240115,10:50:01,1.6,1800,335650
20240115,10:50:21,1.65,250,335650
20240115,10:52:10,1.65,1800,335650
20240115,10:52:12,1.65,1000,333750
20240115,10:52:17,1.65,50,333750
20240115,10:52:20,1.7,50,333750
20240115,10:52:35,1.7,50,333750
20240115,10:52:45,1.7,50,333750
20240115,10:52:53,1.7,50,333750
20240115,10:53:01,1.7,50,333750
20240115,10:53:27,1.65,250,333750
20240115,10:53:38,1.65,250,333750
20240115,10:53:40,1.6,500,336250
20240115,10:53:55,1.65,100,336250
20240115,10:53:56,1.65,350,336250
20240115,10:53:58,1.65,500,336250
20240115,10:53:59,1.65,250,336250
20240115,10:54:16,1.65,50,336250
20240115,10:54:20,1.65,800,336250
20240115,10:54:41,1.65,50,336250
20240115,10:55:40,1.65,1800,336250
20240115,10:55:40,1.65,250,336250
20240115,10:55:53,1.65,1800,336250
20240115,10:56:36,1.65,1400,336250
20240115,10:57:24,1.65,1800,336250
20240115,10:57:35,1.65,1100,339950
20240115,10:57:39,1.65,1000,339950
20240115,10:57:43,1.65,2750,339950
20240115,10:57:46,1.65,500,339950
20240115,10:57:51,1.65,250,339950
20240115,10:57:52,1.65,1500,339950
20240115,10:57:57,1.65,50,339950
20240115,10:58:03,1.7,500,339950
20240115,10:58:13,1.7,250,339950
20240115,10:58:20,1.7,50,339950
20240115,10:58:29,1.7,500,339950
20240115,10:58:39,1.65,1200,339950
20240115,10:59:45,1.65,1000,343300
20240115,10:59:58,1.7,50,343300
20240115,11:00:41,1.65,50,343300
20240115,11:01:15,1.65,100,343300
20240115,11:02:04,1.7,1000,343300
20240115,11:02:32,1.7,1000,343300
20240115,11:02:45,1.7,1000,340150
20240115,11:02:48,1.7,800,340150
20240115,11:02:50,1.75,50,340150
20240115,11:02:56,1.7,250,340150
20240115,11:03:24,1.7,500,340150
20240115,11:03:47,1.7,250,340150
20240115,11:04:01,1.7,1050,340150
20240115,11:04:35,1.65,1000,340150
20240115,11:06:06,1.7,1500,338750
20240115,11:06:14,1.7,250,338750
20240115,11:06:40,1.75,200,338750
20240115,11:06:41,1.75,50,338750
20240115,11:06:50,1.75,50,338750
20240115,11:07:00,1.65,1000,338750
20240115,11:07:53,1.75,1000,338750
20240115,11:08:19,1.65,1000,338750
20240115,11:08:36,1.7,1050,338750
20240115,11:08:47,1.7,100,337400
20240115,11:09:41,1.65,100,337400
20240115,11:09:57,1.65,50,337400
20240115,11:10:26,1.7,100,337400
20240115,11:11:20,1.65,1000,337400
20240115,11:11:36,1.65,50,337400
20240115,11:12:26,1.7,1000,336850
20240115,11:15:15,1.7,2200,336850
20240115,11:15:27,1.65,50,337550
20240115,11:16:30,1.75,1800,337550
20240115,11:16:51,1.75,150,337550
20240115,11:17:12,1.75,250,337550
20240115,11:17:18,1.8,50,337550
20240115,11:17:37,1.8,1800,337550
20240115,11:18:13,1.8,650,340300
20240115,11:18:13,1.85,500,340300
20240115,11:18:20,1.8,50,340300
20240115,11:18:31,1.8,50,340300
20240115,11:18:33,1.8,800,340300
20240115,11:19:54,1.75,1800,340300
20240115,11:20:09,1.75,50,340300
20240115,11:20:10,1.8,1800,340300
20240115,11:20:11,1.8,1950,340300
20240115,11:20:19,2.0,2000,340300
20240115,11:20:25,1.85,50,340300
20240115,11:20:27,1.8,300,340300
20240115,11:20:28,1.85,750,340300
20240115,11:20:45,1.85,2050,339200
20240115,11:20:46,1.85,400,339200
20240115,11:21:08,1.85,600,339200
20240115,11:21:09,1.85,300,339200
20240115,11:21:25,1.85,100,339200
20240115,11:21:27,1.8,50,339200
20240115,11:21:56,1.85,50,339200
20240115,11:22:36,1.8,700,339200
20240115,11:22:38,1.8,550,339200
20240115,11:22:39,1.8,50,339200
20240115,11:22:40,1.8,50,339200
20240115,11:22:41,1.8,50,339200
20240115,11:22:43,1.8,50,339200
20240115,11:23:00,1.8,250,339200
20240115,11:24:09,1.85,2400,340450
20240115,11:24:11,1.85,3650,340450
20240115,11:24:14,1.8,1000,340450
20240115,11:24:33,1.8,1000,340450
20240115,11:25:41,1.85,50,340450
20240115,11:25:42,1.85,50,340450
20240115,11:26:38,1.85,450,340450
20240115,11:27:18,1.85,1450,340450
20240115,11:27:35,1.85,500,341750
20240115,11:28:05,1.8,50,341750
20240115,11:28:10,1.85,2800,341750
20240115,11:28:36,1.85,50,341750
20240115,11:28:50,1.85,50,341750
20240115,11:29:30,1.85,350,341750
20240115,11:29:53,1.85,1500,345900
20240115,11:30:04,1.95,50,345900
20240115,11:30:20,1.85,50,345900
20240115,11:30:32,1.9,200,345900
20240115,11:30:40,1.85,50,345900
20240115,11:30:47,1.85,600,345900
20240115,11:30:49,1.85,50,345900
20240115,11:31:04,1.85,150,345900
20240115,11:31:06,1.85,150,345900
20240115,11:31:31,1.85,50,345900
20240115,11:31:32,1.8,150,345900
20240115,11:31:33,1.8,300,345900
20240115,11:31:34,1.8,250,345900
20240115,11:31:35,1.8,250,345900
20240115,11:31:36,1.8,250,345900
20240115,11:31:44,1.85,100,345900
20240115,11:31:45,1.85,50,345900
20240115,11:32:12,1.85,250,345900
20240115,11:35:28,1.8,200,346200
20240115,11:35:30,1.85,50,346200
20240115,11:35:32,1.85,1800,346200
20240115,11:35:32,1.9,200,346200
20240115,11:36:07,1.85,50,346200
20240115,11:38:01,1.85,50,348250
20240115,11:38:47,1.85,500,348300
20240115,11:39:09,1.85,200,348300
20240115,11:39:22,1.85,100,348300
20240115,11:39:37,1.8,50,348300
20240115,11:39:56,1.85,50,348300
20240115,11:41:09,1.8,50,348300
20240115,11:41:25,1.85,500,348300
20240115,11:41:45,1.8,500,348300
20240115,11:41:47,1.85,200,348300
20240115,11:42:41,1.85,50,347150
20240115,11:44:54,1.85,50,347150
20240115,11:45:06,1.85,900,346900
20240115,11:47:18,1.8,50,346900
20240115,11:47:34,1.8,50,346900
20240115,11:48:27,1.85,50,346900
20240115,11:48:55,1.8,1000,346900
20240115,11:49:23,1.75,50,346900
20240115,11:51:32,1.75,50,347250
20240115,11:53:10,1.75,50,347250
20240115,11:54:38,1.85,50,347150
20240115,11:56:11,1.85,50,347150
20240115,11:56:19,1.8,650,347150
20240115,11:56:32,1.8,1200,347150
20240115,11:56:47,1.8,350,347150
20240115,11:56:48,1.8,50,347150
20240115,11:56:49,1.8,50,347150
20240115,11:57:19,1.8,50,347750
20240115,11:57:41,1.85,50,347750
20240115,11:57:44,1.8,100,347750
20240115,11:58:05,1.85,1850,347750
20240115,11:58:06,1.85,100,347750
20240115,11:58:09,1.85,50,347750
20240115,11:58:09,1.85,350,347750
20240115,11:58:10,1.85,200,347750
20240115,11:58:16,1.9,250,347750
20240115,11:58:33,1.9,250,347750
20240115,11:58:46,1.9,1500,347750
20240115,11:58:46,1.95,2050,347750
20240115,11:58:59,1.9,500,347750
20240115,11:59:01,1.9,50,347750
20240115,11:59:04,1.9,50,347750
20240115,11:59:07,1.95,1800,347750
20240115,11:59:08,2.0,2100,347750
20240115,11:59:15,1.95,1000,347750
20240115,11:59:23,2.0,2050,347750
20240115,11:59:24,2.05,2050,347750
20240115,11:59:37,2.05,2300,347750
20240115,11:59:50,2.1,1800,347750
20240115,12:00:19,2.1,500,357500
20240115,12:00:31,2.0,300,357500
20240115,12:00:34,2.0,50,357500
20240115,12:00:42,2.05,500,357500
20240115,12:00:46,2.0,50,357500
20240115,12:00:49,2.05,500,357500
20240115,12:01:10,2.0,1000,357500
20240115,12:01:30,2.0,100,357500
20240115,12:01:32,2.05,50,357500
20240115,12:01:33,2.0,900,357500
20240115,12:01:51,1.95,100,357500
20240115,12:01:51,1.95,200,357500
20240115,12:01:52,1.95,300,357500
20240115,12:01:53,1.95,650,357500
20240115,12:01:54,1.9,100,357500
20240115,12:01:56,1.95,850,357500
20240115,12:02:00,1.95,700,357500
20240115,12:03:23,1.95,50,357500
20240115,12:03:26,1.95,150,360100
20240115,12:03:46,1.95,50,360100
20240115,12:04:03,1.95,50,360100
20240115,12:04:29,1.95,100,360100
20240115,12:04:47,1.9,50,360100
20240115,12:05:12,1.95,600,360100
20240115,12:06:15,1.9,250,359850
20240115,12:06:18,1.95,50,359850
20240115,12:06:34,1.95,50,359850
20240115,12:07:22,1.95,900,359850
20240115,12:07:52,1.95,50,359850
20240115,12:08:03,1.9,50,359850
20240115,12:08:25,1.9,50,359850
20240115,12:08:26,1.9,150,359850
20240115,12:08:27,2.0,2150,359850
20240115,12:08:37,1.95,50,359850
20240115,12:08:39,1.95,50,359850
20240115,12:09:07,1.95,1800,362000
20240115,12:09:10,2.0,1200,362000
20240115,12:09:15,1.9,50,362000
20240115,12:09:16,1.95,150,362000
20240115,12:09:17,1.9,100,362000
20240115,12:09:29,2.05,1650,362000
20240115,12:09:48,2.1,1650,362000
20240115,12:10:02,2.1,350,362000
20240115,12:10:07,2.15,2100,362000
20240115,12:10:19,2.1,50,362000
20240115,12:10:20,2.1,50,362000
20240115,12:10:31,2.05,50,362000
20240115,12:10:37,2.1,50,362000
20240115,12:10:38,2.1,50,362000
20240115,12:10:40,2.1,50,362000
20240115,12:10:50,2.1,50,362000
20240115,12:10:51,2.05,500,362000
20240115,12:10:53,2.1,50,362000
20240115,12:11:58,2.05,150,368650
20240115,12:12:00,2.05,150,368650
20240115,12:12:02,2.05,150,368650
20240115,12:12:03,2.05,250,368650
20240115,12:12:05,2.05,100,368650
20240115,12:12:25,2.05,50,368650
20240115,12:12:27,2.05,50,368650
20240115,12:13:05,2.05,50,368650
20240115,12:13:18,2.05,50,368650
20240115,12:13:31,2.05,50,368650
20240115,12:13:39,2.0,50,368650
20240115,12:13:40,2.0,50,368650
20240115,12:13:42,2.0,50,368650
20240115,12:14:01,2.0,150,368650
20240115,12:14:05,2.05,50,368650
20240115,12:14:35,2.0,50,368650
20240115,12:14:48,2.05,50,368650
20240115,12:15:17,2.05,50,368650
20240115,12:15:49,2.0,50,369200
20240115,12:16:00,2.0,50,369200
20240115,12:16:07,2.0,200,369200
20240115,12:16:12,2.0,50,369200
20240115,12:16:27,2.0,150,369200
20240115,12:16:30,2.0,350,369200
20240115,12:16:32,2.0,200,369200
20240115,12:16:46,2.0,150,369200
20240115,12:16:52,2.0,150,369200
20240115,12:16:53,2.0,150,369200
20240115,12:16:57,2.0,150,369200
20240115,12:17:00,2.0,150,369200
20240115,12:17:01,2.0,150,369200
20240115,12:17:02,2.0,150,369200
20240115,12:17:05,2.0,300,369200
20240115,12:17:06,2.0,300,369200
20240115,12:17:10,2.0,300,369200
20240115,12:17:19,2.0,350,369200
20240115,12:17:22,2.0,300,369200
20240115,12:17:24,1.95,300,369200
20240115,12:17:28,2.0,300,369200
20240115,12:19:29,2.0,50,370000
20240115,12:22:50,2.05,50,370000
20240115,12:23:17,2.05,500,369950
20240115,12:23:21,2.05,400,369950
20240115,12:23:53,2.05,50,369950
20240115,12:23:53,2.05,100,369200
20240115,12:23:56,2.05,900,369200
20240115,12:24:18,2.1,1000,369200
20240115,12:24:20,2.1,650,369200
20240115,12:24:20,2.15,2000,369200
20240115,12:24:22,2.1,100,369200
20240115,12:24:37,2.15,100,369200
20240115,12:24:51,2.05,50,369200
20240115,12:24:58,2.05,100,369200
20240115,12:25:02,2.1,150,369200
20240115,12:25:02,2.1,400,369200
20240115,12:25:03,2.1,50,369200
20240115,12:25:07,2.1,450,369200
20240115,12:25:08,2.2,5150,369200
20240115,12:25:19,2.2,50,369200
20240115,12:25:47,2.1,200,369200
20240115,12:25:49,2.15,1400,369200
20240115,12:26:00,2.15,450,369200
20240115,12:26:12,2.15,450,369200
20240115,12:26:13,2.2,4050,369200
20240115,12:26:23,2.15,500,369200
20240115,12:26:24,2.1,50,369200
20240115,12:26:25,2.2,50,369200
20240115,12:26:33,2.2,50,369200
20240115,12:27:13,2.15,400,380800
20240115,12:27:15,2.2,2000,380800
20240115,12:27:49,2.15,350,380800
20240115,12:28:12,2.15,50,380800
20240115,12:28:26,2.15,50,380800
20240115,12:28:43,2.15,50,380800
20240115,12:28:57,2.1,250,380800
20240115,12:28:58,2.05,1500,380800
20240115,12:28:59,2.15,50,380800
20240115,12:29:26,2.05,50,380800
20240115,12:29:45,2.1,750,380800
20240115,12:29:47,2.1,150,380800
20240115,12:30:34,2.05,50,383050
20240115,12:30:56,2.1,50,383050
20240115,12:32:28,2.15,50,383050
20240115,12:33:08,2.15,50,383000
20240115,12:33:45,2.15,50,383000
20240115,12:33:46,2.05,500,383000
20240115,12:33:56,2.05,200,383000
20240115,12:34:09,2.1,1300,383000
20240115,12:34:29,2.15,700,383000
20240115,12:35:11,2.05,50,383000
20240115,12:35:21,2.1,100,383000
20240115,12:35:23,2.1,50,383000
20240115,12:36:53,2.05,50,383000
20240115,12:36:54,2.05,50,382250
20240115,12:36:55,2.05,50,382250
20240115,12:36:56,2.05,50,382250
20240115,12:36:57,2.05,100,382250
20240115,12:36:59,2.1,50,382250
20240115,12:37:00,2.1,50,382250
20240115,12:37:07,2.1,50,382250
20240115,12:37:42,2.05,250,382250
20240115,12:37:44,2.05,50,382250
20240115,12:37:51,2.1,200,382250
20240115,12:38:14,2.05,1550,382250
20240115,12:38:29,2.05,300,382250
20240115,12:38:49,2.0,100,382250
20240115,12:38:50,2.0,100,382250
20240115,12:38:51,2.0,100,382250
20240115,12:38:52,2.0,100,382250
20240115,12:38:53,2.0,100,382250
20240115,12:38:54,2.0,100,382250
20240115,12:38:55,2.0,100,383250
20240115,12:38:56,2.0,100,383250
20240115,12:39:26,2.05,50,383250
20240115,12:39:35,2.05,250,383250
20240115,12:39:36,2.0,200,383250
20240115,12:39:37,2.05,350,383250
20240115,12:39:38,2.0,200,383250
20240115,12:39:39,2.0,400,383250
20240115,12:39:41,2.0,50,383250
20240115,12:39:42,2.0,50,383250
20240115,12:39:43,2.0,50,383250
20240115,12:39:57,2.05,50,383250
20240115,12:40:23,2.05,250,383250
20240115,12:41:56,2.05,50,382950
20240115,12:42:18,2.05,50,382950
20240115,12:42:41,2.05,50,382950
20240115,12:43:06,2.05,50,382950
20240115,12:46:03,2.0,50,382950
20240115,12:46:19,2.0,150,382950
20240115,12:46:39,2.05,50,382950
20240115,12:47:24,2.05,50,382950
20240115,12:47:25,2.05,50,382950
20240115,12:47:42,2.0,1500,382950
20240115,12:47:45,2.0,50,382950
20240115,12:47:48,2.0,100,382950
20240115,12:47:51,2.0,350,382950
20240115,12:47:53,2.0,50,382950
20240115,12:48:42,2.0,50,383000
20240115,12:48:43,2.0,50,383000
20240115,12:48:47,2.0,50,383000
20240115,12:49:16,1.95,350,383000
20240115,12:49:19,1.95,50,383000
20240115,12:49:22,2.0,350,383000
20240115,12:49:31,2.0,250,383000
20240115,12:49:55,1.9,450,383000
20240115,12:50:10,2.0,300,383000
20240115,12:50:13,1.95,250,383000
20240115,12:53:15,1.95,200,382750
20240115,12:53:47,2.0,50,382750
20240115,12:54:07,2.05,100,382750
20240115,12:55:04,1.95,100,382600
20240115,12:55:26,2.0,250,382600
20240115,12:58:46,2.0,200,382600
20240115,12:58:47,2.05,1800,382600
20240115,12:58:57,2.0,350,382600
20240115,12:59:08,2.05,50,382600
20240115,12:59:17,2.05,1800,382600
20240115,12:59:21,2.0,50,382600
20240115,13:00:03,2.05,200,382600
20240115,13:00:14,2.05,50,386450
20240115,13:00:20,2.05,1950,386450
20240115,13:00:21,2.05,50,386450
20240115,13:00:54,2.0,50,386450
20240115,13:00:56,2.0,50,386450
20240115,13:00:57,2.0,50,386450
20240115,13:00:58,2.0,3650,386450
20240115,13:01:18,2.05,300,386450
20240115,13:02:20,2.05,50,386450
20240115,13:02:33,2.1,1800,386450
20240115,13:02:34,2.1,1700,386450
20240115,13:02:35,2.05,200,386450
20240115,13:02:37,2.15,350,386450
20240115,13:03:15,2.1,2100,393550
20240115,13:03:22,2.1,2450,393550
20240115,13:03:27,2.15,50,393550
20240115,13:03:38,2.1,950,393550
20240115,13:03:40,2.1,200,393550
20240115,13:03:50,2.15,50,393550
20240115,13:04:05,2.15,2000,393550
20240115,13:04:21,2.15,350,393550
20240115,13:04:54,2.15,50,393550
20240115,13:05:02,2.15,50,393550
20240115,13:05:12,2.2,3000,393550
20240115,13:05:17,2.15,300,393550
20240115,13:05:25,2.15,150,393550
20240115,13:05:40,2.15,300,393550
20240115,13:06:21,2.15,500,393550
20240115,13:06:27,2.2,50,401750
20240115,13:06:31,2.15,150,401750
20240115,13:06:38,2.15,150,401750
20240115,13:06:56,2.15,150,401750
20240115,13:06:58,2.15,750,401750
20240115,13:07:04,2.15,150,401750
20240115,13:07:05,2.05,800,401750
20240115,13:07:06,2.1,100,401750
20240115,13:07:07,2.1,50,401750
20240115,13:07:09,2.2,150,401750
20240115,13:07:33,2.1,300,401750
20240115,13:07:35,2.15,50,401750
20240115,13:08:33,2.05,400,401750
20240115,13:09:16,2.15,1950,402700
20240115,13:09:46,2.15,2000,402700
20240115,13:10:28,2.2,50,402700
20240115,13:10:39,2.15,50,402700
20240115,13:11:09,2.2,50,402700
20240115,13:11:10,2.2,2000,402700
20240115,13:12:14,2.2,2050,407750
20240115,13:12:18,2.25,4500,407750
20240115,13:12:19,2.2,150,407750
20240115,13:12:49,2.2,200,407750
20240115,13:12:50,2.15,50,407750
20240115,13:12:57,2.2,50,407750
20240115,13:12:59,2.2,50,407750
20240115,13:13:00,2.2,50,407750
20240115,13:13:01,2.2,50,407750
20240115,13:13:02,2.2,100,407750
20240115,13:13:40,2.2,50,407750
20240115,13:13:44,2.15,700,407750
20240115,13:13:51,2.15,50,407750
20240115,13:14:12,2.15,50,407750
20240115,13:15:08,2.15,100,412600
20240115,13:15:09,2.15,1800,412600
20240115,13:15:15,2.2,1450,412600
20240115,13:16:16,2.25,2100,412600
20240115,13:16:41,2.3,3750,412600
20240115,13:16:42,2.3,450,412600
20240115,13:16:53,2.25,350,412600
20240115,13:16:58,2.2,50,412600
20240115,13:17:20,2.25,150,412600
20240115,13:18:02,2.25,150,418650
20240115,13:18:12,2.35,1800,418650
20240115,13:18:14,2.35,1600,418650
20240115,13:18:17,2.25,150,418650
20240115,13:18:19,2.25,150,418650
20240115,13:18:19,2.35,750,418650
20240115,13:18:20,2.25,300,418650
20240115,13:18:23,2.25,150,418650
20240115,13:18:26,2.25,450,418650
20240115,13:18:28,2.25,300,418650
20240115,13:18:29,2.25,350,418650
20240115,13:18:31,2.3,150,418650
20240115,13:18:35,2.3,150,418650
20240115,13:18:39,2.35,50,418650
20240115,13:18:46,2.3,150,418650
20240115,13:18:47,2.3,150,418650
20240115,13:18:50,2.35,50,418650
20240115,13:18:52,2.3,150,418650
20240115,13:18:54,2.3,150,418650
20240115,13:18:58,2.3,150,418650
20240115,13:18:59,2.3,300,418650
20240115,13:19:04,2.3,150,418650
20240115,13:19:05,2.3,300,418650
20240115,13:20:20,2.25,50,418650
20240115,13:21:04,2.25,150,418650
20240115,13:21:18,2.25,150,421800
20240115,13:22:53,2.25,250,421800
20240115,13:23:18,2.25,350,421800
20240115,13:23:46,2.25,400,421800
20240115,13:23:58,2.25,1000,421800
20240115,13:24:25,2.2,50,421800
20240115,13:25:27,2.25,450,421600
20240115,13:26:18,2.2,50,421600
20240115,13:26:28,2.25,250,421600
20240115,13:26:31,2.2,50,421600
20240115,13:27:06,2.25,350,422100
20240115,13:27:14,2.25,50,422100
20240115,13:27:58,2.25,100,422100
20240115,13:28:15,2.25,150,422100
20240115,13:29:43,2.25,550,422100
20240115,13:30:03,2.25,250,421950
20240115,13:30:43,2.2,200,421950
20240115,13:31:15,2.25,350,421950
20240115,13:31:26,2.2,50,421950
20240115,13:32:25,2.25,3400,421950
20240115,13:32:26,2.25,50,421950
20240115,13:33:22,2.25,2300,421350
20240115,13:33:23,2.25,1800,421350
20240115,13:33:34,2.25,3400,421350
20240115,13:33:37,2.25,1000,421350
20240115,13:33:43,2.25,1800,421350
20240115,13:34:09,2.2,50,421350
20240115,13:35:12,2.25,1850,421350
20240115,13:35:29,2.25,2050,421350
20240115,13:35:56,2.2,2300,421350
20240115,13:36:03,2.25,600,421350
20240115,13:36:08,2.15,400,422400
20240115,13:36:44,2.25,50,422400
20240115,13:37:02,2.25,500,422400
20240115,13:37:17,2.25,50,422400
20240115,13:37:27,2.25,100,422400
20240115,13:37:33,2.25,50,422400
20240115,13:37:35,2.25,50,422400
20240115,13:37:48,2.3,50,422400
20240115,13:38:26,2.25,550,422400
20240115,13:38:47,2.25,250,422400
20240115,13:39:04,2.25,1100,422400
20240115,13:39:05,2.25,50,423650
20240115,13:39:07,2.25,50,423650
20240115,13:39:10,2.25,50,423650
20240115,13:39:58,2.25,50,423650
20240115,13:40:15,2.25,50,423650
20240115,13:40:35,2.25,50,423650
20240115,13:41:01,2.15,2450,423650
20240115,13:41:11,2.25,50,423650
20240115,13:41:38,2.25,600,423650
20240115,13:41:48,2.25,1500,423650
20240115,13:41:56,2.25,100,423650
20240115,13:44:05,2.3,250,421700
20240115,13:44:35,2.3,200,421700
20240115,13:45:06,2.25,50,421450
20240115,13:45:35,2.3,1000,421450
20240115,13:46:58,2.25,450,421450
20240115,13:47:52,2.3,250,421450
20240115,13:48:00,2.3,250,421450
20240115,13:48:47,2.3,900,421100
20240115,13:48:56,2.25,50,421100
20240115,13:49:16,2.35,200,421100
20240115,13:49:35,2.3,300,421100
20240115,13:49:40,2.3,50,421100
20240115,13:49:43,2.25,200,421100
20240115,13:49:49,2.3,50,421100
20240115,13:50:09,2.25,450,421100
20240115,13:50:10,2.25,150,421100
20240115,13:51:35,2.3,50,420700
20240115,13:53:23,2.25,50,420700
20240115,13:53:24,2.25,50,420700
20240115,13:53:28,2.25,50,420700
20240115,13:53:32,2.25,50,420700
20240115,13:53:34,2.25,50,420700
20240115,13:53:35,2.25,50,420700
20240115,13:53:37,2.3,600,420700
20240115,13:53:42,2.3,1150,420700
20240115,13:53:49,2.3,800,420700
20240115,13:53:57,2.35,50,420700
20240115,13:54:04,2.3,250,420700
20240115,13:54:18,2.25,50,420600
20240115,13:54:20,2.35,50,420600
20240115,13:55:01,2.25,150,420600
20240115,13:55:05,2.25,150,420600
20240115,13:55:23,2.25,150,420600
20240115,13:55:35,2.3,500,420600
20240115,13:55:40,2.3,300,420600
20240115,13:56:11,2.25,50,420600
20240115,13:56:14,2.35,50,420600
20240115,13:57:15,2.25,150,420600
20240115,13:57:36,2.3,50,420400
20240115,13:57:37,2.3,50,420400
20240115,13:58:03,2.35,1900,420400
20240115,13:58:07,2.35,200,420400
20240115,13:58:18,2.35,450,420400
20240115,14:01:10,2.35,550,418450
20240115,14:01:14,2.35,50,418450
20240115,14:01:32,2.35,400,418450
20240115,14:01:34,2.35,200,418450
20240115,14:01:35,2.35,400,418450
20240115,14:01:38,2.35,400,418450
20240115,14:01:39,2.35,800,418450
20240115,14:01:40,2.35,400,418450
20240115,14:01:41,2.35,500,418450
20240115,14:01:57,2.3,200,418450
20240115,14:01:58,2.5,5500,418450
20240115,14:01:59,2.3,1800,418450
20240115,14:02:18,2.35,400,418450
20240115,14:02:21,2.35,400,418450
20240115,14:02:23,2.35,200,418450
20240115,14:03:14,2.35,1050,420550
20240115,14:03:20,2.35,50,420550
20240115,14:03:25,2.35,1050,420550
20240115,14:03:27,2.35,50,420550
20240115,14:03:28,2.35,1900,420550
20240115,14:04:33,2.35,250,420550
20240115,14:04:45,2.3,100,420550
20240115,14:06:06,2.45,700,420550
20240115,14:06:09,2.45,400,418600
20240115,14:06:31,2.45,700,418600
20240115,14:06:43,2.4,100,418600
20240115,14:07:27,2.45,1800,418600
20240115,14:08:24,2.45,100,418600
20240115,14:08:48,2.45,1150,418600
20240115,14:08:55,2.45,1200,418600
20240115,14:08:56,2.45,50,418600
20240115,14:09:32,2.5,500,418600
20240115,14:09:33,2.5,3300,418050
20240115,14:09:54,2.5,800,418050
20240115,14:09:56,2.5,500,418050
20240115,14:10:03,2.5,400,418050
20240115,14:10:11,2.5,400,418050
20240115,14:10:32,2.5,200,418050
20240115,14:11:11,2.45,100,418050
20240115,14:11:17,2.45,1600,418050
20240115,14:11:18,2.5,100,418050
20240115,14:11:49,2.5,350,418050
20240115,14:12:17,2.5,900,418800
20240115,14:13:21,2.5,1500,418800
20240115,14:13:35,2.45,1500,418800
20240115,14:13:36,2.5,400,418800
20240115,14:13:40,2.5,1800,418800
20240115,14:13:57,2.55,50,418800
20240115,14:14:13,2.55,200,418800
20240115,14:14:14,2.5,50,418800
20240115,14:14:27,2.5,50,418800
20240115,14:14:47,2.45,100,418800
20240115,14:15:03,2.45,200,418800
20240115,14:15:16,2.5,950,418300
20240115,14:15:24,2.5,50,418300
20240115,14:15:45,2.55,50,418300
20240115,14:16:07,2.45,150,418300
20240115,14:16:10,2.45,150,418300
20240115,14:16:21,2.5,900,418300
20240115,14:16:54,2.45,50,418300
20240115,14:17:15,2.5,50,418300
20240115,14:17:30,2.5,700,418300
20240115,14:18:02,2.45,300,418300
20240115,14:18:24,2.45,300,418600
20240115,14:18:29,2.45,200,418600
20240115,14:18:35,2.45,100,418600
20240115,14:19:09,2.45,50,418600
20240115,14:19:54,2.5,500,418600
20240115,14:20:20,2.45,50,418600
20240115,14:20:25,2.45,250,418600
20240115,14:20:30,2.45,50,418600
20240115,14:20:35,2.45,100,418600
20240115,14:20:38,2.45,50,418600
20240115,14:20:40,2.45,600,418600
20240115,14:20:47,2.5,150,418600
20240115,14:20:57,2.45,900,418600
20240115,14:21:01,2.45,600,418600
20240115,14:21:02,2.5,50,418600
20240115,14:21:35,2.45,100,418000
20240115,14:22:11,2.45,50,418000
20240115,14:22:28,2.45,650,418000
20240115,14:24:36,2.4,1500,418400
20240115,14:24:41,2.4,850,418400
20240115,14:24:43,2.35,600,418400
20240115,14:24:51,2.4,300,418400
20240115,14:24:59,2.4,350,418400
20240115,14:25:26,2.45,600,418400
20240115,14:25:57,2.4,100,418400
20240115,14:27:13,2.4,650,418400
20240115,14:27:18,2.45,200,418700
20240115,14:27:48,2.45,50,418700
20240115,14:27:57,2.4,50,418700
20240115,14:28:18,2.4,200,418700
20240115,14:28:34,2.45,1000,418700
20240115,14:29:03,2.45,2400,418700
20240115,14:29:12,2.45,400,418700
20240115,14:29:12,2.45,100,418700
20240115,14:29:16,2.45,50,418700
20240115,14:29:17,2.45,50,418700
20240115,14:29:43,2.45,50,418700
20240115,14:29:44,2.45,100,418700
20240115,14:30:09,2.45,1200,418700
20240115,14:30:20,2.45,1200,418700
20240115,14:31:22,2.45,200,417050
20240115,14:32:35,2.5,700,417050
20240115,14:32:45,2.5,800,417050
20240115,14:34:03,2.45,600,417050
20240115,14:34:05,2.45,100,416900
20240115,14:34:29,2.5,250,416900
20240115,14:35:20,2.45,100,416900
20240115,14:35:35,2.45,100,416900
20240115,14:36:50,2.4,250,417150
20240115,14:37:05,2.5,1500,417150
20240115,14:38:14,2.45,50,417150
20240115,14:38:15,2.45,50,417150
20240115,14:38:17,2.45,50,417150
20240115,14:38:18,2.45,50,417150
20240115,14:38:22,2.45,50,417150
20240115,14:39:49,2.45,50,416900
20240115,14:40:09,2.45,50,416900
20240115,14:40:18,2.5,100,416900
20240115,14:40:18,2.45,50,416900
20240115,14:43:24,2.45,100,416900
20240115,14:45:27,2.5,500,416900
20240115,14:46:03,2.5,500,416800
20240115,14:47:02,2.5,250,416800
20240115,14:47:45,2.45,150,416800
20240115,14:47:55,2.45,50,416800
20240115,14:47:59,2.5,350,416800
20240115,14:48:02,2.5,300,416800
20240115,14:48:04,2.45,100,416800
20240115,14:48:10,2.5,50,416800
20240115,14:48:11,2.5,50,416800
20240115,14:48:16,2.5,250,416800
20240115,14:48:23,2.5,100,416550
20240115,14:48:27,2.5,50,416550
20240115,14:48:28,2.5,50,416550
20240115,14:48:31,2.5,150,416550
20240115,14:48:33,2.45,50,416550
20240115,14:48:38,2.5,50,416550
20240115,14:48:47,2.5,300,416550
20240115,14:48:52,2.5,300,416550
20240115,14:48:55,2.45,1000,416550
20240115,14:49:00,2.5,150,416550
20240115,14:49:01,2.5,300,416550
20240115,14:49:02,2.5,200,416550
20240115,14:49:05,2.45,50,416550
20240115,14:49:40,2.5,550,416550
20240115,14:49:47,2.5,400,416550
20240115,14:49:53,2.5,50,416550
20240115,14:50:01,2.5,50,416550
20240115,14:50:02,2.5,300,416550
20240115,14:51:29,2.55,50,416150
20240115,14:51:56,2.45,50,416150
20240115,14:52:04,2.45,100,416150
20240115,14:52:11,2.45,400,416150
20240115,14:52:51,2.5,300,416150
20240115,14:53:04,2.5,250,416150
20240115,14:53:05,2.5,250,416150
20240115,14:53:48,2.5,250,416150
20240115,14:54:10,2.5,50,416150
20240115,14:54:32,2.5,50,415850
20240115,14:54:42,2.5,650,415850
20240115,14:54:44,2.5,250,415850
20240115,14:54:49,2.45,50,415850
20240115,14:55:09,2.45,200,415850
20240115,14:55:16,2.5,50,415850
20240115,14:55:54,2.5,200,415850
20240115,14:56:14,2.5,100,415850
20240115,14:56:18,2.5,150,415850
20240115,14:56:20,2.5,150,415850
20240115,14:56:28,2.5,200,415850
20240115,14:56:42,2.5,350,415850
20240115,14:57:23,2.5,450,415550
20240115,14:57:36,2.45,50,415550
20240115,14:57:48,2.45,800,415550
20240115,14:57:53,2.5,700,415550
20240115,14:58:08,2.5,250,415550
20240115,14:58:14,2.5,200,415550
20240115,14:59:01,2.45,400,415550
20240115,15:01:11,2.55,250,416200
20240115,15:02:08,2.45,50,416200
20240115,15:02:10,2.5,50,416200
20240115,15:02:31,2.45,50,416200
20240115,15:02:39,2.45,2000,416200
20240115,15:02:40,2.45,50,416200
20240115,15:03:00,2.45,150,416200
20240115,15:03:13,2.45,50,416200
20240115,15:03:38,2.45,50,413750
20240115,15:03:50,2.45,50,413750
20240115,15:04:13,2.45,50,413750
20240115,15:04:46,2.45,50,413750
20240115,15:04:52,2.45,50,413750
20240115,15:04:55,2.45,150,413750
20240115,15:05:30,2.4,300,413750
20240115,15:05:34,2.4,250,413750
20240115,15:05:41,2.35,1050,413750
20240115,15:05:42,2.35,150,413750
20240115,15:05:43,2.35,200,413750
20240115,15:05:52,2.45,50,413750
20240115,15:06:01,2.45,750,413750
20240115,15:06:06,2.45,350,413750
20240115,15:06:08,2.45,50,413750
20240115,15:06:22,2.45,250,413750
20240115,15:07:38,2.5,150,413350
20240115,15:09:11,2.5,1800,413350
20240115,15:09:21,2.45,850,413300
20240115,15:09:22,2.45,100,413300
20240115,15:09:23,2.45,100,413300
20240115,15:09:24,2.45,100,413300
20240115,15:09:25,2.45,100,413300
20240115,15:09:26,2.45,100,413300
20240115,15:09:27,2.45,50,413300
20240115,15:11:30,2.45,200,413300
20240115,15:11:51,2.45,100,413300
20240115,15:12:14,2.5,50,413300
20240115,15:12:16,2.5,50,413650
20240115,15:13:34,2.5,50,413650
20240115,15:14:00,2.5,150,413650
20240115,15:14:24,2.5,250,413650
20240115,15:14:41,2.5,50,413650
20240115,15:14:44,2.5,150,413650
20240115,15:14:52,2.5,750,413650
20240115,15:14:53,2.5,600,413650
20240115,15:14:54,2.5,150,413650
20240115,15:15:04,2.5,250,413650
20240115,15:15:05,2.5,450,413650
20240115,15:15:06,2.45,500,413650
20240115,15:15:08,2.5,500,413650
20240115,15:15:13,2.5,1000,413650
20240115,15:15:15,2.55,50,413650
20240115,15:15:22,2.55,50,413650
20240115,15:16:21,2.45,250,413800
20240115,15:16:34,2.45,750,413800
20240115,15:16:47,2.45,250,413800
20240115,15:16:48,2.45,200,413800
20240115,15:16:55,2.45,1550,413800
20240115,15:16:56,2.45,50,413800
20240115,15:17:13,2.45,50,413800
20240115,15:17:35,2.4,50,413800
20240115,15:17:46,2.45,50,413800
20240115,15:17:52,2.45,350,413800
20240115,15:17:59,2.4,200,413800
20240115,15:18:04,2.45,100,413800
20240115,15:18:05,2.45,50,413800
20240115,15:18:12,2.45,300,413800
20240115,15:18:26,2.45,1800,414750
20240115,15:18:30,2.5,200,414750
20240115,15:18:49,2.45,400,414750
20240115,15:18:51,2.45,350,414750
20240115,15:18:53,2.45,250,414750
20240115,15:18:56,2.45,250,414750
20240115,15:18:57,2.45,250,414750
20240115,15:19:11,2.5,350,414750
20240115,15:19:13,2.4,1550,414750
20240115,15:20:09,2.45,100,414750
20240115,15:20:20,2.5,2200,414750
20240115,15:20:21,2.45,500,414750
20240115,15:20:24,2.5,1700,414750
20240115,15:20:25,2.5,400,414750
20240115,15:20:52,2.5,50,414750
20240115,15:21:09,2.5,50,414750
20240115,15:21:30,2.55,500,414750
20240115,15:21:40,2.55,600,413250
20240115,15:21:43,2.55,600,413250
20240115,15:22:09,2.55,550,413250
20240115,15:22:10,2.55,450,413250
20240115,15:22:18,2.55,600,413250
20240115,15:22:23,2.55,600,413250
20240115,15:22:39,2.6,50,413250
20240115,15:22:47,2.6,350,413250
20240115,15:22:50,2.6,50,413250
20240115,15:23:06,2.6,350,413250
20240115,15:23:07,2.6,50,413250
20240115,15:23:13,2.6,1500,413250
20240115,15:23:14,2.6,150,413250
20240115,15:23:16,2.65,50,413250
20240115,15:24:10,2.65,500,413250
20240115,15:24:10,2.6,200,413250
20240115,15:24:15,2.6,200,413250
20240115,15:24:20,2.6,300,413300
20240115,15:24:23,2.6,300,413300
20240115,15:24:29,2.6,600,413300
20240115,15:24:46,2.6,1800,413300
20240115,15:25:01,2.6,100,413300
20240115,15:25:06,2.6,100,413300
20240115,15:25:08,2.65,350,413300
20240115,15:25:09,2.6,100,413300
20240115,15:25:11,2.6,50,413300
20240115,15:25:21,2.6,500,413300
20240115,15:25:37,2.65,50,413300
20240115,15:25:59,2.65,750,413300
20240115,15:26:00,2.65,50,413300
20240115,15:26:51,2.65,800,413300
20240115,15:26:52,2.7,600,413300
20240115,15:27:17,2.7,400,413300
20240115,15:27:24,2.65,250,415100
20240115,15:27:29,2.65,50,415100
20240115,15:27:42,2.7,1800,415100
20240115,15:27:58,2.75,50,415100
20240115,15:27:59,2.75,300,415100
20240115,15:28:01,2.65,600,415100
20240115,15:28:04,2.65,50,415100
20240115,15:28:16,2.7,750,415100
20240115,15:28:25,2.65,50,415100
20240115,15:28:27,2.75,400,415100
20240115,15:28:28,2.75,50,415100
20240115,15:28:35,2.8,200,415100
20240115,15:28:40,2.8,100,415100
20240115,15:28:42,2.7,50,415100
20240115,15:28:44,2.7,50,415100
20240115,15:28:49,2.65,150,415100
20240115,15:28:51,2.65,50,415100
20240115,15:28:56,2.8,1200,415100
20240115,15:29:06,2.7,900,415100
20240115,15:29:07,2.7,300,415100
20240115,15:29:25,2.75,150,415100
20240115,15:29:28,2.65,100,415100
20240115,15:29:30,2.6,100,415100
20240115,15:29:36,2.0,1800,415100
20240115,15:29:47,2.7,150,415100
20240115,15:29:48,2.7,50,415100
20240115,15:29:54,2.7,550,415100
20240116,09:15:01,2.25,1,419750
20240116,09:15:01,2.25,250,419750
20240116,09:15:02,2.75,750,419750
20240116,09:15:03,1.7,100,419750
20240116,09:15:04,2.5,250,419750
20240116,09:15:05,2.4,50,419750
20240116,09:15:07,1.8,350,419750
20240116,09:15:08,1.8,200,419750
20240116,09:15:09,1.75,600,419750
20240116,09:15:16,1.95,1850,419750
20240116,09:15:21,1.9,50,419750
20240116,09:15:24,1.9,2200,419750
20240116,09:15:28,1.85,1000,419750
20240116,09:15:35,1.9,300,419750
20240116,09:15:38,1.9,3300,419750
20240116,09:15:40,1.9,50,419750
20240116,09:15:42,1.9,1000,419750
20240116,09:15:43,1.9,250,419750
20240116,09:15:45,1.9,250,419750
20240116,09:15:46,1.9,1100,419750
20240116,09:15:49,1.9,500,419750
20240116,09:15:50,1.9,600,419750
20240116,09:16:09,1.9,3800,419750
20240116,09:16:15,1.9,1800,419750
20240116,09:16:18,1.9,700,419750
20240116,09:16:20,1.9,700,419750
20240116,09:16:24,1.9,800,419750
20240116,09:16:25,1.9,50,419750
20240116,09:16:28,1.95,250,419750
20240116,09:16:31,1.95,1600,419750
20240116,09:16:46,1.95,300,419750
20240116,09:16:49,1.95,250,419750
20240116,09:16:50,1.95,250,419750
20240116,09:16:51,1.95,1000,419750
20240116,09:16:55,1.95,1000,419750
20240116,09:16:57,1.95,2500,419750
20240116,09:16:58,1.95,1600,419750
20240116,09:17:05,1.9,50,419750
20240116,09:17:07,1.95,100,419750
20240116,09:17:35,1.95,500,416000
20240116,09:17:41,1.95,1000,416000
20240116,09:17:49,1.95,1200,416000
20240116,09:17:55,1.95,250,416000
20240116,09:18:05,1.95,1850,416000
20240116,09:18:12,1.95,600,416000
20240116,09:18:16,1.95,600,416000
20240116,09:18:17,1.95,1200,416000
20240116,09:18:17,1.95,400,416000
20240116,09:18:21,1.95,150,416000
20240116,09:18:21,1.95,200,416000
20240116,09:18:25,1.95,500,416000
20240116,09:18:26,1.95,50,416000
20240116,09:18:32,1.95,50,416000
20240116,09:18:37,2.0,50,416000
20240116,09:18:38,1.95,100,416000
20240116,09:18:42,2.0,1200,416000
20240116,09:18:43,1.95,100,416000
20240116,09:18:45,1.95,1050,416000
20240116,09:18:53,2.0,250,416000
20240116,09:19:01,2.0,3300,416000
20240116,09:19:04,2.0,250,416000
20240116,09:19:06,2.05,500,416000
20240116,09:19:08,2.0,350,416000
20240116,09:19:12,2.05,1500,416000
20240116,09:19:22,2.05,50,416000
20240116,09:19:26,2.05,100,416000
20240116,09:19:34,2.05,1150,416000
20240116,09:19:38,2.05,700,416000
20240116,09:19:40,2.05,100,416000
20240116,09:20:00,2.1,750,416000
20240116,09:20:00,2.1,50,416000
20240116,09:20:09,2.1,100,416000
20240116,09:20:16,2.1,50,416000
20240116,09:20:20,2.1,50,416000
20240116,09:20:24,2.1,1050,416000
20240116,09:20:29,2.1,50,416000
20240116,09:20:41,2.15,200,417200
20240116,09:20:42,2.1,1000,417200
20240116,09:20:43,2.05,1000,417200
20240116,09:20:45,2.1,800,417200
20240116,09:20:46,2.05,100,417200
20240116,09:20:47,2.1,200,417200
20240116,09:20:48,2.05,100,417200
20240116,09:20:49,2.05,200,417200
20240116,09:20:50,2.05,100,417200
20240116,09:20:51,2.05,200,417200
20240116,09:20:52,2.05,100,417200
20240116,09:20:53,2.05,100,417200
20240116,09:20:54,2.05,100,417200
20240116,09:20:58,2.1,600,417200
20240116,09:21:11,2.15,50,417200
20240116,09:21:31,2.1,50,417200
20240116,09:21:36,2.1,700,417200
20240116,09:21:53,2.1,500,417200
20240116,09:21:57,2.1,200,417200
20240116,09:22:02,2.1,1200,417200
20240116,09:22:18,2.1,200,417200
20240116,09:22:24,2.1,50,417200
20240116,09:22:38,2.1,1400,417200
20240116,09:22:41,2.15,50,417200
20240116,09:23:34,2.05,100,417150
20240116,09:23:47,2.15,100,417150
20240116,09:23:49,2.05,500,417150
20240116,09:24:49,2.05,500,417150
20240116,09:24:51,2.05,500,417150
20240116,09:24:53,2.05,350,417150
20240116,09:25:10,2.1,550,417150
20240116,09:25:20,2.1,250,417150
20240116,09:25:24,2.1,100,417150
20240116,09:25:34,2.1,50,417150
20240116,09:25:35,2.1,1100,417150
20240116,09:25:46,2.15,1500,417150
20240116,09:25:52,2.05,300,417150
20240116,09:25:53,2.15,800,417150
20240116,09:26:48,2.05,400,416750
20240116,09:26:56,2.05,50,416750
20240116,09:27:15,2.05,1350,416750
20240116,09:27:44,2.05,1000,416750
20240116,09:27:59,2.05,950,416750
20240116,09:28:02,2.05,100,416750
20240116,09:28:06,2.0,1500,416750
20240116,09:28:09,2.0,100,416750
