date,time,tick_price,volume,open_interest
20231229,09:15:12,1.35,50,22300
20231229,09:15:13,1.3,100,22300
20231229,09:15:14,1.35,100,22300
20231229,09:15:16,1.3,250,22300
20231229,09:15:18,1.35,150,22300
20231229,09:15:24,1.35,850,22300
20231229,09:15:25,1.35,350,22300
20231229,09:15:26,1.4,600,22300
20231229,09:15:27,1.45,800,22300
20231229,09:15:29,1.45,300,22300
20231229,09:15:32,1.4,250,22300
20231229,09:15:33,1.45,50,22300
20231229,09:15:35,1.4,2450,22300
20231229,09:15:36,1.4,400,22300
20231229,09:15:39,1.4,50,22300
20231229,09:15:43,1.4,150,22300
20231229,09:15:45,1.4,1800,22300
20231229,09:15:48,1.4,50,22300
20231229,09:15:50,1.3,5150,22300
20231229,09:15:54,1.3,50,22300
20231229,09:15:55,1.3,300,22300
20231229,09:15:56,1.25,4550,22300
20231229,09:15:57,1.3,300,22300
20231229,09:15:58,1.3,50,22300
20231229,09:16:00,1.25,400,22300
20231229,09:16:02,1.25,1500,22300
20231229,09:16:04,1.2,50,22300
20231229,09:16:09,1.2,250,22300
20231229,09:16:12,1.2,1000,22300
20231229,09:16:13,1.25,1050,22300
20231229,09:16:15,1.25,50,22300
20231229,09:16:17,1.25,700,22300
20231229,09:16:18,1.2,1950,22300
20231229,09:16:19,1.25,1100,22300
20231229,09:16:20,1.25,50,22300
20231229,09:16:24,1.25,50,22300
20231229,09:16:25,1.25,200,22300
20231229,09:16:26,1.2,50,22300
20231229,09:16:31,1.25,2150,22300
20231229,09:16:34,1.25,5850,22300
20231229,09:16:35,1.25,11100,22300
20231229,09:16:37,1.3,250,22300
20231229,09:16:38,1.3,250,22300
20231229,09:16:41,1.3,50,22300
20231229,09:16:45,1.3,1600,22300
20231229,09:16:46,1.3,8700,22300
20231229,09:16:47,1.3,1900,22300
20231229,09:16:48,1.3,250,22300
20231229,09:16:49,1.3,200,22300
20231229,09:16:56,1.3,1250,22300
20231229,09:16:58,1.3,50,22300
20231229,09:16:59,1.3,500,22300
20231229,09:17:00,1.3,50,22300
20231229,09:17:05,1.3,50,22300
20231229,09:17:09,1.3,450,22300
20231229,09:17:10,1.3,1250,22300
20231229,09:17:11,1.3,2100,22300
20231229,09:17:13,1.35,100,22300
20231229,09:17:19,1.35,50,22300
20231229,09:17:20,1.35,450,22300
20231229,09:17:22,1.3,1900,22300
20231229,09:17:23,1.35,100,22300
20231229,09:17:24,1.35,1400,22300
20231229,09:17:27,1.35,2050,22300
20231229,09:17:28,1.35,100,22300
20231229,09:17:29,1.35,100,22300
20231229,09:17:30,1.35,50,22300
20231229,09:17:35,1.35,50,22300
20231229,09:17:36,1.35,2350,22300
20231229,09:17:39,1.3,250,22300
20231229,09:17:40,1.35,50,22300
20231229,09:17:43,1.35,200,22300
20231229,09:17:44,1.35,50,22300
20231229,09:17:45,1.3,1000,22300
20231229,09:17:46,1.35,50,22300
20231229,09:17:48,1.35,100,22300
20231229,09:17:51,1.3,1000,22300
20231229,09:17:52,1.35,50,22300
20231229,09:17:56,1.35,50,22300
20231229,09:17:57,1.3,350,22300
20231229,09:17:59,1.35,1000,22300
20231229,09:18:07,1.3,3100,22300
20231229,09:18:08,1.3,2000,22300
20231229,09:18:09,1.3,50,22300
20231229,09:18:12,1.3,50,22300
20231229,09:18:15,1.3,50,22300
20231229,09:18:18,1.3,50,22300
20231229,09:18:22,1.3,1600,22300
20231229,09:18:23,1.3,1800,22300
20231229,09:18:25,1.25,1800,22300
20231229,09:18:26,1.3,250,22300
20231229,09:18:28,1.25,4350,22300
20231229,09:18:30,1.25,50,22300
20231229,09:18:31,1.2,250,22300
20231229,09:18:32,1.25,350,22300
20231229,09:18:35,1.2,100,22300
20231229,09:18:38,1.2,1150,22300
20231229,09:18:40,1.25,50,22300
20231229,09:18:42,1.3,3500,22300
20231229,09:18:43,1.3,50,22300
20231229,09:18:45,1.3,100,22300
20231229,09:18:46,1.3,400,22300
20231229,09:18:47,1.3,100,22300
20231229,09:18:50,1.3,200,22300
20231229,09:18:52,1.3,50,22300
20231229,09:18:54,1.25,100,22300
20231229,09:18:58,1.3,200,22300
20231229,09:19:03,1.3,300,22300
20231229,09:19:05,1.3,100,22300
20231229,09:19:10,1.3,50,22300
20231229,09:19:10,1.25,1250,22300
20231229,09:19:11,1.25,4650,22300
20231229,09:19:12,1.25,400,22300
20231229,09:19:18,1.25,500,22300
20231229,09:19:20,1.25,200,22300
20231229,09:19:22,1.2,500,22300
20231229,09:19:24,1.2,7400,22300
20231229,09:19:25,1.2,50,22300
20231229,09:19:26,1.2,300,22300
20231229,09:19:27,1.2,2850,22300
20231229,09:19:29,1.2,200,22300
20231229,09:19:32,1.2,50,22300
20231229,09:19:34,1.15,22300,22300
20231229,09:19:36,1.15,200,22300
20231229,09:19:41,1.2,50,22300
20231229,09:19:42,1.2,50,22300
20231229,09:19:44,1.2,250,22300
20231229,09:19:46,1.2,50,22300
20231229,09:19:52,1.15,250,22300
20231229,09:19:55,1.15,3550,22300
20231229,09:19:56,1.15,300,22300
20231229,09:19:57,1.15,1400,22300
20231229,09:20:00,1.15,100,22300
20231229,09:20:02,1.15,1500,22300
20231229,09:20:04,1.1,200,22300
20231229,09:20:04,1.1,300,22300
20231229,09:20:06,1.1,50,22300
20231229,09:20:11,1.15,350,44700
20231229,09:20:16,1.15,50,44700
20231229,09:20:21,1.15,500,44700
20231229,09:20:22,1.1,100,44700
20231229,09:20:23,1.15,300,44700
20231229,09:20:27,1.15,50,44700
20231229,09:20:29,1.15,100,44700
20231229,09:20:32,1.15,400,44700
20231229,09:20:37,1.15,100,44700
20231229,09:20:38,1.15,50,44700
20231229,09:20:39,1.15,50,44700
20231229,09:20:45,1.15,50,44700
20231229,09:20:46,1.15,50,44700
20231229,09:20:47,1.15,50,44700
20231229,09:20:50,1.1,200,44700
20231229,09:20:54,1.15,100,44700
20231229,09:20:56,1.15,100,44700
20231229,09:20:59,1.15,50,44700
20231229,09:21:00,1.1,50,44700
20231229,09:21:06,1.15,50,44700
20231229,09:21:09,1.1,600,44700
20231229,09:21:11,1.15,50,44700
20231229,09:21:12,1.15,50,44700
20231229,09:21:13,1.15,100,44700
20231229,09:21:15,1.15,1700,44700
20231229,09:21:17,1.15,900,44700
20231229,09:21:18,1.15,50,44700
20231229,09:21:22,1.1,300,44700
20231229,09:21:28,1.15,100,44700
20231229,09:21:29,1.1,250,44700
20231229,09:21:30,1.15,50,44700
20231229,09:21:31,1.15,50,44700
20231229,09:21:32,1.15,1000,44700
20231229,09:21:38,1.1,900,44700
20231229,09:21:39,1.15,50,44700
20231229,09:21:40,1.1,500,44700
20231229,09:21:42,1.15,600,44700
20231229,09:21:48,1.15,50,44700
20231229,09:21:50,1.15,50,44700
20231229,09:21:55,1.15,900,44700
20231229,09:21:57,1.15,50,44700
20231229,09:22:06,1.1,250,44700
20231229,09:22:09,1.1,250,44700
20231229,09:22:12,1.1,250,44700
20231229,09:22:14,1.15,1050,44700
20231229,09:22:15,1.1,50,44700
20231229,09:22:24,1.1,400,44700
20231229,09:22:31,1.15,300,44700
20231229,09:22:38,1.15,50,44700
20231229,09:22:39,1.15,50,44700
20231229,09:22:44,1.15,50,44700
20231229,09:22:48,1.15,50,44700
20231229,09:22:49,1.15,50,44700
20231229,09:22:52,1.15,50,44700
20231229,09:22:53,1.15,200,44700
20231229,09:22:55,1.15,50,44700
20231229,09:23:03,1.15,200,44700
20231229,09:23:03,1.15,50,44700
20231229,09:23:06,1.15,50,44700
20231229,09:23:09,1.15,50,44700
20231229,09:23:11,1.15,350,51100
20231229,09:23:12,1.15,700,51100
20231229,09:23:14,1.1,350,51100
20231229,09:23:16,1.15,200,51100
20231229,09:23:18,1.15,100,51100
20231229,09:23:23,1.15,50,51100
20231229,09:23:30,1.15,900,51100
20231229,09:23:32,1.15,50,51100
20231229,09:23:34,1.15,350,51100
20231229,09:23:35,1.15,50,51100
20231229,09:23:41,1.15,50,51100
20231229,09:23:43,1.15,50,51100
20231229,09:23:45,1.15,50,51100
20231229,09:23:46,1.15,50,51100
20231229,09:23:47,1.15,550,51100
20231229,09:23:48,1.1,250,51100
20231229,09:23:50,1.1,650,51100
20231229,09:23:50,1.1,350,51100
20231229,09:23:52,1.1,250,51100
20231229,09:23:52,1.1,650,51100
20231229,09:23:54,1.1,700,51100
20231229,09:23:56,1.15,100,51100
20231229,09:23:58,1.1,3000,51100
20231229,09:23:59,1.15,50,51100
20231229,09:24:00,1.15,50,51100
20231229,09:24:02,1.1,250,51100
20231229,09:24:03,1.1,250,51100
20231229,09:24:04,1.15,50,51100
20231229,09:24:05,1.1,550,51100
20231229,09:24:06,1.1,300,51100
20231229,09:24:07,1.15,100,51100
20231229,09:24:07,1.15,50,51100
20231229,09:24:12,1.15,150,51100
20231229,09:24:13,1.15,50,51100
20231229,09:24:15,1.15,150,51100
20231229,09:24:16,1.1,100,51100
20231229,09:24:17,1.15,50,51100
20231229,09:24:19,1.1,1000,51100
20231229,09:24:20,1.15,300,51100
20231229,09:24:24,1.15,50,51100
20231229,09:24:25,1.1,250,51100
20231229,09:24:28,1.15,100,51100
20231229,09:24:32,1.15,50,51100
20231229,09:24:39,1.15,50,51100
20231229,09:24:41,1.15,150,51100
20231229,09:24:47,1.1,1000,51100
20231229,09:24:52,1.15,100,51100
20231229,09:24:54,1.15,150,51100
20231229,09:24:56,1.15,50,51100
20231229,09:24:57,1.15,100,51100
20231229,09:25:01,1.15,100,51100
20231229,09:25:04,1.15,100,51100
20231229,09:25:06,1.15,250,51100
20231229,09:25:08,1.15,50,51100
20231229,09:25:16,1.15,50,51100
20231229,09:25:23,1.15,750,51100
20231229,09:25:24,1.15,50,51100
20231229,09:25:30,1.1,3000,51100
20231229,09:25:31,1.1,1000,51100
20231229,09:25:33,1.1,250,51100
20231229,09:25:36,1.15,200,51100
20231229,09:25:37,1.15,50,51100
20231229,09:25:40,1.1,450,51100
20231229,09:25:41,1.15,100,51100
20231229,09:25:42,1.15,50,51100
20231229,09:25:45,1.15,50,51100
20231229,09:25:48,1.15,50,51100
20231229,09:25:50,1.15,1850,51100
20231229,09:25:55,1.15,50,51100
20231229,09:25:57,1.1,450,51100
20231229,09:25:59,1.1,850,51100
20231229,09:26:00,1.15,50,51100
20231229,09:26:03,1.15,50,51100
20231229,09:26:04,1.15,50,51100
20231229,09:26:06,1.15,1500,51100
20231229,09:26:07,1.1,700,61150
20231229,09:26:10,1.1,250,61150
20231229,09:26:11,1.1,450,61150
20231229,09:26:12,1.15,50,61150
20231229,09:26:13,1.15,50,61150
20231229,09:26:14,1.15,750,61150
20231229,09:26:15,1.15,100,61150
20231229,09:26:17,1.1,100,61150
20231229,09:26:20,1.15,500,61150
20231229,09:26:22,1.1,1000,61150
20231229,09:26:25,1.15,350,61150
20231229,09:26:29,1.15,1600,61150
20231229,09:26:30,1.1,50,61150
20231229,09:26:31,1.15,50,61150
20231229,09:26:32,1.15,450,61150
20231229,09:26:33,1.15,100,61150
20231229,09:26:34,1.15,50,61150
20231229,09:26:41,1.15,100,61150
20231229,09:26:42,1.15,50,61150
20231229,09:26:44,1.1,50,61150
20231229,09:26:45,1.15,100,61150
20231229,09:26:51,1.1,250,61150
20231229,09:26:53,1.1,600,61150
20231229,09:26:55,1.1,1000,61150
20231229,09:26:57,1.1,1050,61150
20231229,09:27:01,1.15,50,61150
20231229,09:27:02,1.15,100,61150
20231229,09:27:03,1.1,600,61150
20231229,09:27:07,1.15,100,61150
20231229,09:27:12,1.15,50,61150
20231229,09:27:13,1.1,3300,61150
20231229,09:27:16,1.15,50,61150
20231229,09:27:17,1.15,50,61150
20231229,09:27:20,1.1,300,61150
20231229,09:27:27,1.1,900,61150
20231229,09:27:29,1.1,700,61150
20231229,09:27:30,1.1,2000,61150
20231229,09:27:31,1.1,1100,61150
20231229,09:27:35,1.05,2550,61150
20231229,09:27:36,1.05,3500,61150
20231229,09:27:39,1.05,1500,61150
20231229,09:27:40,1.05,1000,61150
20231229,09:27:41,1.05,1500,61150
20231229,09:27:42,1.05,4100,61150
20231229,09:27:43,1.05,100,61150
20231229,09:27:46,1.05,850,61150
20231229,09:27:48,1.0,200,61150
20231229,09:27:49,1.0,50,61150
20231229,09:27:51,1.0,50,61150
20231229,09:27:53,1.05,50,61150
20231229,09:27:54,1.05,100,61150
20231229,09:28:02,1.0,50,61150
20231229,09:28:05,1.05,50,61150
20231229,09:28:10,1.0,400,61150
20231229,09:28:12,1.05,100,61150
20231229,09:28:18,1.05,6850,61150
20231229,09:28:19,1.0,800,61150
20231229,09:28:20,1.05,50,61150
20231229,09:28:21,1.05,50,61150
20231229,09:28:22,1.0,200,61150
20231229,09:28:24,1.05,250,61150
20231229,09:28:25,1.05,250,61150
20231229,09:28:28,1.05,1050,61150
20231229,09:28:29,1.05,50,61150
20231229,09:28:30,1.05,50,61150
20231229,09:28:31,1.05,250,61150
20231229,09:28:33,1.05,50,61150
20231229,09:28:34,1.05,300,61150
20231229,09:28:35,1.05,50,61150
20231229,09:28:37,1.05,50,61150
20231229,09:28:38,1.05,250,61150
20231229,09:28:40,1.05,250,61150
20231229,09:28:40,1.05,300,61150
20231229,09:28:44,1.05,50,61150
20231229,09:28:44,1.0,400,61150
20231229,09:28:46,1.0,50,61150
20231229,09:28:53,1.05,50,61150
20231229,09:28:55,1.0,2000,61150
20231229,09:28:56,1.0,1500,61150
20231229,09:29:01,1.05,50,61150
20231229,09:29:02,1.05,50,61150
20231229,09:29:08,1.05,100,83300
20231229,09:29:13,1.05,50,83300
20231229,09:29:14,1.05,1250,83300
20231229,09:29:15,1.05,50,83300
20231229,09:29:16,1.0,50,83300
20231229,09:29:25,1.05,50,83300
20231229,09:29:26,1.05,150,83300
20231229,09:29:28,1.05,300,83300
20231229,09:29:29,1.05,50,83300
20231229,09:29:30,1.05,200,83300
20231229,09:29:31,1.0,200,83300
20231229,09:29:34,1.05,500,83300
20231229,09:29:38,1.05,200,83300
20231229,09:29:43,1.05,350,83300
20231229,09:29:45,1.0,100,83300
20231229,09:29:48,1.05,50,83300
20231229,09:29:50,1.05,50,83300
20231229,09:29:51,1.05,50,83300
20231229,09:29:52,1.05,50,83300
20231229,09:29:53,1.05,100,83300
20231229,09:29:55,1.0,50,83300
20231229,09:29:57,1.05,450,83300
20231229,09:29:58,1.1,7500,83300
20231229,09:30:00,1.1,50,83300
20231229,09:30:09,1.1,100,83300
20231229,09:30:11,1.1,100,83300
20231229,09:30:13,1.1,50,83300
20231229,09:30:14,1.1,100,83300
20231229,09:30:17,1.1,100,83300
20231229,09:30:19,1.05,50,83300
20231229,09:30:20,1.05,2500,83300
20231229,09:30:25,1.05,1500,83300
20231229,09:30:26,1.05,1350,83300
20231229,09:30:28,1.05,500,83300
20231229,09:30:29,1.05,50,83300
20231229,09:30:32,1.05,100,83300
20231229,09:30:35,1.05,300,83300
20231229,09:30:36,1.05,50,83300
20231229,09:30:39,1.05,100,83300
20231229,09:30:48,1.05,50,83300
20231229,09:30:50,1.05,50,83300
20231229,09:30:52,1.05,7150,83300
20231229,09:30:53,1.05,3100,83300
20231229,09:30:54,1.1,250,83300
20231229,09:30:55,1.05,1950,83300
20231229,09:31:02,1.1,50,83300
20231229,09:31:02,1.1,150,83300
20231229,09:31:05,1.1,300,83300
20231229,09:31:07,1.05,1800,83300
20231229,09:31:11,1.1,3000,83300
20231229,09:31:13,1.1,50,83300
20231229,09:31:15,1.1,250,83300
20231229,09:31:16,1.1,50,83300
20231229,09:31:25,1.05,50,83300
20231229,09:31:26,1.1,150,83300
20231229,09:31:27,1.1,350,83300
20231229,09:31:30,1.1,150,83300
20231229,09:31:33,1.1,100,83300
20231229,09:31:34,1.1,150,83300
20231229,09:31:36,1.1,400,83300
20231229,09:31:42,1.05,50,83300
20231229,09:31:43,1.1,300,83300
20231229,09:31:44,1.1,50,83300
20231229,09:31:50,1.05,250,83300
20231229,09:31:52,1.1,50,83300
20231229,09:31:57,1.1,50,83300
20231229,09:32:01,1.1,150,83300
20231229,09:32:04,1.1,100,83300
20231229,09:32:09,1.05,100,90600
20231229,09:32:11,1.05,500,90600
20231229,09:32:13,1.1,50,90600
20231229,09:32:19,1.05,600,90600
20231229,09:32:20,1.1,50,90600
20231229,09:32:24,1.1,150,90600
20231229,09:32:25,1.1,50,90600
20231229,09:32:30,1.1,200,90600
20231229,09:32:30,1.1,50,90600
20231229,09:32:36,1.1,50,90600
20231229,09:32:41,1.1,50,90600
20231229,09:32:41,1.1,200,90600
20231229,09:32:46,1.1,1800,90600
20231229,09:32:46,1.1,50,90600
20231229,09:32:47,1.1,1800,90600
20231229,09:32:48,1.1,1800,90600
20231229,09:32:49,1.1,6900,90600
20231229,09:32:50,1.1,2500,90600
20231229,09:32:51,1.1,3000,90600
20231229,09:32:52,1.1,2500,90600
20231229,09:32:53,1.1,4150,90600
20231229,09:32:55,1.1,250,90600
20231229,09:32:58,1.1,50,90600
20231229,09:33:00,1.1,50,90600
20231229,09:33:03,1.1,50,90600
20231229,09:33:04,1.1,100,90600
20231229,09:33:13,1.1,200,90600
20231229,09:33:14,1.1,100,90600
20231229,09:33:27,1.1,200,90600
20231229,09:33:28,1.1,50,90600
20231229,09:33:31,1.1,150,90600
20231229,09:33:43,1.1,500,90600
20231229,09:33:45,1.1,100,90600
20231229,09:33:46,1.05,450,90600
20231229,09:33:48,1.05,150,90600
20231229,09:33:52,1.1,50,90600
20231229,09:33:54,1.1,50,90600
20231229,09:33:57,1.1,50,90600
20231229,09:33:58,1.1,50,90600
20231229,09:33:59,1.05,950,90600
20231229,09:34:02,1.1,50,90600
20231229,09:34:05,1.05,50,90600
20231229,09:34:06,1.1,100,90600
20231229,09:34:09,1.05,100,90600
20231229,09:34:12,1.05,650,90600
20231229,09:34:13,1.1,250,90600
20231229,09:34:14,1.1,50,90600
20231229,09:34:15,1.1,50,90600
20231229,09:34:17,1.1,50,90600
20231229,09:34:18,1.1,100,90600
20231229,09:34:18,1.05,1600,90600
20231229,09:34:22,1.1,50,90600
20231229,09:34:23,1.1,50,90600
20231229,09:34:23,1.1,150,90600
20231229,09:34:24,1.1,50,90600
20231229,09:34:28,1.1,50,90600
20231229,09:34:29,1.1,50,90600
20231229,09:34:30,1.1,50,90600
20231229,09:34:32,1.05,100,90600
20231229,09:34:33,1.1,100,90600
20231229,09:34:35,1.05,100,90600
20231229,09:34:36,1.1,100,90600
20231229,09:34:42,1.1,50,90600
20231229,09:34:45,1.05,100,90600
20231229,09:34:52,1.1,50,90600
20231229,09:34:56,1.1,50,90600
20231229,09:34:57,1.1,100,90600
20231229,09:34:58,1.1,100,90600
20231229,09:35:02,1.1,200,90600
20231229,09:35:02,1.1,100,90600
20231229,09:35:03,1.1,450,90600
20231229,09:35:05,1.1,200,90600
20231229,09:35:06,1.1,300,90600
20231229,09:35:07,1.1,400,90600
20231229,09:35:08,1.1,50,90600
20231229,09:35:10,1.1,300,102200
20231229,09:35:13,1.1,50,102200
20231229,09:35:14,1.1,50,102200
20231229,09:35:16,1.1,50,102200
20231229,09:35:17,1.05,50,102200
20231229,09:35:21,1.05,200,102200
20231229,09:35:24,1.05,450,102200
20231229,09:35:31,1.1,100,102200
20231229,09:35:33,1.05,50,102200
20231229,09:35:34,1.1,400,102200
20231229,09:35:35,1.1,50,102200
20231229,09:35:36,1.1,50,102200
20231229,09:35:40,1.05,50,102200
20231229,09:35:43,1.1,300,102200
20231229,09:35:46,1.05,50,102200
20231229,09:35:47,1.1,50,102200
20231229,09:35:48,1.1,50,102200
20231229,09:35:49,1.05,100,102200
20231229,09:35:50,1.05,100,102200
20231229,09:35:52,1.1,50,102200
20231229,09:35:53,1.1,200,102200
20231229,09:35:54,1.1,700,102200
20231229,09:35:56,1.1,50,102200
20231229,09:36:01,1.1,50,102200
20231229,09:36:02,1.1,1500,102200
20231229,09:36:10,1.1,500,102200
20231229,09:36:19,1.1,1750,102200
20231229,09:36:20,1.1,500,102200
20231229,09:36:22,1.05,50,102200
20231229,09:36:23,1.1,1800,102200
20231229,09:36:28,1.1,150,102200
20231229,09:36:29,1.1,250,102200
20231229,09:36:30,1.05,200,102200
20231229,09:36:32,1.1,100,102200
20231229,09:36:33,1.1,50,102200
20231229,09:36:34,1.05,3000,102200
20231229,09:36:35,1.1,100,102200
20231229,09:36:36,1.1,150,102200
20231229,09:36:39,1.05,100,102200
20231229,09:36:40,1.1,300,102200
20231229,09:36:41,1.1,100,102200
20231229,09:36:44,1.1,600,102200
20231229,09:36:45,1.05,50,102200
20231229,09:36:50,1.1,400,102200
20231229,09:36:51,1.1,100,102200
20231229,09:36:55,1.1,50,102200
20231229,09:36:59,1.1,150,102200
20231229,09:37:00,1.1,100,102200
20231229,09:37:03,1.05,1800,102200
20231229,09:37:04,1.1,50,102200
20231229,09:37:07,1.1,50,102200
20231229,09:37:08,1.1,100,102200
20231229,09:37:11,1.05,100,102200
20231229,09:37:15,1.1,50,102200
20231229,09:37:17,1.1,50,102200
20231229,09:37:18,1.1,150,102200
20231229,09:37:20,1.1,50,102200
20231229,09:37:23,1.1,300,102200
20231229,09:37:24,1.1,1000,102200
20231229,09:37:25,1.1,50,102200
20231229,09:37:42,1.05,50,102200
20231229,09:37:44,1.1,100,102200
20231229,09:37:51,1.1,50,102200
20231229,09:37:53,1.1,50,102200
20231229,09:37:56,1.05,300,102200
20231229,09:37:57,1.1,750,102200
20231229,09:38:01,1.1,50,102200
20231229,09:38:09,1.1,50,105300
20231229,09:38:11,1.05,50,105300
20231229,09:38:15,1.1,50,105300
20231229,09:38:17,1.1,50,105300
20231229,09:38:20,1.1,50,105300
20231229,09:38:21,1.1,200,105300
20231229,09:38:23,1.1,50,105300
20231229,09:38:27,1.1,50,105300
20231229,09:38:33,1.05,1350,105300
20231229,09:38:37,1.05,50,105300
20231229,09:38:38,1.1,50,105300
20231229,09:38:39,1.1,2450,105300
20231229,09:38:57,1.1,50,105300
20231229,09:38:58,1.1,50,105300
20231229,09:39:00,1.1,100,105300
20231229,09:39:17,1.1,50,105300
20231229,09:39:21,1.1,50,105300
20231229,09:39:33,1.1,300,105300
20231229,09:39:34,1.1,150,105300
20231229,09:39:43,1.1,50,105300
20231229,09:39:44,1.1,300,105300
20231229,09:39:46,1.1,50,105300
20231229,09:39:47,1.1,250,105300
20231229,09:39:53,1.05,50,105300
20231229,09:39:54,1.1,100,105300
20231229,09:40:01,1.1,50,105300
20231229,09:40:08,1.1,50,105300
20231229,09:40:11,1.1,300,105300
20231229,09:40:19,1.1,50,105300
20231229,09:40:20,1.1,1500,105300
20231229,09:40:22,1.1,250,105300
20231229,09:40:25,1.1,50,105300
20231229,09:40:30,1.05,50,105300
20231229,09:40:31,1.1,200,105300
20231229,09:40:34,1.1,50,105300
20231229,09:40:35,1.1,300,105300
20231229,09:40:36,1.05,50,105300
20231229,09:40:38,1.1,50,105300
20231229,09:40:39,1.1,200,105300
20231229,09:40:42,1.1,1700,105300
20231229,09:40:43,1.05,50,105300
20231229,09:40:47,1.1,50,105300
20231229,09:40:52,1.1,50,105300
20231229,09:40:54,1.1,500,105300
20231229,09:40:59,1.1,50,105300
20231229,09:41:11,1.1,150,109200
20231229,09:41:13,1.1,300,109200
20231229,09:41:14,1.1,50,109200
20231229,09:41:22,1.1,100,109200
20231229,09:41:34,1.1,50,109200
20231229,09:41:37,1.1,50,109200
20231229,09:41:44,1.05,50,109200
20231229,09:41:47,1.1,50,109200
20231229,09:41:50,1.05,50,109200
20231229,09:41:56,1.1,450,109200
20231229,09:41:59,1.05,250,109200
20231229,09:42:01,1.05,250,109200
20231229,09:42:02,1.05,500,109200
20231229,09:42:04,1.1,100,109200
20231229,09:42:11,1.05,250,109200
20231229,09:42:14,1.1,5000,109200
20231229,09:42:15,1.1,150,109200
20231229,09:42:15,1.1,50,109200
20231229,09:42:21,1.1,150,109200
20231229,09:42:25,1.1,100,109200
20231229,09:42:40,1.1,200,109200
20231229,09:42:42,1.05,300,109200
20231229,09:42:48,1.05,1250,109200
20231229,09:42:54,1.05,50,109200
20231229,09:42:56,1.1,2300,109200
20231229,09:43:01,1.05,50,109200
20231229,09:43:03,1.1,50,109200
20231229,09:43:04,1.05,50,109200
20231229,09:43:05,1.1,250,109200
20231229,09:43:06,1.05,50,109200
20231229,09:43:12,1.1,50,109200
20231229,09:43:13,1.1,250,109200
20231229,09:43:18,1.1,7550,109200
20231229,09:43:18,1.1,300,109200
20231229,09:43:19,1.1,50,109200
20231229,09:43:21,1.1,900,109200
20231229,09:43:23,1.1,250,109200
20231229,09:43:25,1.1,500,109200
20231229,09:43:29,1.1,1000,109200
20231229,09:43:29,1.1,500,109200
20231229,09:43:36,1.1,450,109200
20231229,09:43:43,1.1,4850,109200
20231229,09:43:54,1.15,50,109200
20231229,09:44:02,1.1,300,109200
20231229,09:44:07,1.1,1000,109200
20231229,09:44:08,1.1,50,109200
20231229,09:44:23,1.15,50,111650
20231229,09:44:32,1.1,5800,111650
20231229,09:44:47,1.05,50,111650
20231229,09:44:54,1.1,3600,111650
20231229,09:44:58,1.1,50,111650
20231229,09:45:01,1.1,350,111650
20231229,09:45:02,1.1,50,111650
20231229,09:45:03,1.1,500,111650
20231229,09:45:05,1.1,1800,111650
20231229,09:45:16,1.05,50,111650
20231229,09:45:18,1.1,2400,111650
20231229,09:45:19,1.1,500,111650
20231229,09:45:20,1.15,450,111650
20231229,09:45:21,1.1,500,111650
20231229,09:45:22,1.1,250,111650
20231229,09:45:23,1.1,1800,111650
20231229,09:45:32,1.15,50,111650
20231229,09:45:35,1.1,50,111650
20231229,09:45:36,1.15,50,111650
20231229,09:45:37,1.1,50,111650
20231229,09:45:43,1.1,50,111650
20231229,09:45:46,1.15,100,111650
20231229,09:45:50,1.1,50,111650
20231229,09:45:53,1.15,50,111650
20231229,09:45:55,1.15,100,111650
20231229,09:45:56,1.1,50,111650
20231229,09:46:07,1.15,250,111650
20231229,09:46:11,1.15,50,111650
20231229,09:46:12,1.1,150,111650
20231229,09:46:14,1.15,50,111650
20231229,09:46:23,1.15,50,111650
20231229,09:46:25,1.15,50,111650
20231229,09:46:26,1.1,50,111650
20231229,09:46:27,1.15,50,111650
20231229,09:46:28,1.15,50,111650
20231229,09:46:34,1.15,50,111650
20231229,09:46:37,1.15,50,111650
20231229,09:46:39,1.15,50,111650
20231229,09:47:02,1.1,50,111650
20231229,09:47:10,1.15,50,116100
20231229,09:47:17,1.15,350,116100
20231229,09:47:20,1.15,50,116100
20231229,09:47:27,1.15,50,116100
20231229,09:47:28,1.15,50,116100
20231229,09:47:29,1.15,50,116100
20231229,09:47:30,1.15,50,116100
20231229,09:47:31,1.15,50,116100
20231229,09:47:32,1.15,50,116100
20231229,09:47:33,1.15,50,116100
20231229,09:47:34,1.15,50,116100
20231229,09:47:35,1.15,50,116100
20231229,09:47:36,1.15,50,116100
20231229,09:47:37,1.15,50,116100
20231229,09:47:38,1.15,50,116100
20231229,09:47:39,1.15,50,116100
20231229,09:47:40,1.15,50,116100
20231229,09:47:41,1.15,50,116100
20231229,09:47:42,1.15,100,116100
20231229,09:47:43,1.15,50,116100
20231229,09:47:44,1.15,50,116100
20231229,09:47:45,1.15,50,116100
20231229,09:47:46,1.15,100,116100
20231229,09:47:47,1.15,100,116100
20231229,09:47:48,1.15,100,116100
20231229,09:47:49,1.15,50,116100
20231229,09:47:50,1.15,50,116100
20231229,09:47:51,1.15,50,116100
20231229,09:47:52,1.15,50,116100
20231229,09:47:53,1.15,100,116100
20231229,09:47:54,1.15,50,116100
20231229,09:47:55,1.15,50,116100
20231229,09:47:56,1.15,50,116100
20231229,09:47:57,1.15,250,116100
20231229,09:47:58,1.15,50,116100
20231229,09:47:59,1.15,100,116100
20231229,09:48:00,1.15,50,116100
20231229,09:48:01,1.15,100,116100
20231229,09:48:02,1.15,50,116100
20231229,09:48:03,1.15,1650,116100
20231229,09:48:04,1.15,100,116100
20231229,09:48:05,1.15,50,116100
20231229,09:48:06,1.15,50,116100
20231229,09:48:07,1.15,100,116100
20231229,09:48:08,1.15,100,116100
20231229,09:48:09,1.15,100,116100
20231229,09:48:10,1.15,150,116100
20231229,09:48:14,1.1,50,116100
20231229,09:48:16,1.15,50,116100
20231229,09:48:17,1.15,50,116100
20231229,09:48:19,1.15,50,116100
20231229,09:48:20,1.15,100,116100
20231229,09:48:21,1.15,50,116100
20231229,09:48:22,1.15,100,116100
20231229,09:48:23,1.15,150,116100
20231229,09:48:24,1.15,150,116100
20231229,09:48:25,1.15,600,116100
20231229,09:48:26,1.15,150,116100
20231229,09:48:27,1.15,200,116100
20231229,09:48:28,1.15,200,116100
20231229,09:48:29,1.15,50,116100
20231229,09:48:30,1.15,50,116100
20231229,09:48:31,1.15,100,116100
20231229,09:48:32,1.15,50,116100
20231229,09:48:33,1.15,50,116100
20231229,09:48:34,1.15,50,116100
20231229,09:48:35,1.15,50,116100
20231229,09:48:36,1.1,250,116100
20231229,09:48:37,1.15,50,116100
20231229,09:48:38,1.15,50,116100
20231229,09:48:39,1.15,200,116100
20231229,09:48:40,1.15,200,116100
20231229,09:48:41,1.15,200,116100
20231229,09:48:42,1.15,250,116100
20231229,09:48:43,1.15,50,116100
20231229,09:48:44,1.15,50,116100
20231229,09:48:45,1.15,100,116100
20231229,09:48:46,1.15,50,116100
20231229,09:48:47,1.15,50,116100
20231229,09:48:48,1.15,100,116100
20231229,09:48:49,1.15,50,116100
20231229,09:48:50,1.15,50,116100
20231229,09:48:51,1.15,50,116100
20231229,09:48:52,1.15,50,116100
20231229,09:48:53,1.15,50,116100
20231229,09:48:54,1.15,50,116100
20231229,09:48:55,1.15,50,116100
20231229,09:48:56,1.15,50,116100
20231229,09:48:57,1.15,50,116100
20231229,09:48:58,1.15,50,116100
20231229,09:48:59,1.15,50,116100
20231229,09:49:00,1.15,200,116100
20231229,09:49:01,1.15,200,116100
20231229,09:49:02,1.15,200,116100
20231229,09:49:05,1.15,50,116100
20231229,09:49:08,1.15,100,116100
20231229,09:49:09,1.15,50,116100
20231229,09:49:10,1.15,50,116100
20231229,09:49:11,1.1,1050,116100
20231229,09:49:12,1.1,3000,116100
20231229,09:49:13,1.1,3000,116100
20231229,09:49:14,1.1,3050,116100
20231229,09:49:15,1.1,2000,116100
20231229,09:49:16,1.1,1150,116100
20231229,09:49:20,1.1,50,116100
20231229,09:49:23,1.15,50,116100
20231229,09:49:24,1.15,50,116100
20231229,09:49:25,1.15,50,116100
20231229,09:49:26,1.15,50,116100
20231229,09:49:27,1.15,50,116100
20231229,09:49:28,1.15,50,116100
20231229,09:49:29,1.15,50,116100
20231229,09:49:30,1.15,50,116100
20231229,09:49:31,1.15,50,116100
20231229,09:49:32,1.15,50,116100
20231229,09:49:33,1.15,50,116100
20231229,09:49:34,1.15,50,116100
20231229,09:49:35,1.15,50,116100
20231229,09:49:36,1.15,50,116100
20231229,09:49:37,1.15,50,116100
20231229,09:49:38,1.15,50,116100
20231229,09:49:39,1.15,100,116100
20231229,09:49:40,1.15,100,116100
20231229,09:49:41,1.15,50,116100
20231229,09:49:42,1.15,50,116100
20231229,09:49:43,1.15,50,116100
20231229,09:49:44,1.15,50,116100
20231229,09:49:45,1.15,50,116100
20231229,09:49:46,1.15,50,116100
20231229,09:49:47,1.15,50,116100
20231229,09:49:48,1.15,50,116100
20231229,09:49:49,1.15,50,116100
20231229,09:49:50,1.15,50,116100
20231229,09:49:51,1.15,50,116100
20231229,09:49:52,1.15,50,116100
20231229,09:49:53,1.15,150,116100
20231229,09:49:54,1.15,150,116100
20231229,09:49:55,1.15,50,116100
20231229,09:49:56,1.15,50,116100
20231229,09:49:57,1.15,100,116100
20231229,09:50:01,1.15,50,116100
20231229,09:50:02,1.15,1050,116100
20231229,09:50:03,1.15,50,116100
20231229,09:50:04,1.15,50,116100
20231229,09:50:05,1.15,950,116100
20231229,09:50:06,1.15,50,116100
20231229,09:50:08,1.15,50,116100
20231229,09:50:11,1.15,50,131800
20231229,09:50:25,1.1,50,131800
20231229,09:50:27,1.1,500,131800
20231229,09:50:28,1.1,500,131800
20231229,09:50:34,1.15,100,131800
20231229,09:50:37,1.15,50,131800
20231229,09:50:45,1.15,50,131800
20231229,09:50:49,1.1,1000,131800
20231229,09:50:55,1.15,2200,131800
20231229,09:50:59,1.15,50,131800
20231229,09:51:00,1.15,250,131800
20231229,09:51:01,1.15,50,131800
20231229,09:51:02,1.1,600,131800
20231229,09:51:03,1.15,50,131800
20231229,09:51:04,1.15,50,131800
20231229,09:51:05,1.15,100,131800
20231229,09:51:06,1.1,3600,131800
20231229,09:51:17,1.15,50,131800
20231229,09:51:18,1.1,200,131800
20231229,09:51:19,1.15,50,131800
20231229,09:51:20,1.15,650,131800
20231229,09:51:21,1.15,1750,131800
20231229,09:51:22,1.15,550,131800
20231229,09:51:24,1.15,1000,131800
20231229,09:51:27,1.15,650,131800
20231229,09:51:28,1.15,700,131800
20231229,09:51:29,1.15,550,131800
20231229,09:51:31,1.15,50,131800
20231229,09:51:34,1.15,50,131800
20231229,09:51:47,1.1,600,131800
20231229,09:51:48,1.1,1000,131800
20231229,09:51:50,1.15,450,131800
20231229,09:51:53,1.15,50,131800
20231229,09:51:54,1.15,50,131800
20231229,09:51:55,1.15,50,131800
20231229,09:51:56,1.15,50,131800
20231229,09:51:57,1.15,50,131800
20231229,09:51:58,1.15,100,131800
20231229,09:51:59,1.15,200,131800
20231229,09:52:00,1.15,200,131800
20231229,09:52:01,1.15,300,131800
20231229,09:52:02,1.15,200,131800
20231229,09:52:03,1.15,200,131800
20231229,09:52:06,1.15,50,131800
20231229,09:52:07,1.15,50,131800
20231229,09:52:08,1.15,50,131800
20231229,09:52:09,1.15,50,131800
20231229,09:52:10,1.15,50,131800
20231229,09:52:11,1.15,50,131800
20231229,09:52:12,1.15,50,131800
20231229,09:52:13,1.15,50,131800
20231229,09:52:14,1.15,50,131800
20231229,09:52:15,1.15,50,131800
20231229,09:52:16,1.15,50,131800
20231229,09:52:17,1.15,100,131800
20231229,09:52:18,1.15,50,131800
20231229,09:52:19,1.15,50,131800
20231229,09:52:20,1.15,50,131800
20231229,09:52:21,1.15,50,131800
20231229,09:52:22,1.15,50,131800
20231229,09:52:23,1.15,50,131800
20231229,09:52:24,1.15,50,131800
20231229,09:52:25,1.1,1500,131800
20231229,09:52:26,1.1,3050,131800
20231229,09:52:27,1.1,3550,131800
20231229,09:52:28,1.1,1550,131800
20231229,09:52:29,1.1,5550,131800
20231229,09:52:30,1.1,4550,131800
20231229,09:52:31,1.1,2000,131800
20231229,09:52:32,1.1,9400,131800
20231229,09:52:33,1.1,7500,131800
20231229,09:52:34,1.1,1500,131800
20231229,09:52:35,1.1,50,131800
20231229,09:52:36,1.1,50,131800
20231229,09:52:37,1.1,400,131800
20231229,09:52:39,1.1,7450,131800
20231229,09:52:40,1.1,3050,131800
20231229,09:52:41,1.1,3050,131800
20231229,09:52:42,1.1,2550,131800
20231229,09:52:43,1.1,4050,131800
20231229,09:52:44,1.1,1550,131800
20231229,09:52:45,1.1,3800,131800
20231229,09:52:46,1.1,5950,131800
20231229,09:52:47,1.1,5000,131800
20231229,09:52:48,1.1,2500,131800
20231229,09:52:49,1.1,3650,131800
20231229,09:52:51,1.1,300,131800
20231229,09:52:52,1.1,250,131800
20231229,09:52:54,1.05,50,131800
20231229,09:52:55,1.1,100,131800
20231229,09:52:56,1.1,100,131800
20231229,09:52:57,1.1,50,131800
20231229,09:52:58,1.1,50,131800
20231229,09:52:59,1.1,50,131800
20231229,09:53:00,1.1,50,131800
20231229,09:53:01,1.1,750,131800
20231229,09:53:02,1.1,50,131800
20231229,09:53:03,1.1,300,131800
20231229,09:53:04,1.1,13300,131800
20231229,09:53:05,1.1,4000,131800
20231229,09:53:06,1.1,3000,131800
20231229,09:53:07,1.1,3000,131800
20231229,09:53:08,1.1,3000,131800
20231229,09:53:09,1.1,3050,131800
20231229,09:53:10,1.1,3000,175500
20231229,09:53:11,1.1,2500,175500
20231229,09:53:12,1.1,2500,175500
20231229,09:53:23,1.15,50,175500
20231229,09:53:24,1.1,50,175500
20231229,09:53:28,1.15,350,175500
20231229,09:53:29,1.15,50,175500
20231229,09:53:31,1.1,100,175500
20231229,09:53:34,1.15,50,175500
20231229,09:53:35,1.15,50,175500
20231229,09:53:36,1.1,100,175500
20231229,09:53:41,1.15,50,175500
20231229,09:53:42,1.1,50,175500
20231229,09:53:53,1.1,2100,175500
20231229,09:54:03,1.1,50,175500
20231229,09:54:06,1.15,50,175500
20231229,09:54:11,1.15,100,175500
20231229,09:54:13,1.15,50,175500
20231229,09:54:15,1.1,5000,175500
20231229,09:54:18,1.15,50,175500
20231229,09:54:19,1.15,50,175500
20231229,09:54:24,1.1,350,175500
20231229,09:54:25,1.1,100,175500
20231229,09:54:29,1.15,100,175500
20231229,09:54:32,1.1,1400,175500
20231229,09:54:41,1.15,50,175500
20231229,09:54:42,1.15,50,175500
20231229,09:54:42,1.1,50,175500
20231229,09:54:43,1.15,50,175500
20231229,09:54:44,1.15,50,175500
20231229,09:54:45,1.15,250,175500
20231229,09:54:46,1.15,200,175500
20231229,09:54:47,1.15,200,175500
20231229,09:54:48,1.1,300,175500
20231229,09:54:49,1.15,150,175500
20231229,09:54:50,1.15,50,175500
20231229,09:54:51,1.15,50,175500
20231229,09:54:52,1.15,50,175500
20231229,09:54:53,1.15,50,175500
20231229,09:54:54,1.15,50,175500
20231229,09:54:55,1.15,50,175500
20231229,09:54:56,1.15,50,175500
20231229,09:54:57,1.15,50,175500
20231229,09:54:58,1.1,200,175500
20231229,09:54:59,1.15,200,175500
20231229,09:55:00,1.15,200,175500
20231229,09:55:01,1.15,200,175500
20231229,09:55:03,1.15,150,175500
20231229,09:55:04,1.15,50,175500
20231229,09:55:05,1.15,100,175500
20231229,09:55:07,1.15,400,175500
20231229,09:55:08,1.15,250,175500
20231229,09:55:09,1.15,250,175500
20231229,09:55:10,1.15,50,175500
20231229,09:55:11,1.15,50,175500
20231229,09:55:12,1.15,100,175500
20231229,09:55:14,1.15,100,175500
20231229,09:55:15,1.15,50,175500
20231229,09:55:16,1.15,150,175500
20231229,09:55:17,1.15,50,175500
20231229,09:55:18,1.15,150,175500
20231229,09:55:19,1.15,50,175500
20231229,09:55:20,1.15,50,175500
20231229,09:55:21,1.15,100,175500
20231229,09:55:24,1.15,50,175500
20231229,09:55:26,1.15,50,175500
20231229,09:55:27,1.15,50,175500
20231229,09:55:29,1.15,50,175500
20231229,09:55:32,1.15,100,175500
20231229,09:55:34,1.15,250,175500
20231229,09:55:36,1.15,50,175500
20231229,09:55:38,1.15,450,175500
20231229,09:55:41,1.15,750,175500
20231229,09:55:42,1.15,100,175500
20231229,09:55:43,1.15,950,175500
20231229,09:55:44,1.15,50,175500
20231229,09:55:45,1.15,100,175500
20231229,09:55:46,1.15,550,175500
20231229,09:55:50,1.15,350,175500
20231229,09:55:53,1.15,550,175500
20231229,09:55:57,1.15,100,175500
20231229,09:55:58,1.15,950,175500
20231229,09:56:03,1.15,500,175500
20231229,09:56:05,1.1,1700,175500
20231229,09:56:23,1.15,50,175500
20231229,09:56:26,1.15,50,184000
20231229,09:56:27,1.15,50,184000
20231229,09:56:31,1.15,50,184000
20231229,09:56:36,1.15,50,184000
20231229,09:56:37,1.15,100,184000
20231229,09:56:44,1.1,3300,184000
20231229,09:56:46,1.1,10650,184000
20231229,09:56:47,1.1,200,184000
20231229,09:56:49,1.1,50,184000
20231229,09:56:50,1.1,50,184000
20231229,09:56:50,1.1,3500,184000
20231229,09:56:52,1.05,650,184000
20231229,09:56:53,1.1,500,184000
20231229,09:56:54,1.1,50,184000
20231229,09:56:55,1.1,50,184000
20231229,09:56:56,1.05,550,184000
20231229,09:56:57,1.1,100,184000
20231229,09:56:59,1.1,100,184000
20231229,09:57:01,1.05,450,184000
20231229,09:57:02,1.1,100,184000
20231229,09:57:03,1.05,550,184000
20231229,09:57:04,1.1,50,184000
20231229,09:57:05,1.05,100,184000
20231229,09:57:06,1.1,550,184000
20231229,09:57:08,1.1,50,184000
20231229,09:57:09,1.1,600,184000
20231229,09:57:10,1.1,50,184000
20231229,09:57:12,1.1,100,184000
20231229,09:57:13,1.05,600,184000
20231229,09:57:16,1.05,600,184000
20231229,09:57:17,1.1,50,184000
20231229,09:57:20,1.05,600,184000
20231229,09:57:22,1.1,50,184000
20231229,09:57:24,1.05,250,184000
20231229,09:57:26,1.05,100,184000
20231229,09:57:30,1.1,50,184000
20231229,09:57:41,1.05,50,184000
20231229,09:57:47,1.1,50,184000
20231229,09:57:54,1.1,50,184000
20231229,09:58:08,1.1,50,184000
20231229,09:58:14,1.1,50,184000
20231229,09:58:16,1.05,900,184000
20231229,09:58:18,1.1,20050,184000
20231229,09:58:20,1.1,32350,184000
20231229,09:58:21,1.15,50,184000
20231229,09:58:25,1.1,150,184000
20231229,09:58:27,1.15,50,184000
20231229,09:58:28,1.1,50,184000
20231229,09:58:29,1.1,700,184000
20231229,09:58:30,1.15,1800,184000
20231229,09:58:31,1.15,50,184000
20231229,09:58:32,1.1,250,184000
20231229,09:58:39,1.15,1800,184000
20231229,09:58:41,1.1,900,184000
20231229,09:58:42,1.15,50,184000
20231229,09:58:46,1.15,100,184000
20231229,09:58:47,1.1,50,184000
20231229,09:58:52,1.15,50,184000
20231229,09:59:02,1.1,50,184000
20231229,09:59:03,1.1,50,184000
20231229,09:59:18,1.15,50,180600
20231229,09:59:19,1.15,50,180600
20231229,09:59:33,1.15,50,180600
20231229,09:59:38,1.15,100,180600
20231229,09:59:42,1.1,200,180600
20231229,09:59:48,1.15,50,180600
20231229,09:59:55,1.15,50,180600
20231229,10:00:06,1.15,100,180600
20231229,10:00:08,1.15,150,180600
20231229,10:00:11,1.1,150,180600
20231229,10:00:21,1.15,150,180600
20231229,10:00:29,1.1,50,180600
20231229,10:00:30,1.15,450,180600
20231229,10:00:35,1.1,1800,180600
20231229,10:00:36,1.1,50,180600
20231229,10:00:37,1.15,150,180600
20231229,10:00:43,1.15,50,180600
20231229,10:00:53,1.15,1400,180600
20231229,10:01:04,1.15,50,180600
20231229,10:01:10,1.1,100,180600
20231229,10:01:21,1.1,50,180600
20231229,10:01:24,1.15,250,180600
20231229,10:01:25,1.15,250,180600
20231229,10:01:26,1.15,300,180600
20231229,10:01:27,1.15,3600,180600
20231229,10:01:28,1.15,13850,180600
20231229,10:01:31,1.2,150,180600
20231229,10:01:33,1.15,100,180600
20231229,10:01:40,1.2,100,180600
20231229,10:01:55,1.15,7850,180600
20231229,10:01:57,1.15,100,180600
20231229,10:02:13,1.15,150,186950
20231229,10:02:16,1.15,50,186950
20231229,10:02:36,1.15,50,186950
20231229,10:02:39,1.15,50,186950
20231229,10:02:41,1.15,50,186950
20231229,10:02:47,1.1,50,186950
20231229,10:02:56,1.15,50,186950
20231229,10:02:59,1.15,50,186950
20231229,10:03:13,1.1,1100,186950
20231229,10:03:15,1.15,50,186950
20231229,10:03:23,1.1,100,186950
20231229,10:03:35,1.15,50,186950
20231229,10:03:36,1.15,50,186950
20231229,10:03:37,1.15,50,186950
20231229,10:03:38,1.15,50,186950
20231229,10:03:39,1.15,3350,186950
20231229,10:03:40,1.15,50,186950
20231229,10:03:41,1.15,50,186950
20231229,10:03:42,1.15,50,186950
20231229,10:03:43,1.1,100,186950
20231229,10:03:46,1.15,50,186950
20231229,10:03:47,1.15,50,186950
20231229,10:03:48,1.15,50,186950
20231229,10:03:49,1.15,50,186950
20231229,10:03:50,1.15,50,186950
20231229,10:03:51,1.15,50,186950
20231229,10:03:52,1.15,50,186950
20231229,10:03:53,1.15,50,186950
20231229,10:03:54,1.15,200,186950
20231229,10:03:55,1.15,200,186950
20231229,10:03:56,1.15,200,186950
20231229,10:03:57,1.15,200,186950
20231229,10:03:58,1.15,200,186950
20231229,10:03:59,1.15,200,186950
20231229,10:04:00,1.15,200,186950
20231229,10:04:01,1.15,200,186950
20231229,10:04:02,1.15,200,186950
20231229,10:04:03,1.15,200,186950
20231229,10:04:05,1.15,50,186950
20231229,10:04:06,1.15,50,186950
20231229,10:04:07,1.15,150,186950
20231229,10:04:08,1.15,50,186950
20231229,10:04:09,1.15,100,186950
20231229,10:04:10,1.15,50,186950
20231229,10:04:11,1.15,50,186950
20231229,10:04:12,1.15,50,186950
20231229,10:04:13,1.15,50,186950
20231229,10:04:14,1.15,50,186950
20231229,10:04:15,1.15,50,186950
20231229,10:04:24,1.15,50,186950
20231229,10:04:25,1.1,50,186950
20231229,10:04:29,1.15,150,186950
20231229,10:04:34,1.15,400,186950
20231229,10:04:35,1.15,500,186950
20231229,10:04:43,1.15,50,186950
20231229,10:04:44,1.15,50,186950
20231229,10:04:47,1.1,100,186950
20231229,10:04:52,1.15,1000,186950
20231229,10:04:57,1.1,50,186950
20231229,10:04:57,1.15,50,186950
20231229,10:05:06,1.15,50,186950
20231229,10:05:16,1.15,150,187700
20231229,10:05:18,1.15,27400,187700
20231229,10:05:24,1.15,50,187700
20231229,10:05:30,1.25,35050,187700
20231229,10:05:31,1.2,1400,187700
20231229,10:05:32,1.2,500,187700
20231229,10:05:34,1.2,250,187700
20231229,10:05:35,1.2,350,187700
20231229,10:05:39,1.2,2400,187700
20231229,10:05:40,1.2,50,187700
20231229,10:05:41,1.2,1400,187700
20231229,10:05:46,1.2,1200,187700
20231229,10:05:50,1.2,2450,187700
20231229,10:05:51,1.2,300,187700
20231229,10:05:53,1.25,50,187700
20231229,10:05:59,1.2,350,187700
20231229,10:06:01,1.25,50,187700
20231229,10:06:04,1.25,50,187700
20231229,10:06:08,1.2,50,187700
20231229,10:06:11,1.2,350,187700
20231229,10:06:12,1.2,350,187700
20231229,10:06:15,1.2,250,187700
20231229,10:06:20,1.2,3600,187700
20231229,10:06:21,1.2,15200,187700
20231229,10:06:27,1.2,50,187700
20231229,10:06:33,1.15,1800,187700
20231229,10:06:35,1.15,1800,187700
20231229,10:06:38,1.15,1800,187700
20231229,10:06:40,1.2,50,187700
20231229,10:06:42,1.2,250,187700
20231229,10:07:03,1.2,50,187700
20231229,10:07:08,1.15,50,187700
20231229,10:07:09,1.15,50,187700
20231229,10:07:18,1.2,50,187700
20231229,10:07:26,1.15,50,187700
20231229,10:07:27,1.2,200,187700
20231229,10:07:31,1.2,6400,187700
20231229,10:07:36,1.2,2100,187700
20231229,10:07:37,1.2,50,187700
20231229,10:07:42,1.2,5000,187700
20231229,10:07:44,1.25,50,187700
20231229,10:07:45,1.2,100,187700
20231229,10:07:49,1.25,50,187700
20231229,10:07:53,1.25,50,187700
20231229,10:07:54,1.2,100,187700
20231229,10:07:56,1.2,50,187700
20231229,10:07:57,1.2,50,187700
20231229,10:07:58,1.2,50,187700
20231229,10:07:59,1.2,50,187700
20231229,10:08:00,1.2,200,187700
20231229,10:08:01,1.2,200,187700
20231229,10:08:03,1.2,400,187700
20231229,10:08:04,1.2,200,187700
20231229,10:08:05,1.2,200,187700
20231229,10:08:06,1.2,200,187700
20231229,10:08:07,1.2,300,187700
20231229,10:08:08,1.2,200,187700
20231229,10:08:09,1.2,9200,187700
20231229,10:08:10,1.2,1850,187700
20231229,10:08:11,1.2,1850,187700
20231229,10:08:13,1.2,400,210450
20231229,10:08:14,1.2,2000,210450
20231229,10:08:16,1.25,2000,210450
20231229,10:08:17,1.2,100,210450
20231229,10:08:18,1.2,100,210450
20231229,10:08:19,1.2,450,210450
20231229,10:08:20,1.2,100,210450
20231229,10:08:21,1.2,2000,210450
20231229,10:08:22,1.2,2000,210450
20231229,10:08:22,1.2,100,210450
20231229,10:08:28,1.25,50,210450
20231229,10:08:31,1.2,1100,210450
20231229,10:08:36,1.25,50,210450
20231229,10:08:37,1.2,550,210450
20231229,10:08:38,1.2,550,210450
20231229,10:08:39,1.2,50,210450
20231229,10:08:40,1.2,1900,210450
20231229,10:08:41,1.25,1850,210450
20231229,10:08:42,1.2,50,210450
20231229,10:08:42,1.25,1800,210450
20231229,10:08:43,1.25,5450,210450
20231229,10:08:44,1.25,300,210450
20231229,10:08:45,1.25,50,210450
20231229,10:08:47,1.25,100,210450
20231229,10:08:48,1.25,50,210450
20231229,10:08:49,1.25,50,210450
20231229,10:08:50,1.25,50,210450
20231229,10:08:52,1.25,100,210450
20231229,10:08:53,1.25,50,210450
20231229,10:08:54,1.25,250,210450
20231229,10:08:55,1.25,200,210450
20231229,10:08:56,1.25,300,210450
20231229,10:08:57,1.25,50,210450
20231229,10:08:58,1.25,50,210450
20231229,10:08:59,1.25,50,210450
20231229,10:09:00,1.25,50,210450
20231229,10:09:01,1.25,100,210450
20231229,10:09:02,1.25,50,210450
20231229,10:09:03,1.25,50,210450
20231229,10:09:04,1.25,50,210450
20231229,10:09:05,1.25,50,210450
20231229,10:09:06,1.25,50,210450
20231229,10:09:07,1.25,50,210450
20231229,10:09:08,1.25,50,210450
20231229,10:09:09,1.25,50,210450
20231229,10:09:10,1.25,50,210450
20231229,10:09:11,1.25,100,210450
20231229,10:09:12,1.25,50,210450
20231229,10:09:13,1.25,950,210450
20231229,10:09:14,1.25,50,210450
20231229,10:09:15,1.25,100,210450
20231229,10:09:16,1.25,50,210450
20231229,10:09:27,1.3,250,210450
20231229,10:09:32,1.25,350,210450
20231229,10:09:33,1.3,250,210450
20231229,10:09:35,1.3,4350,210450
20231229,10:09:36,1.3,10800,210450
20231229,10:09:37,1.3,300,210450
20231229,10:09:40,1.35,750,210450
20231229,10:09:41,1.4,300,210450
20231229,10:09:42,1.4,200,210450
20231229,10:09:45,1.35,1450,210450
20231229,10:09:46,1.4,600,210450
20231229,10:09:47,1.35,50,210450
20231229,10:09:48,1.4,100,210450
20231229,10:09:50,1.35,8450,210450
20231229,10:09:53,1.35,100,210450
20231229,10:09:58,1.3,50,210450
20231229,10:10:01,1.35,500,210450
20231229,10:10:04,1.3,50,210450
20231229,10:10:06,1.35,2600,210450
20231229,10:10:09,1.35,250,210450
20231229,10:10:10,1.3,800,210450
20231229,10:10:11,1.35,300,210450
20231229,10:10:12,1.35,350,210450
20231229,10:10:13,1.35,500,210450
20231229,10:10:14,1.35,7350,210450
20231229,10:10:17,1.35,50,210450
20231229,10:10:19,1.35,100,210450
20231229,10:10:20,1.4,500,210450
20231229,10:10:22,1.35,50,210450
20231229,10:10:24,1.35,4000,210450
20231229,10:10:26,1.3,100,210450
20231229,10:10:29,1.3,50,210450
20231229,10:10:30,1.3,50,210450
20231229,10:10:31,1.3,50,210450
20231229,10:10:32,1.3,50,210450
20231229,10:10:33,1.3,50,210450
20231229,10:10:34,1.3,50,210450
20231229,10:10:35,1.35,1900,210450
20231229,10:10:36,1.3,50,210450
20231229,10:10:37,1.3,200,210450
20231229,10:10:38,1.3,200,210450
20231229,10:10:39,1.3,200,210450
20231229,10:10:41,1.35,100,210450
20231229,10:10:51,1.35,500,210450
20231229,10:10:52,1.3,50,210450
20231229,10:10:55,1.3,100,210450
20231229,10:10:57,1.35,50,210450
20231229,10:10:58,1.35,300,210450
20231229,10:11:02,1.3,1100,210450
20231229,10:11:04,1.35,50,210450
20231229,10:11:12,1.3,50,210450
20231229,10:11:15,1.35,100,217000
20231229,10:11:21,1.35,100,217000
20231229,10:11:24,1.35,13700,217000
20231229,10:11:25,1.3,13900,217000
20231229,10:11:29,1.35,1900,217000
20231229,10:11:30,1.3,1100,217000
20231229,10:11:31,1.3,1800,217000
20231229,10:11:32,1.3,3700,217000
20231229,10:11:37,1.3,850,217000
20231229,10:11:38,1.25,1800,217000
20231229,10:11:40,1.25,1800,217000
20231229,10:11:41,1.3,50,217000
20231229,10:11:49,1.3,50,217000
20231229,10:11:50,1.3,100,217000
20231229,10:11:51,1.3,100,217000
20231229,10:11:56,1.25,50,217000
20231229,10:11:57,1.3,300,217000
20231229,10:11:58,1.25,1100,217000
20231229,10:11:59,1.3,50,217000
20231229,10:12:14,1.3,13700,217000
20231229,10:12:15,1.35,50,217000
20231229,10:12:18,1.3,79750,217000
20231229,10:12:20,1.3,50,217000
20231229,10:12:32,1.35,7300,217000
20231229,10:12:35,1.35,50,217000
20231229,10:12:36,1.35,2250,217000
20231229,10:12:37,1.4,1800,217000
20231229,10:12:38,1.4,50,217000
20231229,10:12:43,1.35,50,217000
20231229,10:12:44,1.4,50,217000
20231229,10:12:45,1.35,3600,217000
20231229,10:12:46,1.35,100,217000
20231229,10:12:49,1.35,50,217000
20231229,10:12:50,1.4,100,217000
20231229,10:12:53,1.4,13950,217000
20231229,10:12:56,1.45,100,217000
20231229,10:12:57,1.4,50,217000
20231229,10:13:01,1.4,2200,217000
20231229,10:13:03,1.45,50,217000
20231229,10:13:04,1.4,50,217000
20231229,10:13:06,1.45,50,217000
20231229,10:13:07,1.4,50,217000
20231229,10:13:08,1.45,850,217000
20231229,10:13:10,1.4,200,217000
20231229,10:13:15,1.4,250,217000
20231229,10:13:17,1.45,100,217000
20231229,10:13:18,1.4,2200,217000
20231229,10:13:19,1.45,50,217000
20231229,10:13:24,1.45,1750,217000
20231229,10:13:26,1.45,1350,217000
20231229,10:13:37,1.5,350,217000
20231229,10:13:39,1.55,15300,217000
20231229,10:13:46,1.5,1100,217000
20231229,10:13:51,1.5,50,217000
20231229,10:13:56,1.5,1700,217000
20231229,10:13:59,1.55,2600,217000
20231229,10:14:00,1.5,500,217000
20231229,10:14:01,1.5,10000,217000
20231229,10:14:02,1.55,1200,217000
20231229,10:14:03,1.5,5800,217000
20231229,10:14:04,1.5,7650,217000
20231229,10:14:06,1.5,2800,217000
20231229,10:14:07,1.5,4650,217000
20231229,10:14:08,1.5,2750,217000
20231229,10:14:12,1.45,2400,217000
20231229,10:14:14,1.5,50,300350
20231229,10:14:21,1.5,50,300350
20231229,10:14:25,1.45,150,300350
20231229,10:14:27,1.45,150,300350
20231229,10:14:28,1.45,1950,300350
20231229,10:14:30,1.45,150,300350
20231229,10:14:32,1.45,150,300350
20231229,10:14:33,1.45,300,300350
20231229,10:14:35,1.45,250,300350
20231229,10:14:37,1.45,1300,300350
20231229,10:14:38,1.45,3500,300350
20231229,10:14:39,1.45,1000,300350
20231229,10:14:45,1.45,5150,300350
20231229,10:14:46,1.45,350,300350
20231229,10:14:47,1.5,50,300350
20231229,10:14:48,1.5,50,300350
20231229,10:14:49,1.5,50,300350
20231229,10:14:50,1.45,2600,300350
20231229,10:14:51,1.5,50,300350
20231229,10:14:52,1.5,100,300350
20231229,10:14:53,1.5,100,300350
20231229,10:14:54,1.5,50,300350
20231229,10:14:56,1.55,20750,300350
20231229,10:14:57,1.5,4400,300350
20231229,10:15:01,1.55,350,300350
20231229,10:15:06,1.5,850,300350
20231229,10:15:07,1.55,3150,300350
20231229,10:15:09,1.55,650,300350
20231229,10:15:10,1.55,1800,300350
20231229,10:15:11,1.55,12750,300350
20231229,10:15:12,1.55,2450,300350
20231229,10:15:13,1.55,200,300350
20231229,10:15:16,1.5,100,300350
20231229,10:15:18,1.5,100,300350
20231229,10:15:19,1.5,50,300350
20231229,10:15:23,1.5,1800,300350
20231229,10:15:26,1.55,150,300350
20231229,10:15:29,1.5,100,300350
20231229,10:15:31,1.5,100,300350
20231229,10:15:32,1.5,50,300350
20231229,10:15:34,1.5,50,300350
20231229,10:15:35,1.5,50,300350
20231229,10:15:36,1.5,200,300350
20231229,10:15:38,1.5,800,300350
20231229,10:15:41,1.5,200,300350
20231229,10:15:52,1.5,2100,300350
20231229,10:16:00,1.55,50,300350
20231229,10:16:03,1.5,50,300350
20231229,10:16:06,1.55,50,300350
20231229,10:16:11,1.55,1800,300350
20231229,10:16:13,1.5,750,300350
20231229,10:16:13,1.5,8100,300350
20231229,10:16:16,1.5,1000,300350
20231229,10:16:18,1.55,250,300350
20231229,10:16:20,1.55,50,300350
20231229,10:16:26,1.55,100,300350
20231229,10:16:30,1.55,50,300350
20231229,10:16:31,1.5,200,300350
20231229,10:16:32,1.55,50,300350
20231229,10:16:37,1.5,9450,300350
20231229,10:16:40,1.5,50,300350
20231229,10:16:43,1.5,50,300350
20231229,10:16:44,1.5,100,300350
20231229,10:16:46,1.45,1200,300350
20231229,10:16:51,1.45,2250,300350
20231229,10:16:57,1.45,1000,300350
20231229,10:16:59,1.5,150,300350
20231229,10:17:06,1.45,350,300350
20231229,10:17:07,1.5,50,300350
20231229,10:17:13,1.45,250,300350
20231229,10:17:13,1.45,300,300350
20231229,10:17:14,1.45,1900,334400
20231229,10:17:19,1.4,2300,334400
20231229,10:17:20,1.4,1300,334400
20231229,10:17:21,1.45,50,334400
20231229,10:17:22,1.45,50,334400
20231229,10:17:25,1.4,200,334400
20231229,10:17:32,1.45,50,334400
20231229,10:17:38,1.4,50,334400
20231229,10:17:39,1.4,2700,334400
20231229,10:17:40,1.4,1400,334400
20231229,10:17:41,1.4,4950,334400
20231229,10:17:43,1.4,300,334400
20231229,10:17:49,1.4,50,334400
20231229,10:17:51,1.4,300,334400
20231229,10:17:52,1.35,200,334400
20231229,10:17:54,1.35,2500,334400
20231229,10:18:00,1.35,50,334400
20231229,10:18:05,1.4,50,334400
20231229,10:18:06,1.35,700,334400
20231229,10:18:12,1.4,50,334400
20231229,10:18:14,1.4,100,334400
20231229,10:18:14,1.35,5000,334400
20231229,10:18:18,1.4,50,334400
20231229,10:18:21,1.4,1050,334400
20231229,10:18:23,1.35,2900,334400
20231229,10:18:26,1.35,300,334400
20231229,10:18:28,1.35,7950,334400
20231229,10:18:29,1.35,50,334400
20231229,10:18:35,1.35,1000,334400
20231229,10:18:36,1.3,150,334400
20231229,10:18:40,1.3,50,334400
20231229,10:18:41,1.35,100,334400
20231229,10:18:56,1.35,300,334400
20231229,10:18:59,1.3,1300,334400
20231229,10:19:00,1.3,100,334400
20231229,10:19:04,1.3,5500,334400
20231229,10:19:07,1.35,100,334400
20231229,10:19:08,1.35,50,334400
20231229,10:19:11,1.35,50,334400
20231229,10:19:31,1.35,150,334400
20231229,10:19:32,1.3,2200,334400
20231229,10:19:33,1.3,1250,334400
20231229,10:19:36,1.3,50,334400
20231229,10:19:41,1.35,50,334400
20231229,10:19:43,1.3,200,334400
20231229,10:19:47,1.3,550,334400
20231229,10:19:48,1.3,350,334400
20231229,10:19:52,1.3,1150,334400
20231229,10:19:53,1.3,2050,334400
20231229,10:19:59,1.3,250,334400
20231229,10:20:00,1.3,1800,334400
20231229,10:20:01,1.3,150,334400
20231229,10:20:05,1.35,150,334400
20231229,10:20:06,1.35,100,334400
20231229,10:20:08,1.3,4400,334400
20231229,10:20:10,1.3,50,334400
20231229,10:20:19,1.35,50,339750
20231229,10:20:27,1.3,150,339750
20231229,10:20:34,1.35,200,339750
20231229,10:20:37,1.3,5900,339750
20231229,10:20:38,1.35,750,339750
20231229,10:20:46,1.3,300,339750
20231229,10:20:51,1.35,200,339750
20231229,10:21:00,1.35,12150,339750
20231229,10:21:03,1.3,9450,339750
20231229,10:21:08,1.35,100,339750
20231229,10:21:10,1.35,150,339750
20231229,10:21:15,1.35,950,339750
20231229,10:21:18,1.35,100,339750
20231229,10:21:22,1.35,200,339750
20231229,10:21:24,1.3,250,339750
20231229,10:21:25,1.3,5550,339750
20231229,10:21:29,1.3,500,339750
20231229,10:21:30,1.3,500,339750
20231229,10:21:33,1.3,5000,339750
20231229,10:21:38,1.35,50,339750
20231229,10:21:41,1.3,1300,339750
20231229,10:21:44,1.3,50,339750
20231229,10:21:45,1.3,1800,339750
20231229,10:21:46,1.3,4050,339750
20231229,10:21:47,1.25,50,339750
20231229,10:21:49,1.25,50,339750
20231229,10:22:00,1.25,500,339750
20231229,10:22:02,1.25,100,339750
20231229,10:22:03,1.25,50,339750
20231229,10:22:06,1.3,100,339750
20231229,10:22:07,1.25,200,339750
20231229,10:22:08,1.3,50,339750
20231229,10:22:10,1.25,2200,339750
20231229,10:22:18,1.25,1850,339750
20231229,10:22:21,1.3,3150,339750
20231229,10:22:22,1.25,17700,339750
20231229,10:22:25,1.25,250,339750
20231229,10:22:26,1.25,150,339750
20231229,10:22:27,1.25,100,339750
20231229,10:22:32,1.2,3000,339750
20231229,10:22:33,1.25,2550,339750
20231229,10:22:35,1.25,100,339750
20231229,10:22:36,1.25,1050,339750
20231229,10:22:37,1.2,2200,339750
20231229,10:22:42,1.25,50,339750
20231229,10:22:45,1.2,800,339750
20231229,10:22:51,1.25,50,339750
20231229,10:22:55,1.2,400,339750
20231229,10:22:56,1.2,400,339750
20231229,10:22:58,1.2,350,339750
20231229,10:22:59,1.25,1400,339750
20231229,10:23:02,1.2,1650,339750
20231229,10:23:06,1.2,50,339750
20231229,10:23:08,1.25,50,339750
20231229,10:23:14,1.25,200,339750
20231229,10:23:16,1.2,850,362550
20231229,10:23:17,1.2,50,362550
20231229,10:23:21,1.2,50,362550
20231229,10:23:23,1.25,50,362550
20231229,10:23:27,1.25,50,362550
20231229,10:23:29,1.25,50,362550
20231229,10:23:32,1.2,2200,362550
20231229,10:23:37,1.2,13100,362550
20231229,10:23:39,1.15,600,362550
20231229,10:23:41,1.2,700,362550
20231229,10:23:42,1.2,250,362550
20231229,10:23:44,1.2,250,362550
20231229,10:23:45,1.15,550,362550
20231229,10:23:49,1.2,250,362550
20231229,10:23:52,1.2,100,362550
20231229,10:23:53,1.15,50,362550
20231229,10:23:54,1.15,50,362550
20231229,10:23:55,1.15,300,362550
20231229,10:23:56,1.15,50,362550
20231229,10:23:57,1.15,700,362550
20231229,10:23:58,1.15,300,362550
20231229,10:23:59,1.15,50,362550
20231229,10:24:00,1.15,50,362550
20231229,10:24:01,1.15,50,362550
20231229,10:24:02,1.15,600,362550
20231229,10:24:03,1.15,200,362550
20231229,10:24:04,1.15,200,362550
20231229,10:24:05,1.2,100,362550
20231229,10:24:06,1.15,50,362550
20231229,10:24:07,1.15,50,362550
20231229,10:24:08,1.15,50,362550
20231229,10:24:09,1.15,2550,362550
20231229,10:24:10,1.15,200,362550
20231229,10:24:11,1.15,200,362550
20231229,10:24:12,1.2,17350,362550
20231229,10:24:13,1.15,50,362550
20231229,10:24:14,1.2,100,362550
20231229,10:24:15,1.15,50,362550
20231229,10:24:16,1.15,50,362550
20231229,10:24:17,1.15,200,362550
20231229,10:24:19,1.2,350,362550
20231229,10:24:23,1.2,50,362550
20231229,10:24:27,1.2,50,362550
20231229,10:24:30,1.2,50,362550
20231229,10:24:32,1.2,50,362550
20231229,10:24:33,1.2,100,362550
20231229,10:24:37,1.2,200,362550
20231229,10:24:41,1.15,50,362550
20231229,10:24:42,1.15,50,362550
20231229,10:24:43,1.15,100,362550
20231229,10:24:44,1.15,50,362550
20231229,10:24:45,1.15,50,362550
20231229,10:24:46,1.2,1300,362550
20231229,10:24:47,1.15,200,362550
20231229,10:24:48,1.2,250,362550
20231229,10:24:49,1.2,250,362550
20231229,10:24:50,1.15,200,362550
20231229,10:24:51,1.15,50,362550
20231229,10:24:52,1.15,50,362550
20231229,10:24:53,1.2,550,362550
20231229,10:24:54,1.15,50,362550
20231229,10:24:55,1.15,50,362550
20231229,10:24:56,1.15,50,362550
20231229,10:24:57,1.15,50,362550
20231229,10:24:58,1.15,50,362550
20231229,10:24:59,1.15,200,362550
20231229,10:25:00,1.15,300,362550
20231229,10:25:01,1.15,200,362550
20231229,10:25:02,1.15,200,362550
20231229,10:25:03,1.2,50,362550
20231229,10:25:05,1.2,1050,362550
20231229,10:25:06,1.15,50,362550
20231229,10:25:07,1.15,1500,362550
20231229,10:25:08,1.2,1050,362550
20231229,10:25:09,1.15,100,362550
20231229,10:25:10,1.15,50,362550
20231229,10:25:11,1.15,50,362550
20231229,10:25:12,1.15,1850,362550
20231229,10:25:13,1.15,150,362550
20231229,10:25:14,1.15,50,362550
20231229,10:25:15,1.15,50,362550
20231229,10:25:23,1.15,1450,362550
20231229,10:25:24,1.15,50,362550
20231229,10:25:25,1.15,50,362550
20231229,10:25:26,1.15,100,362550
20231229,10:25:27,1.15,2050,362550
20231229,10:25:28,1.15,50,362550
20231229,10:25:29,1.15,200,362550
20231229,10:25:30,1.15,200,362550
20231229,10:25:31,1.15,200,362550
20231229,10:25:32,1.15,200,362550
20231229,10:25:33,1.15,50,362550
20231229,10:25:34,1.15,50,362550
20231229,10:25:35,1.15,50,362550
20231229,10:25:36,1.15,50,362550
20231229,10:25:37,1.15,50,362550
20231229,10:25:38,1.15,3800,362550
20231229,10:25:39,1.2,3800,362550
20231229,10:25:40,1.15,200,362550
20231229,10:25:41,1.2,50,362550
20231229,10:25:42,1.15,50,362550
20231229,10:25:45,1.15,100,362550
20231229,10:25:47,1.15,1500,362550
20231229,10:25:48,1.2,150,362550
20231229,10:25:50,1.15,200,362550
20231229,10:25:51,1.15,150,362550
20231229,10:25:59,1.15,50,362550
20231229,10:26:07,1.2,50,362550
20231229,10:26:09,1.15,50,362550
20231229,10:26:11,1.2,1000,362550
20231229,10:26:13,1.15,50,362550
20231229,10:26:15,1.15,150,372700
20231229,10:26:16,1.15,150,372700
20231229,10:26:17,1.15,150,372700
20231229,10:26:19,1.15,3500,372700
20231229,10:26:23,1.2,50,372700
20231229,10:26:24,1.2,100,372700
20231229,10:26:32,1.2,100,372700
20231229,10:26:35,1.15,150,372700
20231229,10:26:35,1.2,300,372700
20231229,10:26:36,1.15,150,372700
20231229,10:26:37,1.15,150,372700
20231229,10:26:45,1.15,150,372700
20231229,10:26:46,1.15,150,372700
20231229,10:26:47,1.15,1000,372700
20231229,10:26:48,1.15,1650,372700
20231229,10:26:52,1.15,150,372700
20231229,10:26:53,1.15,150,372700
20231229,10:26:58,1.15,300,372700
20231229,10:26:59,1.15,650,372700
20231229,10:27:00,1.15,150,372700
20231229,10:27:01,1.15,150,372700
20231229,10:27:02,1.15,150,372700
20231229,10:27:03,1.15,150,372700
20231229,10:27:04,1.15,150,372700
20231229,10:27:08,1.15,1200,372700
20231229,10:27:11,1.15,50,372700
20231229,10:27:12,1.15,850,372700
20231229,10:27:13,1.15,150,372700
20231229,10:27:14,1.15,200,372700
20231229,10:27:16,1.15,300,372700
20231229,10:27:18,1.2,50,372700
20231229,10:27:19,1.15,300,372700
20231229,10:27:20,1.15,100,372700
20231229,10:27:21,1.15,150,372700
20231229,10:27:24,1.15,550,372700
20231229,10:27:27,1.2,1000,372700
20231229,10:27:30,1.15,150,372700
20231229,10:27:31,1.15,400,372700
20231229,10:27:32,1.15,150,372700
20231229,10:27:33,1.15,250,372700
20231229,10:27:41,1.15,800,372700
20231229,10:27:59,1.15,50,372700
20231229,10:28:01,1.2,50,372700
20231229,10:28:05,1.2,50,372700
20231229,10:28:06,1.2,50,372700
20231229,10:28:07,1.15,150,372700
20231229,10:28:08,1.15,300,372700
20231229,10:28:09,1.15,150,372700
20231229,10:28:11,1.2,450,372700
20231229,10:28:22,1.15,50,372700
20231229,10:28:24,1.15,50,372700
20231229,10:28:25,1.15,50,372700
20231229,10:28:26,1.15,150,372700
20231229,10:28:27,1.2,650,372700
20231229,10:28:28,1.15,150,372700
20231229,10:28:36,1.15,2000,372700
20231229,10:28:45,1.15,1000,372700
20231229,10:28:57,1.15,50,372700
20231229,10:29:00,1.15,50,372700
20231229,10:29:03,1.2,50,372700
20231229,10:29:07,1.2,50,372700
20231229,10:29:09,1.2,50,372700
20231229,10:29:18,1.15,4650,381250
20231229,10:29:24,1.2,50,381250
20231229,10:29:30,1.15,350,381250
20231229,10:29:33,1.2,50,381250
20231229,10:29:48,1.15,50,381250
20231229,10:29:51,1.2,50,381250
20231229,10:29:58,1.2,50,381250
20231229,10:29:58,1.15,300,381250
20231229,10:30:00,1.2,150,381250
20231229,10:30:02,1.15,350,381250
20231229,10:30:04,1.15,350,381250
20231229,10:30:06,1.15,250,381250
20231229,10:30:15,1.15,1800,381250
20231229,10:30:16,1.2,50,381250
20231229,10:30:19,1.2,50,381250
20231229,10:30:21,1.2,100,381250
20231229,10:30:22,1.15,1800,381250
20231229,10:30:23,1.15,400,381250
20231229,10:30:28,1.15,2550,381250
20231229,10:30:35,1.2,50,381250
20231229,10:30:41,1.2,50,381250
20231229,10:30:43,1.15,250,381250
20231229,10:30:44,1.15,500,381250
20231229,10:30:45,1.15,1050,381250
20231229,10:30:47,1.15,5400,381250
20231229,10:30:51,1.15,50,381250
20231229,10:31:01,1.1,2550,381250
20231229,10:31:02,1.1,250,381250
20231229,10:31:04,1.15,1000,381250
20231229,10:31:05,1.15,50,381250
20231229,10:31:07,1.1,2500,381250
20231229,10:31:11,1.1,2500,381250
20231229,10:31:14,1.15,1850,381250
20231229,10:31:20,1.1,100,381250
20231229,10:31:22,1.15,50,381250
20231229,10:31:23,1.15,1000,381250
20231229,10:31:30,1.15,1850,381250
20231229,10:31:31,1.1,50,381250
20231229,10:31:34,1.15,900,381250
20231229,10:31:44,1.1,3600,381250
20231229,10:31:50,1.15,50,381250
20231229,10:31:55,1.1,1900,381250
20231229,10:32:07,1.15,100,381250
20231229,10:32:11,1.15,50,381250
20231229,10:32:12,1.1,950,381250
20231229,10:32:13,1.15,100,381250
20231229,10:32:24,1.1,50,381900
20231229,10:32:25,1.1,2100,381900
20231229,10:32:27,1.15,50,381900
20231229,10:32:30,1.1,3700,381900
20231229,10:32:31,1.15,50,381900
20231229,10:32:33,1.15,1450,381900
20231229,10:32:34,1.15,200,381900
20231229,10:32:35,1.15,150,381900
20231229,10:33:05,1.1,550,381900
20231229,10:33:07,1.15,50,381900
20231229,10:33:11,1.15,50,381900
20231229,10:33:16,1.1,300,381900
20231229,10:33:17,1.1,200,381900
20231229,10:33:18,1.1,50,381900
20231229,10:33:19,1.15,400,381900
20231229,10:33:21,1.15,50,381900
20231229,10:33:25,1.1,250,381900
20231229,10:33:26,1.1,500,381900
20231229,10:33:27,1.1,250,381900
20231229,10:33:30,1.1,1250,381900
20231229,10:33:31,1.1,250,381900
20231229,10:33:33,1.1,300,381900
20231229,10:33:38,1.1,250,381900
20231229,10:33:39,1.1,50,381900
20231229,10:33:40,1.1,250,381900
20231229,10:33:41,1.15,3700,381900
20231229,10:33:53,1.1,750,381900
20231229,10:33:58,1.15,50,381900
20231229,10:34:01,1.1,1800,381900
20231229,10:34:02,1.1,1800,381900
20231229,10:34:04,1.1,350,381900
20231229,10:34:08,1.1,50,381900
20231229,10:34:16,1.15,100,381900
20231229,10:34:24,1.15,100,381900
20231229,10:34:26,1.1,50,381900
20231229,10:34:37,1.15,50,381900
20231229,10:34:43,1.1,50,381900
20231229,10:34:46,1.1,1800,381900
20231229,10:34:54,1.15,100,381900
20231229,10:35:03,1.15,150,381900
20231229,10:35:08,1.15,50,381900
20231229,10:35:13,1.15,11600,381900
20231229,10:35:16,1.15,1800,381900
20231229,10:35:17,1.15,1850,383650
20231229,10:35:24,1.15,250,383650
20231229,10:35:25,1.15,1000,383650
20231229,10:35:27,1.1,1800,383650
20231229,10:35:30,1.15,50,383650
20231229,10:35:40,1.15,100,383650
20231229,10:35:44,1.15,50,383650
20231229,10:35:46,1.15,50,383650
20231229,10:36:10,1.15,100,383650
20231229,10:36:25,1.15,50,383650
20231229,10:36:34,1.1,100,383650
20231229,10:36:38,1.15,50,383650
20231229,10:36:55,1.15,50,383650
20231229,10:37:12,1.15,50,383650
20231229,10:37:12,1.1,1800,383650
20231229,10:37:17,1.1,50,383650
20231229,10:37:30,1.15,500,383650
20231229,10:37:30,1.15,50,383650
20231229,10:37:31,1.15,250,383650
20231229,10:37:32,1.15,200,383650
20231229,10:37:41,1.1,1850,383650
20231229,10:37:50,1.15,50,383650
20231229,10:37:51,1.15,2100,383650
20231229,10:37:52,1.15,100,383650
20231229,10:37:53,1.15,50,383650
20231229,10:37:55,1.1,1850,383650
20231229,10:38:01,1.15,50,383650
20231229,10:38:03,1.15,50,383650
20231229,10:38:06,1.1,50,383650
20231229,10:38:19,1.15,100,378150
20231229,10:38:28,1.1,50,378150
20231229,10:38:30,1.1,50,378150
20231229,10:38:44,1.1,50,378150
20231229,10:38:45,1.1,6900,378150
20231229,10:38:48,1.1,50,378150
20231229,10:38:59,1.1,1800,378150
20231229,10:39:01,1.1,3600,378150
20231229,10:39:03,1.1,150,378150
20231229,10:39:07,1.15,750,378150
20231229,10:39:09,1.1,1800,378150
20231229,10:39:14,1.1,1800,378150
20231229,10:39:18,1.15,300,378150
20231229,10:39:28,1.1,1800,378150
20231229,10:39:42,1.1,2400,378150
20231229,10:39:44,1.1,6600,378150
20231229,10:39:45,1.1,150,378150
20231229,10:39:48,1.05,4150,378150
20231229,10:39:51,1.1,250,378150
20231229,10:39:57,1.1,150,378150
20231229,10:40:12,1.1,50,378150
20231229,10:40:13,1.05,1800,378150
20231229,10:40:16,1.05,1800,378150
20231229,10:40:33,1.1,100,378150
20231229,10:40:37,1.1,50,378150
20231229,10:40:58,1.1,50,378150
20231229,10:41:01,1.05,250,378150
20231229,10:41:04,1.1,1000,378150
20231229,10:41:05,1.1,50,378150
20231229,10:41:11,1.05,250,378150
20231229,10:41:18,1.1,150,378050
20231229,10:41:22,1.1,1800,378050
20231229,10:41:23,1.1,1800,378050
20231229,10:41:25,1.05,350,378050
20231229,10:41:31,1.1,650,378050
20231229,10:41:32,1.05,150,378050
20231229,10:41:50,1.05,50,378050
20231229,10:41:51,1.1,1800,378050
20231229,10:41:53,1.05,1850,378050
20231229,10:41:54,1.1,400,378050
20231229,10:41:55,1.1,1300,378050
20231229,10:42:00,1.05,50,378050
20231229,10:42:04,1.1,50,378050
20231229,10:42:26,1.1,50,378050
20231229,10:42:29,1.05,50,378050
20231229,10:42:44,1.1,200,378050
20231229,10:42:54,1.1,50,378050
20231229,10:43:09,1.1,150,378050
20231229,10:43:20,1.1,50,378050
20231229,10:43:28,1.1,500,378050
20231229,10:43:29,1.1,150,378050
20231229,10:43:36,1.1,1800,378050
20231229,10:43:41,1.1,50,378050
20231229,10:43:58,1.05,1000,378050
20231229,10:44:00,1.05,700,378050
20231229,10:44:05,1.1,50,378050
20231229,10:44:06,1.1,200,378050
20231229,10:44:13,1.05,50,378050
20231229,10:44:35,1.1,100,370400
20231229,10:44:54,1.1,200,370400
20231229,10:44:57,1.1,50,370400
20231229,10:45:17,1.05,50,370400
20231229,10:45:27,1.1,50,370400
20231229,10:45:30,1.1,250,370400
20231229,10:45:36,1.1,50,370400
20231229,10:45:45,1.1,50,370400
20231229,10:45:58,1.05,3450,370400
20231229,10:46:03,1.05,550,370400
20231229,10:46:06,1.05,200,370400
20231229,10:46:11,1.1,50,370400
20231229,10:46:18,1.05,800,370400
20231229,10:46:19,1.1,550,370400
20231229,10:46:20,1.1,500,370400
20231229,10:46:21,1.1,50,370400
20231229,10:46:24,1.05,100,370400
20231229,10:46:26,1.1,50,370400
20231229,10:46:36,1.05,50,370400
20231229,10:46:40,1.1,100,370400
20231229,10:46:47,1.05,500,370400
20231229,10:46:53,1.1,50,370400
20231229,10:47:04,1.05,50,370400
20231229,10:47:05,1.1,550,370400
20231229,10:47:11,1.1,50,370400
20231229,10:47:21,1.1,750,375050
20231229,10:47:23,1.1,100,375050
20231229,10:47:25,1.05,1250,375050
20231229,10:47:52,1.1,50,375050
20231229,10:47:57,1.05,300,375050
20231229,10:47:57,1.05,100,375050
20231229,10:48:05,1.1,1050,375050
20231229,10:48:06,1.05,5500,375050
20231229,10:48:09,1.1,1000,375050
20231229,10:48:15,1.1,50,375050
20231229,10:48:22,1.1,50,375050
20231229,10:48:25,1.1,50,375050
20231229,10:48:30,1.1,50,375050
20231229,10:48:32,1.1,50,375050
20231229,10:48:53,1.05,5500,375050
20231229,10:48:55,1.1,300,375050
20231229,10:48:58,1.1,50,375050
20231229,10:49:00,1.1,50,375050
20231229,10:49:01,1.1,750,375050
20231229,10:49:02,1.05,500,375050
20231229,10:49:04,1.1,50,375050
20231229,10:49:06,1.05,550,375050
20231229,10:49:09,1.05,50,375050
20231229,10:49:20,1.1,50,375050
20231229,10:49:27,1.05,50,375050
20231229,10:49:42,1.05,800,375050
20231229,10:49:57,1.05,2000,375050
20231229,10:50:07,1.1,400,375050
20231229,10:50:32,1.1,250,392850
20231229,10:50:32,1.05,50,392850
20231229,10:50:35,1.1,100,392850
20231229,10:50:37,1.05,50,392850
20231229,10:50:40,1.1,300,392850
20231229,10:50:40,1.1,50,392850
20231229,10:50:41,1.05,500,392850
20231229,10:50:43,1.1,50,392850
20231229,10:50:48,1.05,400,392850
20231229,10:51:13,1.1,500,392850
20231229,10:51:16,1.05,50,392850
20231229,10:51:26,1.1,2200,392850
20231229,10:51:44,1.1,500,392850
20231229,10:51:48,1.1,50,392850
20231229,10:51:49,1.05,50,392850
20231229,10:51:57,1.1,50,392850
20231229,10:52:07,1.1,450,392850
20231229,10:52:14,1.05,250,392850
20231229,10:52:20,1.05,250,392850
20231229,10:52:25,1.05,500,392850
20231229,10:52:28,1.1,150,392850
20231229,10:52:43,1.1,100,392850
20231229,10:52:47,1.05,50,392850
20231229,10:52:49,1.1,150,392850
20231229,10:52:50,1.1,2300,392850
20231229,10:52:52,1.05,200,392850
20231229,10:53:06,1.1,50,392850
20231229,10:53:16,1.05,50,392850
20231229,10:53:22,1.1,650,392850
20231229,10:53:27,1.05,100,394350
20231229,10:53:28,1.1,100,394350
20231229,10:53:31,1.1,50,394350
20231229,10:53:33,1.1,100,394350
20231229,10:53:35,1.05,2250,394350
20231229,10:53:48,1.1,100,394350
20231229,10:53:49,1.1,200,394350
20231229,10:53:58,1.05,100,394350
20231229,10:53:59,1.1,350,394350
20231229,10:54:03,1.05,50,394350
20231229,10:54:14,1.1,500,394350
20231229,10:54:15,1.1,250,394350
20231229,10:54:16,1.1,500,394350
20231229,10:54:19,1.1,250,394350
20231229,10:54:25,1.05,150,394350
20231229,10:54:26,1.05,150,394350
20231229,10:54:27,1.05,150,394350
20231229,10:54:28,1.1,1400,394350
20231229,10:54:38,1.1,50,394350
20231229,10:54:42,1.05,50,394350
20231229,10:54:45,1.1,600,394350
20231229,10:54:46,1.1,250,394350
20231229,10:54:51,1.1,250,394350
20231229,10:54:52,1.1,50,394350
20231229,10:55:01,1.1,50,394350
20231229,10:55:11,1.05,100,394350
20231229,10:55:13,1.1,50,394350
20231229,10:55:34,1.05,50,394350
20231229,10:55:37,1.1,1600,394350
20231229,10:55:42,1.05,50,394350
20231229,10:56:07,1.1,50,394350
20231229,10:56:10,1.05,50,394350
20231229,10:56:12,1.1,50,394350
20231229,10:56:23,1.1,50,398650
20231229,10:56:24,1.1,50,398650
20231229,10:56:25,1.05,500,398650
20231229,10:56:38,1.05,50,398650
20231229,10:56:53,1.1,50,398650
20231229,10:57:08,1.05,50,398650
20231229,10:57:11,1.05,50,398650
20231229,10:57:28,1.1,50,398650
20231229,10:57:29,1.05,1600,398650
20231229,10:57:52,1.1,50,398650
20231229,10:58:39,1.05,50,398650
20231229,10:58:43,1.05,50,398650
20231229,10:58:46,1.1,7500,398650
20231229,10:58:59,1.05,1000,398650
20231229,10:59:02,1.1,50,398650
20231229,10:59:09,1.1,100,398650
20231229,10:59:21,1.05,7500,396050
20231229,10:59:22,1.1,50,396050
20231229,10:59:33,1.1,50,396050
20231229,10:59:40,1.1,50,396050
20231229,10:59:50,1.1,100,396050
20231229,10:59:54,1.1,50,396050
20231229,10:59:58,1.1,50,396050
20231229,11:00:01,1.1,50,396050
20231229,11:00:18,1.1,100,396050
20231229,11:00:28,1.05,50,396050
20231229,11:00:32,1.1,100,396050
20231229,11:00:33,1.1,200,396050
20231229,11:00:41,1.1,50,396050
20231229,11:00:49,1.1,50,396050
20231229,11:00:52,1.05,50,396050
20231229,11:01:02,1.1,50,396050
20231229,11:01:04,1.05,100,396050
20231229,11:01:19,1.1,100,396050
20231229,11:01:29,1.1,50,396050
20231229,11:01:34,1.1,500,396050
20231229,11:01:44,1.1,100,396050
20231229,11:02:07,1.1,50,396050
20231229,11:02:08,1.1,50,396050
20231229,11:02:33,1.05,100,389500
20231229,11:02:34,1.05,50,389500
20231229,11:02:51,1.1,1000,389500
20231229,11:02:57,1.05,50,389500
20231229,11:02:58,1.1,250,389500
20231229,11:03:04,1.1,100,389500
20231229,11:03:08,1.1,250,389500
20231229,11:03:10,1.05,1050,389500
20231229,11:03:11,1.1,500,389500
20231229,11:03:11,1.1,400,389500
20231229,11:03:14,1.1,250,389500
20231229,11:03:23,1.1,100,389500
20231229,11:03:25,1.1,1800,389500
20231229,11:03:34,1.1,50,389500
20231229,11:03:35,1.1,200,389500
20231229,11:03:38,1.1,150,389500
20231229,11:03:40,1.1,100,389500
20231229,11:03:49,1.05,50,389500
20231229,11:04:01,1.1,250,389500
20231229,11:04:13,1.1,50,389500
20231229,11:04:16,1.1,500,389500
20231229,11:04:18,1.1,300,389500
20231229,11:04:24,1.05,50,389500
20231229,11:04:35,1.1,200,389500
20231229,11:04:44,1.1,300,389500
20231229,11:04:54,1.05,50,389500
20231229,11:04:58,1.05,250,389500
20231229,11:05:01,1.05,4000,389500
20231229,11:05:10,1.1,350,389500
20231229,11:05:16,1.1,50,389500
20231229,11:05:17,1.1,1750,389500
20231229,11:05:37,1.1,1800,389500
20231229,11:05:38,1.1,100,391250
20231229,11:05:47,1.1,1050,391250
20231229,11:05:58,1.1,100,391250
20231229,11:06:02,1.1,100,391250
20231229,11:06:04,1.1,50,391250
20231229,11:06:16,1.1,100,391250
20231229,11:06:17,1.1,250,391250
20231229,11:06:38,1.05,50,391250
20231229,11:08:02,1.1,50,391250
20231229,11:08:04,1.1,50,391250
20231229,11:08:05,1.1,400,391250
20231229,11:08:23,1.05,50,391250
20231229,11:08:42,1.1,50,392150
20231229,11:08:43,1.1,100,392150
20231229,11:08:44,1.05,600,392150
20231229,11:09:05,1.1,50,392150
20231229,11:09:09,1.05,200,392150
20231229,11:09:10,1.1,50,392150
20231229,11:09:23,1.1,50,392150
20231229,11:09:28,1.1,500,392150
20231229,11:09:40,1.1,50,392150
20231229,11:09:46,1.05,150,392150
20231229,11:09:48,1.1,450,392150
20231229,11:10:04,1.05,50,392150
20231229,11:10:15,1.1,150,392150
20231229,11:10:16,1.1,50,392150
20231229,11:10:19,1.05,50,392150
20231229,11:10:36,1.1,50,392150
20231229,11:10:37,1.05,1800,392150
20231229,11:10:57,1.1,50,392150
20231229,11:10:59,1.05,50,392150
20231229,11:11:18,1.05,750,392150
20231229,11:11:24,1.1,50,390200
20231229,11:11:29,1.05,1900,390200
20231229,11:11:30,1.1,150,390200
20231229,11:11:45,1.05,650,390200
20231229,11:11:46,1.05,1050,390200
20231229,11:11:50,1.1,50,390200
20231229,11:12:04,1.1,50,390200
20231229,11:12:10,1.05,50,390200
20231229,11:12:13,1.1,50,390200
20231229,11:12:21,1.05,50,390200
20231229,11:13:04,1.05,1000,390200
20231229,11:13:08,1.1,50,390200
20231229,11:13:16,1.1,600,390200
20231229,11:13:18,1.1,200,390200
20231229,11:13:26,1.05,50,390200
20231229,11:13:28,1.1,50,390200
20231229,11:13:35,1.1,50,390200
20231229,11:13:36,1.05,100,390200
20231229,11:13:38,1.1,50,390200
20231229,11:13:38,1.1,200,390200
20231229,11:13:48,1.1,100,390200
20231229,11:13:54,1.05,100,390200
20231229,11:14:08,1.05,50,390200
20231229,11:14:18,1.1,50,390200
20231229,11:14:21,1.05,200,389850
20231229,11:14:21,1.05,50,389850
20231229,11:14:27,1.05,50,389850
20231229,11:14:37,1.1,50,389850
20231229,11:15:04,1.1,1800,389850
20231229,11:15:05,1.05,50,389850
20231229,11:15:17,1.1,100,389850
20231229,11:15:23,1.05,200,389850
20231229,11:15:27,1.1,50,389850
20231229,11:15:36,1.05,250,389850
20231229,11:15:39,1.1,50,389850
20231229,11:15:49,1.05,300,389850
20231229,11:15:50,1.05,350,389850
20231229,11:15:54,1.1,2700,389850
20231229,11:16:01,1.05,350,389850
20231229,11:16:07,1.1,250,389850
20231229,11:16:11,1.05,350,389850
20231229,11:16:24,1.05,300,389850
20231229,11:16:27,1.1,50,389850
20231229,11:16:28,1.05,50,389850
20231229,11:16:29,1.05,1000,389850
20231229,11:16:33,1.1,500,389850
20231229,11:16:36,1.05,50,389850
20231229,11:16:38,1.1,350,389850
20231229,11:17:00,1.05,50,389850
20231229,11:17:06,1.1,200,389850
20231229,11:17:07,1.05,3600,389850
20231229,11:17:08,1.05,50,389850
20231229,11:17:09,1.05,50,389850
20231229,11:17:38,1.1,1050,389850
20231229,11:17:53,1.1,200,393550
20231229,11:17:54,1.05,100,393550
20231229,11:18:02,1.05,400,393550
20231229,11:18:04,1.1,50,393550
20231229,11:18:10,1.1,50,393550
20231229,11:18:12,1.05,50,393550
20231229,11:18:15,1.1,50,393550
20231229,11:18:16,1.1,500,393550
20231229,11:18:42,1.1,50,393550
20231229,11:18:50,1.05,50,393550
20231229,11:18:55,1.1,1300,393550
20231229,11:19:11,1.1,50,393550
20231229,11:19:20,1.1,100,393550
20231229,11:19:28,1.05,100,393550
20231229,11:19:38,1.1,50,393550
20231229,11:19:41,1.05,50,393550
20231229,11:19:46,1.05,50,393550
20231229,11:19:47,1.1,50,393550
20231229,11:19:51,1.1,50,393550
20231229,11:19:55,1.05,18000,393550
20231229,11:20:03,1.1,100,393550
20231229,11:20:06,1.1,50,393550
20231229,11:20:07,1.05,50,393550
20231229,11:20:09,1.1,100,393550
20231229,11:20:10,1.1,50,393550
20231229,11:20:15,1.1,350,393550
20231229,11:20:28,1.1,100,385600
20231229,11:20:29,1.05,100,385600
20231229,11:20:33,1.1,1800,385600
20231229,11:20:33,1.1,1000,385600
20231229,11:20:34,1.1,50,385600
20231229,11:20:35,1.05,50,385600
20231229,11:20:41,1.05,50,385600
20231229,11:20:47,1.1,500,385600
20231229,11:20:53,1.1,150,385600
20231229,11:21:05,1.05,500,385600
20231229,11:21:07,1.1,100,385600
20231229,11:21:22,1.05,500,385600
20231229,11:21:28,1.1,50,385600
20231229,11:21:32,1.1,50,385600
20231229,11:21:34,1.1,50,385600
20231229,11:21:40,1.1,350,385600
20231229,11:21:41,1.05,100,385600
20231229,11:21:55,1.05,500,385600
20231229,11:22:09,1.1,300,385600
20231229,11:22:29,1.05,50,385600
20231229,11:22:41,1.05,200,385600
20231229,11:22:45,1.05,500,385600
20231229,11:22:49,1.05,200,385600
20231229,11:22:50,1.1,50,385600
20231229,11:22:54,1.1,50,385600
20231229,11:22:57,1.05,1800,385600
20231229,11:22:59,1.1,150,385600
20231229,11:23:03,1.05,50,385600
20231229,11:23:05,1.1,50,385600
20231229,11:23:09,1.05,250,385600
20231229,11:23:21,1.1,1000,385600
20231229,11:23:31,1.05,250,386550
20231229,11:23:34,1.1,1000,386550
20231229,11:23:34,1.1,750,386550
20231229,11:23:40,1.05,250,386550
20231229,11:23:42,1.1,50,386550
20231229,11:23:47,1.1,50,386550
20231229,11:23:49,1.1,100,386550
20231229,11:23:53,1.05,450,386550
20231229,11:23:55,1.1,100,386550
20231229,11:23:55,1.1,550,386550
20231229,11:24:07,1.1,300,386550
20231229,11:24:10,1.05,400,386550
20231229,11:24:21,1.1,50,386550
20231229,11:24:26,1.05,800,386550
20231229,11:24:38,1.05,700,386550
20231229,11:24:41,1.05,250,386550
20231229,11:24:44,1.05,300,386550
20231229,11:24:44,1.1,50,386550
20231229,11:24:54,1.05,250,386550
20231229,11:24:54,1.1,50,386550
20231229,11:24:56,1.05,50,386550
20231229,11:24:59,1.1,50,386550
20231229,11:25:09,1.1,50,386550
20231229,11:25:12,1.1,50,386550
20231229,11:25:17,1.05,1000,386550
20231229,11:25:19,1.1,100,386550
20231229,11:25:39,1.1,100,386550
20231229,11:25:57,1.05,50,386550
20231229,11:26:05,1.05,1000,386550
20231229,11:26:14,1.1,50,386550
20231229,11:26:17,1.1,50,386550
20231229,11:26:31,1.05,50,386550
20231229,11:26:32,1.1,50,389300
20231229,11:26:44,1.05,50,389300
20231229,11:26:47,1.1,50,389300
20231229,11:26:56,1.1,700,389300
20231229,11:26:57,1.1,100,389300
20231229,11:27:06,1.05,50,389300
20231229,11:27:12,1.05,50,389300
20231229,11:27:31,1.1,200,389300
20231229,11:27:37,1.05,50,389300
20231229,11:27:38,1.1,50,389300
20231229,11:27:44,1.05,50,389300
20231229,11:28:06,1.1,50,389300
20231229,11:28:19,1.05,600,389300
20231229,11:28:26,1.1,900,389300
20231229,11:28:35,1.05,750,389300
20231229,11:28:36,1.05,750,389300
20231229,11:28:37,1.05,600,389300
20231229,11:28:38,1.1,50,389300
20231229,11:28:58,1.1,50,389300
20231229,11:29:31,1.05,50,389300
20231229,11:29:34,1.1,100,388900
20231229,11:30:18,1.1,300,388900
20231229,11:30:26,1.05,250,388900
20231229,11:30:31,1.1,1800,388900
20231229,11:30:33,1.1,1800,388900
20231229,11:30:56,1.05,50,388900
20231229,11:31:09,1.05,250,388900
20231229,11:31:16,1.05,250,388900
20231229,11:31:24,1.1,200,388900
20231229,11:31:30,1.05,750,388900
20231229,11:31:37,1.05,50,388900
20231229,11:31:42,1.05,250,388900
20231229,11:31:45,1.1,50,388900
20231229,11:31:47,1.05,5400,388900
20231229,11:31:48,1.05,29250,388900
20231229,11:31:49,1.05,250,388900
20231229,11:32:09,1.05,100,388900
20231229,11:32:23,1.05,100,388900
20231229,11:32:25,1.05,50,388900
20231229,11:32:27,1.05,250,386350
20231229,11:33:03,1.05,50,386350
20231229,11:33:16,1.05,50,386350
20231229,11:33:25,1.05,100,386350
20231229,11:34:30,1.0,50,386350
20231229,11:34:31,1.0,100,386350
20231229,11:34:32,1.0,150,386350
20231229,11:34:33,1.0,150,386350
20231229,11:34:35,1.05,350,386350
20231229,11:34:38,1.05,500,386350
20231229,11:34:59,1.05,50,386350
20231229,11:35:01,1.0,500,386350
20231229,11:35:17,1.05,50,386350
20231229,11:35:20,1.05,50,386350
20231229,11:35:28,1.05,50,386950
20231229,11:35:33,1.0,600,386950
20231229,11:35:35,1.05,150,386950
20231229,11:35:41,1.0,1800,386950
20231229,11:35:42,1.0,5250,386950
20231229,11:35:43,1.0,5400,386950
20231229,11:35:44,1.05,50,386950
20231229,11:35:58,1.0,50,386950
20231229,11:36:00,1.05,50,386950
20231229,11:36:02,1.0,100,386950
20231229,11:36:05,1.05,50,386950
20231229,11:36:16,1.0,50,386950
20231229,11:36:18,1.05,50,386950
20231229,11:36:20,1.05,1800,386950
20231229,11:36:21,1.05,1800,386950
20231229,11:36:22,1.05,1800,386950
20231229,11:36:24,1.05,50,386950
20231229,11:36:25,1.0,500,386950
20231229,11:36:28,1.0,500,386950
20231229,11:36:29,1.05,50,386950
20231229,11:36:33,1.0,50,386950
20231229,11:36:34,1.0,100,386950
20231229,11:36:36,1.05,150,386950
20231229,11:36:38,1.0,800,386950
20231229,11:36:39,1.0,250,386950
20231229,11:36:43,1.05,50,386950
20231229,11:36:44,1.05,50,386950
20231229,11:36:50,1.05,50,386950
20231229,11:36:55,1.0,50,386950
20231229,11:36:56,1.0,50,386950
20231229,11:37:02,1.05,50,386950
20231229,11:37:06,1.0,1050,386950
20231229,11:37:16,1.05,50,386950
20231229,11:37:17,1.0,200,386950
20231229,11:37:24,1.0,650,386950
20231229,11:37:34,1.05,50,386950
20231229,11:37:35,1.05,50,386950
20231229,11:37:36,1.0,1750,386950
20231229,11:37:37,1.0,750,386950
20231229,11:37:39,1.0,250,386950
20231229,11:37:41,1.05,100,386950
20231229,11:37:42,1.0,50,386950
20231229,11:37:43,1.0,50,386950
20231229,11:37:47,1.0,3650,386950
20231229,11:37:48,1.05,100,386950
20231229,11:37:49,1.0,50,386950
20231229,11:37:54,1.0,50,386950
20231229,11:38:00,1.0,50,386950
20231229,11:38:10,1.0,1800,386950
20231229,11:38:11,1.0,1900,386950
20231229,11:38:12,1.0,100,386950
20231229,11:38:15,1.05,50,386950
20231229,11:38:19,1.0,650,386950
20231229,11:38:20,1.0,100,386950
20231229,11:38:22,1.0,50,386950
20231229,11:38:24,1.0,100,386950
20231229,11:38:25,1.05,50,399400
20231229,11:38:28,1.0,1800,399400
20231229,11:38:29,1.05,1900,399400
20231229,11:38:30,1.0,50,399400
20231229,11:38:34,1.05,50,399400
20231229,11:38:43,1.05,50,399400
20231229,11:38:51,1.0,50,399400
20231229,11:38:55,1.05,100,399400
20231229,11:39:02,1.0,1000,399400
20231229,11:39:04,1.05,50,399400
20231229,11:39:06,1.0,4800,399400
20231229,11:39:17,0.95,1000,399400
20231229,11:39:17,0.95,50,399400
20231229,11:39:18,0.95,50,399400
20231229,11:39:28,0.95,1000,399400
20231229,11:39:31,1.0,50,399400
20231229,11:39:32,1.0,50,399400
20231229,11:39:41,0.95,500,399400
20231229,11:39:43,0.95,50,399400
20231229,11:40:05,1.0,50,399400
20231229,11:40:08,0.95,50,399400
20231229,11:40:17,1.0,50,399400
20231229,11:40:18,1.0,200,399400
20231229,11:40:20,1.0,50,399400
20231229,11:40:44,1.0,50,399400
20231229,11:40:48,0.95,50,399400
20231229,11:40:49,1.0,50,399400
20231229,11:40:59,0.95,50,399400
20231229,11:41:03,0.95,5000,399400
20231229,11:41:05,0.95,50,399400
20231229,11:41:27,1.0,50,413350
20231229,11:41:29,0.95,50,413350
20231229,11:41:34,1.0,100,413350
20231229,11:41:44,0.95,50,413350
20231229,11:41:46,0.95,50,413350
20231229,11:41:58,1.0,50,413350
20231229,11:42:03,1.0,50,413350
20231229,11:42:16,0.95,100,413350
20231229,11:42:53,1.0,500,413350
20231229,11:42:54,0.95,150,413350
20231229,11:43:03,1.0,50,413350
20231229,11:43:09,1.0,150,413350
20231229,11:43:14,0.95,50,413350
20231229,11:43:15,0.95,100,413350
20231229,11:43:21,0.95,100,413350
20231229,11:43:27,0.95,650,413350
20231229,11:43:29,1.0,400,413350
20231229,11:43:54,0.95,50,413350
20231229,11:44:00,1.0,150,413350
20231229,11:44:11,1.0,500,413350
20231229,11:44:17,1.0,1500,413350
20231229,11:44:17,1.0,150,413350
20231229,11:44:18,1.0,25650,413350
20231229,11:44:21,1.0,250,413350
20231229,11:44:23,1.0,500,413350
20231229,11:44:24,1.0,500,413350
20231229,11:44:25,1.0,250,413350
20231229,11:44:30,1.0,50,418000
20231229,11:44:34,1.0,50,418000
20231229,11:44:39,1.0,50,418000
20231229,11:44:52,1.05,200,418000
20231229,11:45:04,1.0,50,418000
20231229,11:45:20,1.0,50,418000
20231229,11:45:26,1.0,50,418000
20231229,11:45:29,1.0,50,418000
20231229,11:45:44,1.05,50,418000
20231229,11:45:49,1.05,750,418000
20231229,11:45:59,1.05,50,418000
20231229,11:46:02,1.05,500,418000
20231229,11:46:08,1.05,500,418000
20231229,11:46:15,1.05,50,418000
20231229,11:46:16,1.05,300,418000
20231229,11:46:17,1.0,250,418000
20231229,11:46:21,1.0,50,418000
20231229,11:46:43,1.05,50,418000
20231229,11:46:49,1.05,50,418000
20231229,11:46:56,1.0,50,418000
20231229,11:46:58,1.05,50,418000
20231229,11:47:00,1.05,50,418000
20231229,11:47:09,1.05,50,418000
20231229,11:47:15,1.05,50,418000
20231229,11:47:22,1.05,1000,418000
20231229,11:47:23,1.0,50,418000
20231229,11:47:41,1.05,250,418250
20231229,11:47:48,1.05,50,418250
20231229,11:47:55,1.05,50,418250
20231229,11:48:11,1.0,150,418250
20231229,11:48:32,1.05,150,418250
20231229,11:48:42,1.0,50,418250
20231229,11:48:43,1.0,50,418250
20231229,11:48:46,1.05,200,418250
20231229,11:49:09,1.0,50,418250
20231229,11:49:11,1.05,50,418250
20231229,11:49:50,1.0,700,418250
20231229,11:50:03,1.05,50,418250
20231229,11:50:07,1.05,50,418250
20231229,11:50:08,1.0,100,418250
20231229,11:50:11,1.0,50,418250
20231229,11:50:25,1.05,300,418250
20231229,11:50:27,1.0,50,418250
20231229,11:50:31,1.05,300,418250
20231229,11:50:45,1.05,100,418250
20231229,11:50:46,1.0,9000,418250
20231229,11:50:52,1.0,100,418250
20231229,11:50:55,1.05,50,418250
20231229,11:51:04,1.05,50,418250
20231229,11:51:10,1.0,50,418250
20231229,11:51:24,1.05,50,418250
20231229,11:51:30,1.0,50,418250
20231229,11:51:39,1.0,50,418250
20231229,11:51:59,1.05,50,418250
20231229,11:52:05,1.05,150,418250
20231229,11:52:05,1.05,1800,418250
20231229,11:52:06,1.05,3450,418250
20231229,11:52:16,1.0,1700,418250
20231229,11:52:23,1.05,100,418250
20231229,11:52:40,1.0,100,418250
20231229,11:52:45,1.05,50,418250
20231229,11:52:58,1.0,50,418250
20231229,11:53:01,1.05,3600,418250
20231229,11:53:02,1.05,50,418250
20231229,11:53:38,1.0,1800,421350
20231229,11:53:40,1.0,1800,421350
20231229,11:53:41,1.0,1800,421350
20231229,11:53:43,1.05,50,421350
20231229,11:53:46,1.05,50,421350
20231229,11:53:57,1.0,1000,421350
20231229,11:54:15,1.0,250,421350
20231229,11:54:44,1.0,100,421350
20231229,11:55:15,1.05,50,421350
20231229,11:55:17,1.05,50,421350
20231229,11:55:21,1.0,100,421350
20231229,11:55:24,1.0,3600,421350
20231229,11:55:27,1.0,500,421350
20231229,11:55:38,1.0,50,421350
20231229,11:55:38,1.0,500,421350
20231229,11:55:41,1.05,50,421350
20231229,11:55:46,1.0,200,421350
20231229,11:55:49,1.05,50,421350
20231229,11:55:53,1.0,500,421350
20231229,11:55:55,1.05,50,421350
20231229,11:55:59,1.05,50,421350
20231229,11:56:05,1.0,100,421350
20231229,11:56:06,1.05,50,421350
20231229,11:56:08,1.0,500,421350
20231229,11:56:17,1.05,50,421350
20231229,11:56:18,1.0,500,421350
20231229,11:56:23,1.05,50,421350
20231229,11:56:29,1.05,50,421350
20231229,11:56:30,1.05,100,420250
20231229,11:56:35,1.05,50,420250
20231229,11:56:38,1.05,50,420250
20231229,11:56:40,1.05,200,420250
20231229,11:56:43,1.05,500,420250
20231229,11:56:44,1.0,50,420250
20231229,11:56:45,1.05,350,420250
20231229,11:56:47,1.05,250,420250
20231229,11:56:50,1.05,450,420250
20231229,11:56:56,1.05,300,420250
20231229,11:57:01,1.05,100,420250
20231229,11:57:03,1.05,450,420250
20231229,11:57:06,1.05,300,420250
20231229,11:57:09,1.05,300,420250
20231229,11:57:11,1.05,100,420250
20231229,11:57:12,1.05,450,420250
20231229,11:57:18,1.05,100,420250
20231229,11:57:19,1.05,450,420250
20231229,11:57:22,1.05,100,420250
20231229,11:57:24,1.05,50,420250
20231229,11:57:33,1.0,200,420250
20231229,11:57:37,1.05,100,420250
20231229,11:57:38,1.05,1800,420250
20231229,11:57:47,1.05,100,420250
20231229,11:57:50,1.05,50,420250
20231229,11:57:51,1.05,250,420250
20231229,11:58:20,1.0,1800,420250
20231229,11:58:21,1.05,50,420250
20231229,11:58:23,1.05,50,420250
20231229,11:58:33,1.05,50,420250
20231229,11:58:37,1.05,50,420250
20231229,11:58:47,1.05,50,420250
20231229,11:58:55,1.05,100,420250
20231229,11:59:08,1.0,350,420250
20231229,11:59:10,1.05,1150,420250
20231229,11:59:12,1.0,250,420250
20231229,11:59:13,1.0,450,420250
20231229,11:59:17,1.05,50,420250
20231229,11:59:23,1.05,50,420250
20231229,11:59:24,1.05,50,420250
20231229,11:59:32,1.05,400,420250
20231229,11:59:45,1.05,50,421100
20231229,11:59:46,1.05,50,421100
20231229,12:00:22,1.05,150,421100
20231229,12:00:36,1.0,50,421100
20231229,12:00:48,1.0,50,421100
20231229,12:00:49,1.0,500,421100
20231229,12:00:50,1.05,50,421100
20231229,12:00:52,1.05,500,421100
20231229,12:01:02,1.0,50,421100
20231229,12:01:03,1.0,250,421100
20231229,12:01:04,1.05,500,421100
20231229,12:01:10,1.0,50,421100
20231229,12:01:14,1.05,50,421100
20231229,12:01:15,1.05,50,421100
20231229,12:01:18,1.0,150,421100
20231229,12:01:22,1.0,250,421100
20231229,12:01:31,1.05,1900,421100
20231229,12:01:32,1.05,1800,421100
20231229,12:01:38,1.05,50,421100
20231229,12:01:44,1.0,250,421100
20231229,12:01:46,1.05,500,421100
20231229,12:01:47,1.0,50,421100
20231229,12:02:02,1.0,250,421100
20231229,12:02:09,1.05,500,421100
20231229,12:02:11,1.05,100,421100
20231229,12:02:32,1.0,1800,423100
20231229,12:03:02,1.05,500,423100
20231229,12:03:04,1.0,50,423100
20231229,12:03:12,1.0,250,423100
20231229,12:03:18,1.05,500,423100
20231229,12:03:22,1.0,300,423100
20231229,12:03:23,1.05,50,423100
20231229,12:03:24,1.0,300,423100
20231229,12:03:26,1.05,250,423100
20231229,12:03:37,1.0,250,423100
20231229,12:03:41,1.05,150,423100
20231229,12:03:41,1.0,250,423100
20231229,12:03:42,1.0,250,423100
20231229,12:03:45,1.0,250,423100
20231229,12:04:02,1.05,500,423100
20231229,12:04:13,1.0,50,423100
20231229,12:04:15,1.0,250,423100
20231229,12:04:17,1.0,50,423100
20231229,12:04:18,1.0,250,423100
20231229,12:04:20,1.0,250,423100
20231229,12:04:21,1.0,800,423100
20231229,12:04:23,1.05,100,423100
20231229,12:04:29,1.0,1800,423100
20231229,12:04:33,1.0,3300,423100
20231229,12:04:51,1.0,50,423100
20231229,12:04:53,1.0,50,423100
20231229,12:04:54,1.05,50,423100
20231229,12:04:58,1.0,50,423100
20231229,12:05:02,1.05,50,423100
20231229,12:05:06,1.0,150,423100
20231229,12:05:10,1.05,150,423100
20231229,12:05:36,1.0,50,423100
20231229,12:05:49,1.05,50,428450
20231229,12:05:58,1.05,100,428450
20231229,12:06:18,1.05,200,428450
20231229,12:06:44,1.0,50,428450
20231229,12:06:59,1.05,100,428450
20231229,12:07:08,1.05,50,428450
20231229,12:07:14,1.05,50,428450
20231229,12:07:24,1.0,200,428450
20231229,12:07:25,1.05,50,428450
20231229,12:07:38,1.0,50,428450
20231229,12:07:51,1.05,100,428450
20231229,12:07:52,1.0,500,428450
20231229,12:08:07,1.05,300,428450
20231229,12:08:10,1.05,50,428450
20231229,12:08:24,1.0,350,428450
20231229,12:08:25,1.05,1550,428450
20231229,12:08:32,1.05,1000,428450
20231229,12:08:37,1.05,50,428450
20231229,12:09:01,1.05,600,428450
20231229,12:09:02,1.05,50,428450
20231229,12:09:05,1.05,300,428450
20231229,12:09:19,1.0,250,428450
20231229,12:09:21,1.0,500,428450
20231229,12:09:22,1.0,500,428450
20231229,12:09:42,1.05,450,428450
20231229,12:09:44,1.05,200,428450
20231229,12:10:00,1.05,100,428450
20231229,12:10:29,1.05,5400,428450
20231229,12:10:39,1.05,500,428450
20231229,12:10:43,1.05,50,428450
20231229,12:10:48,1.05,50,428450
20231229,12:10:57,1.05,350,428450
20231229,12:10:59,1.05,300,428450
20231229,12:11:19,1.05,50,428450
20231229,12:11:31,1.0,50,428450
20231229,12:11:39,1.05,50,422550
20231229,12:11:40,1.05,400,422550
20231229,12:11:48,1.05,500,422550
20231229,12:11:50,1.05,50,422550
20231229,12:11:53,1.05,2000,422550
20231229,12:12:00,1.05,50,422550
20231229,12:12:01,1.0,450,422550
20231229,12:12:02,1.0,50,422550
20231229,12:12:06,1.0,550,422550
20231229,12:12:10,1.0,550,422550
20231229,12:12:13,1.0,550,422550
20231229,12:12:18,1.0,300,422550
20231229,12:12:20,1.0,500,422550
20231229,12:12:22,1.0,300,422550
20231229,12:12:23,1.0,300,422550
20231229,12:12:24,1.0,500,422550
20231229,12:12:25,1.05,50,422550
20231229,12:12:26,1.0,550,422550
20231229,12:12:29,1.05,50,422550
20231229,12:12:47,1.05,100,422550
20231229,12:12:50,1.05,150,422550
20231229,12:13:01,1.0,50,422550
20231229,12:13:16,1.05,100,422550
20231229,12:13:21,1.05,500,422550
20231229,12:13:33,1.05,50,422550
20231229,12:14:06,1.05,1750,422550
20231229,12:14:21,1.05,1000,422550
20231229,12:14:27,1.05,50,422550
20231229,12:14:32,1.05,50,422550
20231229,12:14:56,1.0,50,425250
20231229,12:14:57,1.0,50,425250
20231229,12:14:58,1.0,50,425250
20231229,12:14:59,1.0,50,425250
20231229,12:15:02,1.0,200,425250
20231229,12:15:03,1.0,50,425250
20231229,12:15:12,1.05,50,425250
20231229,12:15:23,1.0,1100,425250
20231229,12:15:43,1.05,500,425250
20231229,12:15:47,1.05,50,425250
20231229,12:15:50,1.0,50,425250
20231229,12:16:09,1.05,100,425250
20231229,12:16:22,1.0,50,425250
20231229,12:16:25,1.0,50,425250
20231229,12:16:25,1.05,50,425250
20231229,12:16:31,1.0,2700,425250
20231229,12:16:33,1.05,100,425250
20231229,12:16:46,1.05,1300,425250
20231229,12:17:11,1.0,50,425250
20231229,12:17:15,1.05,50,425250
20231229,12:17:24,1.0,1800,425250
20231229,12:17:25,1.0,100,425250
20231229,12:17:39,1.0,50,423050
20231229,12:17:52,1.05,50,423050
20231229,12:18:12,1.05,500,423050
20231229,12:18:13,1.0,50,423050
20231229,12:18:17,1.0,50,423050
20231229,12:18:34,1.05,50,423050
20231229,12:18:34,1.05,1800,423050
20231229,12:18:36,1.0,1800,423050
20231229,12:18:54,1.05,50,423050
20231229,12:18:57,1.05,50,423050
20231229,12:19:06,1.05,200,423050
20231229,12:19:15,1.05,800,423050
20231229,12:19:26,1.0,950,423050
20231229,12:19:38,1.05,50,423050
20231229,12:19:47,1.05,1800,423050
20231229,12:19:51,1.05,500,423050
20231229,12:20:03,1.0,1800,423050
20231229,12:20:07,1.0,50,423050
20231229,12:20:17,1.0,250,423050
20231229,12:20:37,1.05,500,423050
20231229,12:20:38,1.0,50,420850
20231229,12:20:47,1.05,1000,420850
20231229,12:21:00,1.05,500,420850
20231229,12:21:03,1.0,700,420850
20231229,12:21:04,1.0,500,420850
20231229,12:21:06,1.0,250,420850
20231229,12:21:12,1.0,550,420850
20231229,12:21:13,1.0,300,420850
20231229,12:21:15,1.0,1800,420850
20231229,12:21:16,1.0,50,420850
20231229,12:21:18,1.0,50,420850
20231229,12:21:19,1.0,50,420850
20231229,12:21:23,1.0,500,420850
20231229,12:21:24,1.0,400,420850
20231229,12:21:25,1.05,50,420850
20231229,12:21:34,1.05,50,420850
20231229,12:21:45,1.0,800,420850
20231229,12:21:50,1.05,200,420850
20231229,12:21:52,1.0,650,420850
20231229,12:22:03,1.05,150,420850
20231229,12:22:09,1.0,250,420850
20231229,12:22:32,1.05,1800,420850
20231229,12:22:33,1.05,1800,420850
20231229,12:22:34,1.05,1800,420850
20231229,12:22:36,1.05,50,420850
20231229,12:22:40,1.0,200,420850
20231229,12:22:49,1.05,100,420850
20231229,12:23:03,1.05,500,420850
20231229,12:23:06,1.0,50,420850
20231229,12:23:10,1.05,200,420850
20231229,12:23:18,1.05,50,420850
20231229,12:23:26,1.0,50,420850
20231229,12:23:30,1.05,800,420850
20231229,12:23:37,1.0,250,420850
20231229,12:23:45,1.05,50,421150
20231229,12:23:47,1.0,2400,421150
20231229,12:23:48,1.0,1150,421150
20231229,12:23:53,1.0,22050,421150
20231229,12:23:54,1.0,500,421150
20231229,12:24:01,1.0,250,421150
20231229,12:24:03,1.0,50,421150
20231229,12:24:17,0.95,50,421150
20231229,12:24:23,0.95,1800,421150
20231229,12:24:24,0.95,13200,421150
20231229,12:24:26,0.95,50,421150
20231229,12:24:28,0.95,1750,421150
20231229,12:24:30,1.0,50,421150
20231229,12:24:32,0.95,5400,421150
20231229,12:24:39,1.0,50,421150
20231229,12:24:52,0.95,250,421150
20231229,12:24:59,0.95,250,421150
20231229,12:25:12,1.0,400,421150
20231229,12:25:20,0.95,50,421150
20231229,12:25:22,1.0,50,421150
20231229,12:25:30,1.0,50,421150
20231229,12:25:33,1.0,50,421150
20231229,12:25:45,1.0,200,421150
20231229,12:25:47,0.95,20100,421150
20231229,12:25:48,0.95,50,421150
20231229,12:25:51,0.95,500,421150
20231229,12:25:53,0.9,2000,421150
20231229,12:25:53,0.9,100,421150
20231229,12:25:54,0.9,100,421150
20231229,12:25:56,0.95,50,421150
20231229,12:26:00,0.95,20750,421150
20231229,12:26:01,1.0,100,421150
20231229,12:26:08,0.95,500,421150
20231229,12:26:20,1.0,500,421150
20231229,12:26:27,0.95,50,421150
20231229,12:26:32,1.0,50,468200
20231229,12:26:33,0.95,1800,468200
20231229,12:27:05,1.0,100,468200
20231229,12:27:23,0.95,1400,468200
20231229,12:27:25,1.0,500,468200
20231229,12:27:29,0.95,50,468200
20231229,12:27:30,0.95,50,468200
20231229,12:27:48,1.0,50,468200
20231229,12:27:57,0.95,100,468200
20231229,12:28:00,0.95,50,468200
20231229,12:28:01,0.95,150,468200
20231229,12:28:02,1.0,50,468200
20231229,12:28:05,1.0,100,468200
