date,time,tick_price,volume,open_interest
20240124,14:59:45,3.0,1,1000
20240124,14:59:45,3.05,850,1000
20240124,15:00:02,3.05,150,1000
20240124,15:01:53,3.0,400,1000
20240124,15:02:02,2.95,1050,1000
20240124,15:02:11,2.9,600,1000
20240124,15:02:19,2.9,50,1000
20240124,15:02:36,2.9,150,1000
20240124,15:02:45,2.9,50,1000
20240124,15:03:40,3.05,100,3100
20240124,15:07:53,2.85,50,3150
20240124,15:10:04,2.85,50,3200
20240124,15:10:12,2.9,50,3200
20240124,15:10:28,2.9,50,3200
20240124,15:12:09,2.85,50,3200
20240124,15:15:16,2.8,50,3050
20240124,15:16:23,2.6,50,3000
20240124,15:16:32,2.55,150,3000
20240124,15:18:54,2.5,200,3000
20240124,15:21:08,2.5,50,3000
20240124,15:23:31,2.45,400,2800
20240124,15:23:39,2.45,50,2800
20240124,15:23:47,2.45,50,2800
20240124,15:23:54,2.45,50,2800
20240124,15:24:02,2.45,150,2800
20240124,15:24:11,2.45,100,2800
20240124,15:24:59,2.45,150,2000
20240124,15:25:53,2.45,50,2000
20240124,15:27:02,2.4,50,2000
20240124,15:27:11,2.4,350,2000
20240124,15:27:27,2.4,400,2000
20240124,15:27:36,2.6,300,1700
20240124,15:27:44,2.6,150,1700
20240124,15:27:53,2.6,450,1700
20240124,15:28:43,2.5,150,1700
20240124,15:28:51,2.5,650,1700
20240124,15:28:59,2.5,50,1700
20240124,15:29:24,2.5,50,1700
20240124,15:29:42,2.45,100,1700
20240125,09:15:18,2.55,1,600
20240125,09:15:18,2.65,450,600
20240125,09:15:28,2.5,300,600
20240125,09:15:55,2.5,100,600
20240125,09:16:04,2.5,150,600
20240125,09:16:23,2.5,100,600
20240125,09:16:31,2.5,50,600
20240125,09:16:40,2.5,200,600
20240125,09:17:07,2.5,750,600
20240125,09:17:24,2.5,50,600
20240125,09:17:32,2.35,250,600
20240125,09:18:27,2.35,100,1750
20240125,09:18:36,2.55,100,1750
20240125,09:18:54,2.55,50,1750
20240125,09:19:03,2.6,50,1750
20240125,09:19:13,2.65,550,1750
20240125,09:19:22,2.7,50,1750
20240125,09:19:32,2.7,50,1750
20240125,09:19:41,2.7,250,1750
20240125,09:22:21,2.7,150,1900
20240125,09:22:39,2.75,50,1900
20240125,09:23:13,2.85,50,1900
20240125,09:23:21,2.85,50,1900
20240125,09:23:37,2.9,50,1900
20240125,09:23:56,3.0,550,1850
20240125,09:24:06,3.05,150,1850
20240125,09:24:16,3.15,200,1850
20240125,09:24:25,3.15,600,1850
20240125,09:24:33,3.15,250,1850
20240125,09:24:40,3.15,100,1850
20240125,09:24:48,3.3,1050,1850
20240125,09:25:16,3.25,150,1850
20240125,09:25:35,3.25,100,1850
20240125,09:26:09,3.15,200,1850
20240125,09:26:18,3.1,50,1850
20240125,09:26:27,3.1,50,1850
20240125,09:27:03,3.1,50,3550
20240125,09:27:12,3.1,50,3550
20240125,09:27:31,3.1,50,3550
20240125,09:27:40,3.05,50,3550
20240125,09:27:48,3.0,150,3550
20240125,09:28:07,2.95,200,3550
20240125,09:28:17,2.9,100,3550
20240125,09:28:54,3.0,350,3550
20240125,09:29:03,3.0,300,3550
20240125,09:29:13,2.95,50,3550
20240125,09:29:37,2.95,50,3550
20240125,09:30:06,2.9,50,4000
20240125,09:31:26,2.85,50,4000
20240125,09:31:34,2.85,50,4000
20240125,09:31:44,2.9,50,4000
20240125,09:31:53,2.9,150,4000
20240125,09:32:02,2.9,100,4000
20240125,09:32:11,2.9,250,4000
20240125,09:32:21,2.9,200,4000
20240125,09:32:29,2.9,250,4000
20240125,09:32:47,2.9,850,4000
20240125,09:32:55,2.9,250,4000
20240125,09:33:04,2.95,50,5800
20240125,09:33:13,3.0,50,5800
20240125,09:33:21,3.0,100,5800
20240125,09:33:29,3.0,100,5800
20240125,09:33:43,2.95,1200,5800
20240125,09:34:14,3.0,400,5800
20240125,09:34:24,3.05,200,5800
20240125,09:34:33,3.05,200,5800
20240125,09:34:50,3.0,250,5800
20240125,09:35:00,3.05,450,5800
20240125,09:35:09,3.05,50,5800
20240125,09:35:27,2.9,50,5800
20240125,09:36:00,2.95,100,7450
20240125,09:36:08,2.9,350,7450
20240125,09:36:16,2.85,100,7450
20240125,09:36:24,2.85,150,7450
20240125,09:36:42,2.85,50,7450
20240125,09:37:07,2.85,50,7450
20240125,09:37:16,2.85,100,7450
20240125,09:37:23,2.85,100,7450
20240125,09:38:12,2.8,150,7450
20240125,09:39:09,2.85,50,7700
20240125,09:39:42,2.9,200,7700
20240125,09:39:52,2.85,100,7700
20240125,09:40:40,2.85,50,7700
20240125,09:41:21,2.9,50,7700
20240125,09:42:21,3.0,50,7800
20240125,09:42:47,3.0,150,7800
20240125,09:43:10,2.9,50,7800
20240125,09:43:18,2.9,50,7800
20240125,09:44:39,3.0,100,7800
20240125,09:45:07,2.95,50,7950
20240125,09:45:16,2.95,50,7950
20240125,09:45:52,3.05,1100,7950
20240125,09:46:00,2.95,150,7950
20240125,09:47:05,2.9,100,7950
20240125,09:47:13,2.85,100,7950
20240125,09:47:49,3.05,50,7950
20240125,09:47:58,3.05,150,7950
20240125,09:50:49,2.95,50,9100
20240125,09:52:32,3.05,150,9050
20240125,09:52:41,3.05,50,9050
20240125,09:52:58,2.9,100,9050
20240125,09:55:41,3.05,50,9150
20240125,09:55:59,3.1,100,9150
20240125,09:56:07,3.05,100,9150
20240125,09:56:38,3.1,100,9150
20240125,09:56:46,3.2,100,9150
20240125,09:57:39,3.15,50,9100
20240125,09:58:11,3.1,200,9100
20240125,09:59:29,3.15,50,9100
20240125,10:00:03,3.15,100,9150
20240125,10:00:11,3.2,100,9150
20240125,10:00:18,3.2,200,9150
20240125,10:03:44,3.2,50,9550
20240125,10:03:51,3.3,600,9550
20240125,10:05:42,3.05,50,9550
20240125,10:07:37,3.1,50,10150
20240125,10:07:51,3.1,50,10150
20240125,10:08:20,3.9,9500,10150
20240125,10:08:27,3.15,1150,10150
20240125,10:08:49,3.15,100,10150
20240125,10:09:19,3.15,50,16950
20240125,10:09:42,3.15,50,16950
20240125,10:09:58,3.15,50,16950
20240125,10:10:07,3.05,900,16950
20240125,10:10:25,3.05,150,16950
20240125,10:10:43,3.1,100,16950
20240125,10:10:59,3.1,250,16950
20240125,10:11:58,3.1,50,16950
20240125,10:12:06,3.1,50,16950
20240125,10:12:31,3.15,50,16950
20240125,10:12:48,3.15,400,16950
20240125,10:12:56,3.15,50,16950
20240125,10:13:19,3.1,50,16950
20240125,10:13:26,3.1,50,16950
20240125,10:13:34,3.1,50,16950
20240125,10:15:40,3.1,50,17000
20240125,10:16:12,3.1,350,17000
20240125,10:16:21,3.1,50,17000
20240125,10:16:39,3.05,150,17000
20240125,10:16:49,3.0,100,17000
20240125,10:17:15,3.05,200,17000
20240125,10:19:01,3.05,50,16950
20240125,10:19:48,3.15,150,16950
20240125,10:20:57,3.1,100,16950
20240125,10:21:06,3.15,100,16950
20240125,10:21:44,3.1,50,16950
20240125,10:21:53,3.1,50,16950
20240125,10:22:28,3.05,50,16950
20240125,10:22:45,3.05,200,16950
20240125,10:22:54,3.05,350,16950
20240125,10:23:28,3.1,100,16950
20240125,10:23:46,3.1,100,16950
20240125,10:23:55,3.1,350,16950
20240125,10:24:30,3.15,100,17050
20240125,10:24:37,3.0,100,17050
20240125,10:24:54,3.05,50,17050
20240125,10:25:11,3.15,50,17050
20240125,10:25:28,3.15,50,17050
20240125,10:25:53,3.1,50,17050
20240125,10:26:11,3.2,250,17050
20240125,10:26:21,3.1,100,17050
20240125,10:26:47,3.05,50,17050
20240125,10:26:56,3.0,150,17050
20240125,10:27:13,3.05,50,16850
20240125,10:27:30,3.05,50,16850
20240125,10:27:38,3.0,50,16850
20240125,10:28:17,3.05,100,16850
20240125,10:28:26,3.0,1500,16850
20240125,10:28:34,2.95,50,16850
20240125,10:28:51,2.95,250,16850
20240125,10:29:25,2.9,50,16850
20240125,10:31:47,2.85,50,16850
20240125,10:32:04,2.85,50,16850
20240125,10:32:13,2.8,50,16850
20240125,10:32:57,2.1,9600,16850
20240125,10:33:05,2.75,1600,10550
20240125,10:33:14,2.75,700,10550
20240125,10:34:15,2.8,50,10550
20240125,10:34:32,2.8,50,10550
20240125,10:34:40,2.8,50,10550
20240125,10:34:58,2.85,100,10550
20240125,10:36:05,2.85,250,10550
20240125,10:36:22,2.95,850,9150
20240125,10:36:38,2.95,50,9150
20240125,10:36:46,2.95,200,9150
20240125,10:36:55,2.95,100,9150
20240125,10:37:20,3.0,50,9150
20240125,10:37:28,2.95,100,9150
20240125,10:38:29,2.9,650,9150
20240125,10:40:13,2.95,800,10100
20240125,10:40:29,2.95,100,10100
20240125,10:40:37,2.95,150,10100
20240125,10:40:54,2.95,50,10100
20240125,10:41:03,2.95,50,10100
20240125,10:41:11,2.95,100,10100
20240125,10:41:37,2.95,50,10100
20240125,10:41:54,2.95,150,10100
20240125,10:42:27,3.0,100,10150
20240125,10:42:37,3.0,300,10150
20240125,10:42:46,3.0,100,10150
20240125,10:43:04,3.05,50,10150
20240125,10:43:12,3.05,50,10150
20240125,10:43:56,3.1,250,10150
20240125,10:44:14,3.05,50,10150
20240125,10:45:40,3.1,50,10800
20240125,10:46:04,3.05,50,10800
20240125,10:46:21,3.05,50,10800
20240125,10:48:08,3.05,550,10800
20240125,10:48:56,3.0,200,11450
20240125,10:49:11,2.95,350,11450
20240125,10:49:18,2.95,550,11450
20240125,10:49:53,2.95,100,11450
20240125,10:52:21,2.9,100,12250
20240125,10:52:29,2.9,250,12250
20240125,10:53:23,2.85,1100,12250
20240125,10:53:32,2.9,250,12250
20240125,10:53:39,2.9,50,12250
20240125,10:54:24,2.9,250,11450
20240125,10:54:33,2.9,350,11450
20240125,10:54:42,2.9,450,11450
20240125,10:54:50,2.9,100,11450
20240125,10:55:25,2.9,550,11450
20240125,10:56:08,2.9,250,11450
20240125,10:56:16,2.85,150,11450
20240125,10:58:42,2.9,250,12650
20240125,10:59:05,2.95,200,12650
20240125,11:00:42,3.05,200,12900
20240125,11:01:07,2.95,50,12900
20240125,11:02:15,3.05,300,12900
20240125,11:02:33,2.95,50,12900
20240125,11:02:59,2.9,50,12900
20240125,11:03:16,2.9,100,13300
20240125,11:04:35,2.95,50,13300
20240125,11:04:44,3.05,50,13300
20240125,11:05:50,3.0,100,13300
20240125,11:05:59,3.05,50,13300
20240125,11:06:17,3.05,50,13350
20240125,11:06:25,3.05,50,13350
20240125,11:06:40,2.95,1800,13350
20240125,11:08:17,3.05,50,13350
20240125,11:09:09,2.9,350,13350
20240125,11:09:16,2.95,50,12150
20240125,11:09:24,2.95,50,12150
20240125,11:09:41,2.95,50,12150
20240125,11:09:48,2.95,550,12150
20240125,11:09:56,2.95,150,12150
20240125,11:11:08,2.85,50,12150
20240125,11:11:53,2.75,150,12150
20240125,11:12:02,2.75,100,12150
20240125,11:12:11,2.8,100,12600
20240125,11:12:27,2.8,200,12600
20240125,11:13:12,2.85,50,12600
20240125,11:13:43,2.85,50,12600
20240125,11:14:01,2.85,50,12600
20240125,11:14:25,2.85,50,12600
20240125,11:14:48,2.9,50,12600
20240125,11:16:03,2.9,50,12750
20240125,11:16:50,2.85,100,12750
20240125,11:18:09,2.85,50,12750
20240125,11:18:17,2.85,50,12750
20240125,11:18:42,2.85,550,12750
20240125,11:18:52,2.85,400,12750
20240125,11:19:15,2.8,50,12750
20240125,11:20:19,2.8,50,12750
20240125,11:20:29,2.8,50,12750
20240125,11:21:16,2.75,50,12650
20240125,11:21:50,2.7,50,12650
20240125,11:22:44,2.7,100,12650
20240125,11:26:12,2.75,50,12550
20240125,11:26:36,2.8,50,12550
20240125,11:27:27,2.85,50,12600
20240125,11:27:54,2.85,50,12600
20240125,11:28:36,2.9,50,12600
20240125,11:28:44,2.95,550,12600
20240125,11:28:59,3.2,2250,12600
20240125,11:29:07,2.9,250,12600
20240125,11:29:15,2.95,600,12600
20240125,11:29:23,2.95,50,12600
20240125,11:29:31,2.9,150,12600
20240125,11:31:01,2.9,50,15300
20240125,11:32:57,2.85,150,15300
20240125,11:34:07,2.8,50,15400
20240125,11:35:48,2.7,250,15400
20240125,11:35:57,2.7,100,15400
20240125,11:36:21,2.7,50,15100
20240125,11:36:30,2.7,350,15100
20240125,11:36:45,2.7,50,15100
20240125,11:36:58,2.7,100,15100
20240125,11:37:15,2.7,50,15100
20240125,11:37:40,2.55,2900,15100
20240125,11:38:20,2.65,100,15100
20240125,11:38:28,2.65,50,15100
20240125,11:39:10,2.65,50,15100
20240125,11:40:05,2.6,50,13150
20240125,11:40:24,2.65,100,13150
20240125,11:40:34,2.55,250,13150
20240125,11:40:43,2.6,200,13150
20240125,11:40:52,2.6,50,13150
20240125,11:41:02,2.6,100,13150
20240125,11:41:11,2.6,350,13150
20240125,11:41:37,2.6,50,13150
20240125,11:41:45,2.6,150,13150
20240125,11:42:37,2.55,200,13250
20240125,11:42:46,2.55,150,13250
20240125,11:43:02,2.55,100,13250
20240125,11:43:10,2.55,150,13250
20240125,11:43:37,2.6,2100,13250
20240125,11:43:54,2.5,1200,13250
20240125,11:44:03,2.5,50,13250
20240125,11:44:13,2.45,150,13250
20240125,11:45:37,2.5,100,14150
20240125,11:45:55,2.55,200,14150
20240125,11:47:09,2.5,100,14150
20240125,11:49:50,2.45,50,14150
20240125,11:49:58,2.45,50,14150
20240125,11:50:59,2.45,50,14150
20240125,11:51:08,2.45,50,14150
20240125,11:51:16,2.45,450,14500
20240125,11:51:33,2.45,350,14500
20240125,11:51:41,2.55,200,14500
20240125,11:51:49,2.5,500,14500
20240125,11:52:07,2.55,400,14500
20240125,11:52:14,2.55,50,14500
20240125,11:52:23,2.55,50,14500
20240125,11:52:39,2.55,50,14500
20240125,11:54:41,2.5,50,13500
20240125,11:55:46,2.45,1550,13500
20240125,11:56:09,2.5,100,13500
20240125,11:56:25,2.45,50,13500
20240125,11:57:49,2.45,100,13100
20240125,11:58:06,2.5,50,13100
20240125,11:59:01,2.45,200,13100
20240125,11:59:26,2.4,1050,13100
20240125,11:59:42,2.45,150,13100
20240125,12:00:29,2.45,50,12450
20240125,12:00:53,2.45,50,12450
20240125,12:01:11,2.5,50,12450
20240125,12:02:17,2.45,50,12450
20240125,12:03:05,2.45,250,12450
20240125,12:03:13,2.5,200,12450
20240125,12:03:28,2.45,250,12500
20240125,12:05:48,2.45,150,12500
20240125,12:06:18,2.45,250,12750
20240125,12:06:26,2.5,400,12750
20240125,12:06:33,2.5,200,12750
20240125,12:06:49,2.5,250,12750
20240125,12:06:57,2.5,50,12750
20240125,12:07:05,2.5,200,12750
20240125,12:08:17,2.5,50,12750
20240125,12:08:25,2.55,1000,12750
20240125,12:08:33,2.55,100,12750
20240125,12:08:50,2.5,500,12750
20240125,12:13:03,2.4,50,12600
20240125,12:14:18,2.5,100,12600
20240125,12:15:56,2.45,50,12700
20240125,12:16:04,2.45,50,12700
20240125,12:16:40,2.45,50,12700
20240125,12:19:30,2.45,250,12600
20240125,12:20:09,2.4,300,12600
20240125,12:21:27,2.35,50,12450
20240125,12:22:12,2.4,150,12450
20240125,12:27:03,2.4,100,12300
20240125,12:27:59,2.35,50,12300
20240125,12:29:26,2.4,250,12300
20240125,12:32:28,2.4,50,12350
20240125,12:32:50,2.45,50,12350
20240125,12:33:59,2.4,50,12400
20240125,12:36:28,2.4,1750,12400
20240125,12:37:55,2.4,50,12400
20240125,12:38:24,2.4,50,12400
20240125,12:38:31,2.4,50,12400
20240125,12:38:39,2.4,50,12400
20240125,12:40:09,2.4,250,11850
20240125,12:41:33,2.45,1000,11850
20240125,12:48:32,2.35,250,10900
20240125,12:49:16,2.3,2450,10900
20240125,12:53:57,2.35,200,9650
20240125,12:59:59,2.4,50,9450
20240125,13:05:00,2.35,50,9450
20240125,13:06:50,2.4,50,9450
20240125,13:10:26,2.3,50,9500
20240125,13:10:33,2.3,150,9500
20240125,13:10:39,2.3,50,9500
20240125,13:12:08,2.4,750,9500
20240125,13:12:14,2.4,50,9500
20240125,13:12:28,2.45,650,9500
20240125,13:13:05,2.5,400,8850
20240125,13:14:21,2.4,250,8850
20240125,13:14:28,2.4,200,8850
20240125,13:15:55,2.35,50,8250
20240125,13:16:23,2.35,100,8250
20240125,13:16:45,2.4,50,8250
20240125,13:17:18,2.35,50,8250
20240125,13:17:41,2.35,50,8250
20240125,13:23:12,2.35,50,8250
20240125,13:23:25,2.35,50,8250
20240125,13:23:52,2.4,450,8250
20240125,13:24:26,2.4,50,8400
20240125,13:25:05,2.45,250,8400
20240125,13:25:20,2.5,200,8400
20240125,13:26:18,2.45,200,8400
20240125,13:27:42,2.5,300,9100
20240125,13:30:33,2.5,100,9150
20240125,13:31:39,2.5,300,9150
20240125,13:32:19,2.55,2100,9150
20240125,13:32:48,2.5,50,9150
20240125,13:32:55,2.5,50,9150
20240125,13:34:14,2.5,800,10400
20240125,13:34:56,2.5,50,10400
20240125,13:39:24,2.45,300,10800
20240125,13:39:32,2.5,650,10800
20240125,13:40:13,2.5,200,10800
20240125,13:40:20,2.5,50,10800
20240125,13:40:46,2.55,50,10800
20240125,13:40:52,2.55,50,10800
20240125,13:41:12,2.6,50,10800
20240125,13:41:38,2.55,50,10800
20240125,13:42:11,2.55,50,10800
20240125,13:42:36,2.6,1100,11400
20240125,13:42:48,2.65,700,11400
20240125,13:43:14,2.6,300,11400
20240125,13:43:54,2.7,50,11400
20240125,13:44:00,2.65,150,11400
20240125,13:44:07,2.65,350,11400
20240125,13:44:14,2.7,800,11400
20240125,13:44:21,2.65,250,11400
20240125,13:44:53,2.7,2200,11400
20240125,13:45:42,2.65,250,15600
20240125,13:46:48,2.65,200,15600
20240125,13:47:13,2.65,50,15600
20240125,13:48:10,2.65,50,15600
20240125,13:48:41,2.7,50,16050
20240125,13:48:48,2.7,950,16050
20240125,13:50:31,2.7,1650,16050
20240125,13:50:53,2.75,450,16050
20240125,13:51:08,2.75,150,16050
20240125,13:51:16,2.75,200,16050
20240125,13:51:49,2.7,50,15800
20240125,13:52:06,2.7,50,15800
20240125,13:52:14,2.75,250,15800
20240125,13:52:30,2.8,900,15800
20240125,13:53:38,2.8,150,15800
20240125,13:54:42,2.85,100,16850
20240125,13:56:52,2.8,300,16850
20240125,13:56:59,2.8,250,16850
20240125,13:57:06,2.8,2050,16850
20240125,13:57:51,2.8,150,19000
20240125,13:58:06,2.8,200,19000
20240125,13:59:02,2.8,150,19000
20240125,13:59:17,2.8,100,19000
20240125,13:59:40,2.8,150,19000
20240125,13:59:56,2.85,150,19000
20240125,14:01:13,2.8,50,19900
20240125,14:01:20,2.75,100,19900
20240125,14:01:28,2.75,200,19900
20240125,14:01:44,2.8,150,19900
20240125,14:01:52,2.75,50,19900
20240125,14:02:23,2.75,300,19900
20240125,14:02:54,2.8,100,19900
20240125,14:03:02,2.85,600,19900
20240125,14:06:59,2.8,50,20500
20240125,14:07:15,2.8,1050,20500
20240125,14:07:22,2.8,450,20500
20240125,14:08:07,2.8,250,20500
20240125,14:09:24,2.8,2050,20500
20240125,14:10:12,2.8,100,24250
20240125,14:10:53,2.8,100,24250
20240125,14:12:06,2.8,250,24250
20240125,14:13:31,2.85,250,24700
20240125,14:14:05,2.8,100,24700
20240125,14:14:13,2.85,100,24700
20240125,14:14:22,2.8,50,24700
20240125,14:15:05,2.85,100,24700
20240125,14:15:34,2.8,50,24700
20240125,14:15:41,2.85,100,25150
20240125,14:15:48,2.8,250,25150
20240125,14:15:54,2.8,100,25150
20240125,14:16:01,2.8,750,25150
20240125,14:16:28,2.9,450,25150
20240125,14:16:34,2.9,850,25150
20240125,14:17:00,2.9,6850,25150
20240125,14:18:46,2.85,400,25550
20240125,14:20:44,2.9,350,25550
20240125,14:20:50,2.85,100,25550
20240125,14:21:10,2.85,50,25550
20240125,14:21:17,2.85,50,25550
20240125,14:21:49,2.85,250,25850
20240125,14:22:01,2.9,50,25850
20240125,14:22:08,2.9,350,25850
20240125,14:22:36,2.85,100,25850
20240125,14:22:44,2.9,2150,25850
20240125,14:23:18,2.85,200,25850
20240125,14:24:14,2.7,4000,25850
20240125,14:24:20,2.85,300,25850
20240125,14:24:27,2.75,100,25850
20240125,14:24:33,2.75,350,25850
20240125,14:24:39,2.75,600,29050
20240125,14:24:45,2.75,200,29050
20240125,14:24:52,2.75,450,29050
20240125,14:24:58,2.75,300,29050
20240125,14:25:05,2.7,250,29050
20240125,14:25:12,2.8,200,29050
20240125,14:25:18,2.75,50,29050
20240125,14:25:25,2.75,100,29050
20240125,14:25:31,2.8,250,29050
20240125,14:26:28,2.8,50,29050
20240125,14:26:54,2.75,100,29050
20240125,14:27:41,2.75,150,29600
20240125,14:27:54,2.75,100,29600
20240125,14:28:58,2.7,50,29600
20240125,14:29:04,2.7,100,29600
20240125,14:29:11,2.65,550,29600
20240125,14:30:15,2.65,350,29600
20240125,14:30:22,2.65,100,29600
20240125,14:30:29,2.65,200,29600
20240125,14:30:37,2.65,50,29300
20240125,14:30:44,2.65,100,29300
20240125,14:30:58,2.65,50,29300
20240125,14:31:59,2.6,600,29300
20240125,14:32:55,2.6,1800,29300
20240125,14:33:02,2.6,450,29300
20240125,14:33:52,2.55,1050,30950
20240125,14:34:11,2.55,2300,30950
20240125,14:34:43,2.6,150,30950
20240125,14:36:38,2.65,750,33650
20240125,14:36:51,2.65,1950,33650
20240125,14:37:05,2.65,450,33650
20240125,14:37:29,2.6,300,33650
20240125,14:37:54,2.55,150,33650
20240125,14:38:00,2.55,100,33650
20240125,14:38:12,2.55,100,33650
20240125,14:38:18,2.6,1800,33650
20240125,14:38:36,2.55,150,33650
20240125,14:38:43,2.55,1500,33650
20240125,14:38:59,2.6,50,33650
20240125,14:39:27,2.6,100,33650
20240125,14:39:34,2.65,1800,33650
20240125,14:39:56,2.65,50,39450
20240125,14:41:05,2.55,2900,39450
20240125,14:41:18,2.6,200,39450
20240125,14:41:30,2.6,1800,39450
20240125,14:43:09,2.55,1350,38400
20240125,14:43:47,2.55,2250,38400
20240125,14:44:09,2.55,100,38400
20240125,14:44:17,2.55,1400,38400
20240125,14:44:24,2.6,2200,38400
20240125,14:45:29,2.6,650,38400
20240125,14:45:48,2.6,300,42000
20240125,14:46:20,2.6,2250,42000
20240125,14:46:40,2.6,600,42000
20240125,14:46:47,2.6,1000,42000
20240125,14:46:53,2.6,200,42000
20240125,14:46:59,2.6,450,42000
20240125,14:47:04,2.6,50,42000
20240125,14:47:09,2.65,1800,42000
20240125,14:47:58,2.6,50,42000
20240125,14:48:03,2.6,50,42000
20240125,14:50:02,2.6,300,47150
20240125,14:50:19,2.6,50,47150
20240125,14:50:30,2.7,250,47150
20240125,14:50:47,2.7,450,47150
20240125,14:50:52,2.7,100,47150
20240125,14:50:58,2.7,450,47150
20240125,14:51:22,2.75,2700,47150
20240125,14:51:28,2.7,150,47150
20240125,14:51:51,2.7,650,49450
20240125,14:54:03,2.65,250,49450
20240125,14:54:10,2.7,1900,49450
20240125,14:54:16,2.65,200,49450
20240125,14:54:50,2.65,150,50600
20240125,14:55:30,2.6,900,50600
20240125,14:55:43,2.65,300,50600
20240125,14:55:49,2.7,2750,50600
20240125,14:56:08,2.65,550,50600
20240125,14:57:07,2.65,100,50600
20240125,14:58:22,2.65,100,50600
20240125,14:58:35,2.6,2050,53700
20240125,14:58:41,2.6,200,53700
20240125,14:59:05,2.6,2000,53700
20240125,14:59:58,2.6,100,53700
20240125,15:00:05,2.55,100,53700
20240125,15:01:14,2.5,250,53400
20240125,15:01:38,2.5,1050,53400
20240125,15:01:53,2.5,850,53400
20240125,15:02:33,2.55,100,53400
20240125,15:02:47,2.55,650,53400
20240125,15:03:01,2.55,1650,53400
20240125,15:03:32,2.55,100,53400
20240125,15:04:19,2.55,200,54200
20240125,15:04:59,2.55,100,54200
20240125,15:05:17,2.5,200,54200
20240125,15:05:26,2.5,2150,54200
20240125,15:05:34,2.5,450,54200
20240125,15:06:33,2.5,100,54200
20240125,15:07:27,2.5,50,53800
20240125,15:08:40,2.4,300,53800
20240125,15:08:55,2.45,50,53800
20240125,15:09:13,2.45,200,53800
20240125,15:09:22,2.5,900,53800
20240125,15:10:05,2.45,50,54000
20240125,15:10:27,2.5,100,54000
20240125,15:10:35,2.45,100,54000
20240125,15:10:42,2.45,150,54000
20240125,15:10:49,2.5,300,54000
20240125,15:11:37,2.45,350,54000
20240125,15:11:44,2.6,1800,54000
20240125,15:11:59,2.45,900,54000
20240125,15:12:42,2.4,300,54000
20240125,15:12:51,2.5,100,55650
20240125,15:13:00,2.45,50,55650
20240125,15:14:22,2.55,250,55650
20240125,15:14:31,2.55,400,55650
20240125,15:17:10,2.4,2050,56200
20240125,15:17:17,2.35,2150,56200
20240125,15:17:26,2.35,1200,56200
20240125,15:17:36,2.35,900,56200
20240125,15:17:44,2.35,650,56200
20240125,15:17:51,2.4,350,56200
20240125,15:17:57,2.35,250,56200
20240125,15:18:25,2.4,300,56200
20240125,15:18:54,2.35,200,59250
20240125,15:19:32,2.35,150,59250
20240125,15:19:52,2.35,250,59250
20240125,15:20:19,2.0,6800,59250
20240125,15:20:26,2.0,900,59250
20240125,15:20:33,2.25,50,59250
20240125,15:21:11,2.2,300,59250
20240125,15:21:45,2.25,450,59250
20240125,15:21:58,2.25,150,58850
20240125,15:22:17,2.2,50,58850
20240125,15:22:29,2.2,150,58850
20240125,15:22:35,2.25,700,58850
20240125,15:22:49,2.25,3300,58850
20240125,15:23:01,2.25,50,58850
20240125,15:23:08,2.25,50,58850
20240125,15:23:14,2.25,1200,58850
20240125,15:23:21,2.25,650,58850
20240125,15:23:27,2.25,1300,58850
20240125,15:23:35,2.3,200,58850
20240125,15:23:50,2.25,150,58850
20240125,15:23:57,2.25,1000,58850
20240125,15:24:04,2.25,100,58850
20240125,15:24:26,2.3,250,58850
20240125,15:25:34,2.3,150,55350
20240125,15:25:48,2.15,3100,55350
20240125,15:25:56,2.25,500,55350
20240125,15:26:32,2.3,1700,55350
20240125,15:26:47,2.3,150,55350
20240125,15:26:55,2.35,400,55350
20240125,15:27:03,2.35,250,55350
20240125,15:27:10,2.35,50,55350
20240125,15:27:18,2.35,750,55350
20240125,15:27:27,2.4,700,55350
20240125,15:27:35,2.35,600,55350
20240125,15:27:44,2.35,2000,52250
20240125,15:27:52,2.35,2850,52250
20240125,15:28:01,2.4,4850,52250
20240125,15:28:09,2.45,450,52250
20240125,15:28:17,2.8,5650,52250
20240125,15:28:26,3.4,7250,52250
20240125,15:28:35,3.25,2700,52250
20240125,15:28:43,3.1,650,52250
20240125,15:28:51,2.9,150,52250
20240125,15:29:05,2.95,400,52250
20240125,15:29:12,2.85,150,52250
20240125,15:29:19,2.1,500,52250
20240125,15:29:49,2.95,250,52250
20240125,15:29:57,3.0,300,52250
20240129,09:15:00,3.5,1,62650
20240129,09:15:00,2.5,550,62650
20240129,09:15:01,2.5,50,62650
20240129,09:15:03,2.45,350,62650
20240129,09:15:04,2.45,250,62650
20240129,09:15:05,2.4,300,62650
20240129,09:15:06,2.4,50,62650
20240129,09:15:07,2.55,2300,62650
20240129,09:15:08,2.55,1050,62650
20240129,09:15:09,2.5,50,62650
20240129,09:15:10,2.55,50,62650
20240129,09:15:11,2.55,100,62650
20240129,09:15:12,2.45,200,62650
20240129,09:15:14,2.4,500,62650
20240129,09:15:15,2.25,200,62650
20240129,09:15:19,2.05,250,62650
20240129,09:15:20,2.0,100,62650
20240129,09:15:21,2.0,200,62650
20240129,09:15:23,2.0,50,62650
20240129,09:15:24,2.0,400,62650
20240129,09:15:25,2.15,450,62650
20240129,09:15:27,2.15,50,62650
20240129,09:15:30,2.4,3900,62650
20240129,09:15:30,2.05,100,62650
20240129,09:15:37,2.1,250,62650
20240129,09:15:41,2.1,50,62650
20240129,09:15:49,2.05,50,62650
20240129,09:15:51,2.05,50,62650
20240129,09:15:52,2.1,50,62650
20240129,09:15:53,2.05,100,62650
20240129,09:15:54,2.1,100,62650
20240129,09:15:56,2.05,100,62650
20240129,09:16:01,2.0,50,62650
20240129,09:16:10,2.0,400,62650
20240129,09:16:12,2.0,450,62650
20240129,09:16:13,1.95,250,62650
20240129,09:16:15,1.95,1200,62650
20240129,09:16:16,2.0,50,62650
20240129,09:16:18,2.1,1100,62650
20240129,09:16:19,2.1,600,62650
20240129,09:16:35,2.0,250,62650
20240129,09:16:37,2.0,50,62650
20240129,09:16:44,1.95,350,62650
20240129,09:16:47,1.95,100,62650
20240129,09:16:49,1.95,100,62650
20240129,09:16:55,1.95,100,62650
20240129,09:16:58,2.0,300,62650
20240129,09:17:00,2.05,50,62650
20240129,09:17:05,2.0,50,62650
20240129,09:17:11,2.05,1800,73350
20240129,09:17:13,2.05,1950,73350
20240129,09:17:16,2.05,400,73350
20240129,09:17:22,2.05,1450,73350
20240129,09:17:24,2.1,1200,73350
20240129,09:17:25,2.05,100,73350
20240129,09:17:37,2.1,100,73350
20240129,09:17:39,2.1,50,73350
20240129,09:17:46,2.1,50,73350
20240129,09:17:48,2.1,50,73350
20240129,09:18:11,2.1,100,73350
20240129,09:18:15,2.1,50,73350
20240129,09:18:17,2.1,950,73350
20240129,09:18:19,2.1,50,73350
20240129,09:18:20,2.1,300,73350
20240129,09:18:33,2.1,350,73350
20240129,09:18:52,2.1,1350,73350
20240129,09:18:53,2.1,50,73350
20240129,09:18:56,2.1,50,73350
20240129,09:19:02,2.1,400,73350
20240129,09:19:08,2.1,50,73350
20240129,09:19:10,2.1,100,73350
20240129,09:19:16,2.1,1300,73350
20240129,09:19:35,2.15,1800,73350
20240129,09:19:47,2.1,1500,73350
20240129,09:19:53,2.1,1500,73350
20240129,09:19:56,2.1,1600,73350
20240129,09:20:14,2.1,50,73350
20240129,09:20:26,2.1,500,82200
20240129,09:20:31,2.1,1800,82200
20240129,09:20:32,2.1,1100,82200
20240129,09:20:33,2.15,1800,82200
20240129,09:20:34,2.15,1800,82200
20240129,09:20:36,2.1,1200,82200
20240129,09:20:41,2.15,950,82200
20240129,09:20:42,2.15,4200,82200
20240129,09:20:43,2.15,650,82200
20240129,09:20:46,2.2,1050,82200
20240129,09:20:51,2.2,50,82200
20240129,09:20:54,2.25,50,82200
20240129,09:20:55,2.25,400,82200
20240129,09:20:56,2.25,400,82200
20240129,09:20:59,2.25,550,82200
20240129,09:21:05,2.25,50,82200
20240129,09:21:07,2.25,2250,82200
20240129,09:21:08,2.25,500,82200
20240129,09:21:10,2.3,1800,82200
20240129,09:21:11,2.3,1800,82200
20240129,09:21:12,2.3,400,82200
20240129,09:21:14,2.35,1800,82200
20240129,09:21:15,2.35,1200,82200
20240129,09:21:27,2.35,300,82200
20240129,09:21:28,2.35,450,82200
20240129,09:21:33,2.35,550,82200
20240129,09:21:36,2.35,50,82200
20240129,09:21:41,2.3,1000,82200
20240129,09:21:43,2.3,1700,82200
20240129,09:21:48,2.3,200,82200
20240129,09:22:00,2.25,1200,82200
20240129,09:22:10,2.3,1850,82200
20240129,09:22:11,2.25,250,82200
20240129,09:22:25,2.25,3600,82200
20240129,09:22:26,2.3,1850,82200
20240129,09:22:27,2.3,1800,82200
20240129,09:22:33,2.25,400,82200
20240129,09:22:34,2.3,50,82200
20240129,09:22:51,2.25,1200,82200
20240129,09:22:57,2.3,5450,82200
20240129,09:23:00,2.25,150,82200
20240129,09:23:10,2.25,200,82200
20240129,09:23:13,2.3,50,111150
20240129,09:23:14,2.25,50,111150
20240129,09:23:16,2.25,1100,111150
20240129,09:23:17,2.3,2550,111150
20240129,09:23:18,2.3,1850,111150
20240129,09:23:32,2.3,50,111150
20240129,09:23:41,2.25,400,111150
20240129,09:23:49,2.3,50,111150
20240129,09:23:53,2.25,400,111150
20240129,09:24:04,2.3,150,111150
20240129,09:24:11,2.3,5400,111150
20240129,09:24:26,2.3,50,111150
20240129,09:24:52,2.25,1500,111150
20240129,09:24:53,2.25,50,111150
20240129,09:25:08,2.3,900,111150
20240129,09:25:09,2.3,50,111150
20240129,09:25:10,2.3,1600,111150
20240129,09:25:11,2.3,500,111150
20240129,09:25:13,2.35,3850,111150
20240129,09:25:14,2.35,300,111150
20240129,09:25:15,2.35,150,111150
20240129,09:25:16,2.35,3650,111150
20240129,09:25:27,2.35,2400,111150
20240129,09:25:38,2.4,50,111150
20240129,09:25:39,2.4,200,111150
20240129,09:25:44,2.35,500,111150
20240129,09:25:46,2.35,50,111150
20240129,09:25:48,2.35,50,111150
20240129,09:25:54,2.35,450,111150
20240129,09:26:00,2.3,1800,111150
20240129,09:26:05,2.35,300,111150
20240129,09:26:06,2.3,500,111150
20240129,09:26:12,2.3,200,111150
20240129,09:26:19,2.4,3800,112050
20240129,09:26:23,2.35,200,112050
20240129,09:26:38,2.3,100,112050
20240129,09:26:43,2.3,100,112050
20240129,09:26:49,2.3,100,112050
20240129,09:26:51,2.35,50,112050
20240129,09:26:56,2.3,300,112050
20240129,09:27:13,2.3,300,112050
20240129,09:27:14,2.3,2000,112050
20240129,09:27:15,2.35,1250,112050
20240129,09:27:25,2.3,1000,112050
20240129,09:27:26,2.3,2000,112050
20240129,09:27:38,2.35,250,112050
20240129,09:27:41,2.35,50,112050
20240129,09:27:43,2.35,1800,112050
20240129,09:27:45,2.35,100,112050
20240129,09:27:47,2.35,50,112050
20240129,09:28:04,2.35,50,112050
20240129,09:28:05,2.3,950,112050
20240129,09:28:09,2.3,2950,112050
20240129,09:28:12,2.3,700,112050
20240129,09:28:18,2.3,1100,112050
20240129,09:28:19,2.3,50,112050
20240129,09:28:22,2.3,550,112050
20240129,09:28:24,2.3,50,112050
20240129,09:28:25,2.3,50,112050
20240129,09:28:30,2.3,50,112050
20240129,09:28:41,2.25,1800,112050
20240129,09:28:51,2.25,900,112050
20240129,09:29:01,2.25,100,112050
20240129,09:29:14,2.25,900,112050
20240129,09:29:25,2.25,100,121050
20240129,09:29:36,2.25,100,121050
20240129,09:29:44,2.2,1450,121050
20240129,09:29:46,2.2,900,121050
20240129,09:29:47,2.2,50,121050
20240129,09:29:48,2.2,50,121050
20240129,09:29:52,2.2,100,121050
20240129,09:30:00,2.2,50,121050
20240129,09:30:01,2.2,1500,121050
20240129,09:30:01,2.15,200,121050
20240129,09:30:02,2.2,50,121050
20240129,09:30:03,2.15,200,121050
20240129,09:30:04,2.15,200,121050
20240129,09:30:05,2.15,1500,121050
20240129,09:30:08,2.15,200,121050
20240129,09:30:17,2.15,500,121050
20240129,09:30:18,2.15,50,121050
20240129,09:30:20,2.1,1850,121050
20240129,09:30:24,2.1,250,121050
20240129,09:30:25,2.1,1900,121050
20240129,09:30:26,2.1,1200,121050
20240129,09:30:41,2.1,100,121050
20240129,09:30:41,2.1,50,121050
20240129,09:30:44,2.1,300,121050
20240129,09:30:46,2.1,350,121050
20240129,09:30:52,2.05,50,121050
20240129,09:30:56,2.1,50,121050
20240129,09:30:57,2.05,1800,121050
20240129,09:30:58,2.05,200,121050
20240129,09:30:59,2.05,200,121050
20240129,09:31:06,2.1,50,121050
20240129,09:31:12,2.1,100,121050
20240129,09:31:20,2.05,500,121050
20240129,09:31:42,2.1,50,121050
20240129,09:31:45,2.05,50,121050
20240129,09:31:47,2.1,1000,121050
20240129,09:31:48,2.1,50,121050
20240129,09:32:01,2.1,350,121050
20240129,09:32:16,2.05,50,121050
20240129,09:32:17,2.05,50,126350
20240129,09:32:42,2.05,1950,126350
20240129,09:32:45,2.05,50,126350
20240129,09:32:49,2.05,900,126350
20240129,09:32:51,2.05,950,126350
20240129,09:32:52,2.05,50,126350
20240129,09:32:59,2.05,50,126350
20240129,09:33:00,2.05,700,126350
20240129,09:33:01,2.05,750,126350
20240129,09:33:02,2.05,400,126350
20240129,09:33:14,2.05,200,126350
20240129,09:33:15,2.05,50,126350
20240129,09:33:16,2.05,200,126350
20240129,09:33:18,2.05,100,126350
20240129,09:33:19,2.1,300,126350
20240129,09:33:22,2.05,50,126350
20240129,09:33:26,2.05,50,126350
20240129,09:33:27,2.05,100,126350
20240129,09:33:28,2.05,1950,126350
20240129,09:33:29,2.05,150,126350
20240129,09:33:30,2.05,1600,126350
20240129,09:33:42,2.05,250,126350
20240129,09:33:46,2.05,450,126350
20240129,09:33:55,2.05,50,126350
20240129,09:33:58,2.05,100,126350
20240129,09:34:00,2.05,50,126350
20240129,09:34:01,2.05,50,126350
20240129,09:34:09,2.1,1300,126350
20240129,09:34:10,2.1,1000,126350
20240129,09:34:19,2.15,1750,126350
20240129,09:34:20,2.15,350,126350
20240129,09:34:33,2.2,50,126350
20240129,09:34:34,2.15,500,126350
20240129,09:34:48,2.15,500,126350
20240129,09:34:50,2.15,50,126350
20240129,09:34:51,2.15,50,126350
20240129,09:35:00,2.15,100,126350
20240129,09:35:01,2.15,650,126350
20240129,09:35:02,2.15,50,126350
20240129,09:35:05,2.1,600,126350
20240129,09:35:18,2.1,50,124100
20240129,09:35:28,2.15,100,124100
20240129,09:35:53,2.15,300,124100
20240129,09:35:56,2.1,300,124100
20240129,09:35:57,2.1,50,124100
20240129,09:36:06,2.1,600,124100
20240129,09:36:09,2.1,50,124100
20240129,09:36:10,2.1,50,124100
20240129,09:36:12,2.1,50,124100
20240129,09:36:13,2.1,50,124100
20240129,09:36:14,2.1,50,124100
20240129,09:36:16,2.1,1950,124100
20240129,09:36:19,2.1,50,124100
20240129,09:36:30,2.1,50,124100
20240129,09:36:40,2.05,800,124100
20240129,09:36:42,2.05,800,124100
20240129,09:36:43,2.05,50,124100
20240129,09:36:44,2.05,50,124100
20240129,09:36:46,2.05,50,124100
20240129,09:36:47,2.05,750,124100
20240129,09:36:48,2.05,50,124100
20240129,09:36:57,2.1,5400,124100
20240129,09:36:58,2.1,50,124100
20240129,09:37:17,2.05,50,124100
20240129,09:37:21,2.05,800,124100
20240129,09:37:24,2.05,50,124100
20240129,09:38:03,2.1,50,124100
20240129,09:38:13,2.05,50,127550
20240129,09:38:17,2.05,50,127550
20240129,09:38:18,2.05,1850,127550
20240129,09:38:21,2.05,300,127550
20240129,09:38:23,2.05,200,127550
20240129,09:38:31,2.05,400,127550
20240129,09:38:38,2.1,400,127550
20240129,09:38:43,2.05,50,127550
20240129,09:38:45,2.05,2000,127550
20240129,09:38:52,2.0,50,127550
20240129,09:38:53,2.0,1400,127550
20240129,09:39:05,2.0,100,127550
20240129,09:39:40,2.0,250,127550
20240129,09:39:44,2.0,1000,127550
20240129,09:39:57,2.05,50,127550
20240129,09:40:04,2.0,50,127550
20240129,09:40:09,2.05,3700,127550
20240129,09:40:11,2.05,1800,127550
20240129,09:40:13,2.05,50,127550
20240129,09:40:16,2.05,450,127550
20240129,09:40:17,2.05,300,127550
20240129,09:40:19,2.05,300,127550
20240129,09:40:21,2.05,150,127550
20240129,09:40:22,2.05,50,127550
20240129,09:40:32,2.05,100,127550
20240129,09:40:46,2.05,100,127550
20240129,09:40:46,2.05,600,127550
20240129,09:40:54,2.05,100,127550
20240129,09:40:55,2.05,450,127550
20240129,09:40:57,2.0,50,127550
20240129,09:41:16,2.1,50,130400
20240129,09:41:22,2.1,150,130400
20240129,09:41:49,2.1,1000,130400
20240129,09:41:50,2.1,50,130400
20240129,09:41:52,2.1,50,130400
20240129,09:41:54,2.1,50,130400
20240129,09:41:55,2.1,50,130400
20240129,09:41:59,2.1,50,130400
20240129,09:42:00,2.1,700,130400
20240129,09:42:20,2.1,50,130400
20240129,09:42:25,2.1,50,130400
20240129,09:42:45,2.1,50,130400
20240129,09:42:46,2.1,1400,130400
20240129,09:43:20,2.1,1800,130400
20240129,09:43:25,2.1,2150,130400
20240129,09:43:26,2.15,1800,130400
20240129,09:43:28,2.1,500,130400
20240129,09:43:30,2.1,500,130400
20240129,09:43:58,2.1,1250,130400
20240129,09:44:03,2.15,1800,130400
20240129,09:44:06,2.15,50,130400
20240129,09:44:20,2.15,1800,130400
20240129,09:44:23,2.15,600,137050
20240129,09:44:54,2.15,100,137050
20240129,09:45:01,2.2,200,137050
20240129,09:45:04,2.2,1800,137050
20240129,09:45:12,2.2,150,137050
20240129,09:45:21,2.2,1200,137050
20240129,09:45:22,2.2,100,137050
20240129,09:45:23,2.2,1800,137050
20240129,09:45:29,2.2,450,137050
20240129,09:45:34,2.2,550,137050
20240129,09:45:43,2.2,550,137050
20240129,09:45:48,2.2,1250,137050
20240129,09:45:50,2.2,100,137050
20240129,09:45:53,2.2,200,137050
20240129,09:45:56,2.2,50,137050
20240129,09:46:09,2.15,50,137050
20240129,09:46:10,2.15,1750,137050
20240129,09:46:17,2.15,50,137050
20240129,09:46:18,2.15,250,137050
20240129,09:46:21,2.15,1850,137050
20240129,09:46:57,2.15,200,137050
20240129,09:47:13,2.2,50,142600
20240129,09:47:22,2.2,500,142600
20240129,09:47:26,2.15,1000,142600
20240129,09:47:30,2.2,100,142600
20240129,09:47:34,2.2,250,142600
20240129,09:47:43,2.25,100,142600
20240129,09:47:51,2.25,3600,142600
20240129,09:48:39,2.25,1800,142600
20240129,09:49:57,2.2,500,142600
20240129,09:50:05,2.25,1800,142600
20240129,09:50:07,2.2,300,142600
20240129,09:50:08,2.25,800,142600
20240129,09:50:14,2.25,50,148250
20240129,09:50:21,2.35,9200,148250
20240129,09:50:27,2.3,50,148250
20240129,09:50:34,2.3,50,148250
20240129,09:50:44,2.3,100,148250
20240129,09:51:16,2.3,500,148250
20240129,09:51:19,2.3,50,148250
20240129,09:51:20,2.3,1550,148250
20240129,09:51:48,2.3,150,148250
20240129,09:51:50,2.35,1850,148250
20240129,09:52:16,2.3,1800,148250
20240129,09:52:18,2.3,500,148250
20240129,09:52:19,2.3,850,148250
20240129,09:52:21,2.3,2950,148250
20240129,09:52:26,2.3,500,148250
20240129,09:52:42,2.3,500,148250
20240129,09:52:44,2.25,900,148250
20240129,09:52:50,2.3,1500,148250
20240129,09:52:51,2.35,2250,148250
20240129,09:52:54,2.3,900,148250
20240129,09:52:54,2.3,50,148250
20240129,09:52:55,2.35,50,148250
20240129,09:53:05,2.35,50,148250
20240129,09:53:37,2.3,250,163700
20240129,09:53:38,2.3,250,163700
20240129,09:53:57,2.3,1800,163700
20240129,09:54:01,2.35,3600,163700
20240129,09:54:16,2.35,50,163700
20240129,09:54:54,2.3,500,163700
20240129,09:55:05,2.35,1800,163700
20240129,09:55:21,2.35,1500,163700
20240129,09:55:23,2.35,100,163700
20240129,09:55:51,2.4,800,163700
20240129,09:55:52,2.4,2600,163700
20240129,09:55:59,2.4,50,163700
20240129,09:56:05,2.35,400,163700
20240129,09:56:28,2.4,50,163700
20240129,09:56:31,2.4,7650,169150
20240129,09:56:43,2.35,400,169150
20240129,09:56:46,2.35,1850,169150
20240129,09:56:47,2.35,100,169150
20240129,09:56:48,2.35,2250,169150
20240129,09:56:54,2.35,1800,169150
20240129,09:56:59,2.35,1800,169150
20240129,09:57:01,2.4,100,169150
20240129,09:57:02,2.4,200,169150
20240129,09:57:04,2.35,1800,169150
20240129,09:57:06,2.35,200,169150
20240129,09:57:07,2.35,100,169150
20240129,09:57:09,2.35,200,169150
20240129,09:57:11,2.35,200,169150
20240129,09:57:12,2.35,200,169150
20240129,09:57:13,2.35,1800,169150
20240129,09:57:15,2.3,50,169150
20240129,09:57:16,2.35,300,169150
20240129,09:57:17,2.35,50,169150
20240129,09:57:22,2.35,900,169150
20240129,09:57:24,2.35,2100,169150
20240129,09:57:36,2.35,250,169150
20240129,09:57:38,2.35,1800,169150
20240129,09:57:40,2.4,1800,169150
20240129,09:57:41,2.35,1300,169150
20240129,09:57:48,2.4,2000,169150
20240129,09:57:50,2.35,500,169150
20240129,09:58:03,2.4,2000,169150
20240129,09:58:22,2.35,600,169150
20240129,09:58:26,2.35,250,169150
20240129,09:58:29,2.35,50,169150
20240129,09:58:31,2.35,300,169150
20240129,09:58:35,2.35,300,169150
20240129,09:58:36,2.35,250,169150
20240129,09:58:39,2.35,5550,169150
20240129,09:58:42,2.35,450,169150
20240129,09:58:50,2.35,50,169150
20240129,09:58:57,2.3,100,169150
20240129,09:59:10,2.3,100,169150
20240129,09:59:11,2.3,50,169150
20240129,09:59:12,2.3,50,181950
20240129,09:59:27,2.3,300,181950
20240129,09:59:43,2.25,6500,181950
20240129,09:59:44,2.2,1800,181950
20240129,09:59:45,2.2,600,181950
20240129,09:59:50,2.25,250,181950
20240129,09:59:51,2.25,3700,181950
20240129,09:59:57,2.25,50,181950
20240129,09:59:58,2.25,1850,181950
20240129,10:00:01,2.2,600,181950
20240129,10:00:05,2.25,550,181950
20240129,10:00:13,2.25,3400,181950
20240129,10:00:14,2.3,3600,181950
20240129,10:00:15,2.3,3750,181950
20240129,10:00:18,2.35,1800,181950
20240129,10:00:19,2.3,50,181950
20240129,10:00:20,2.35,50,181950
20240129,10:00:27,2.3,150,181950
20240129,10:00:38,2.35,150,181950
20240129,10:00:39,2.35,50,181950
20240129,10:01:24,2.35,900,181950
20240129,10:01:36,2.35,50,181950
20240129,10:01:36,2.35,150,181950
20240129,10:01:37,2.35,50,181950
20240129,10:01:38,2.35,50,181950
20240129,10:01:43,2.35,300,181950
20240129,10:01:44,2.35,100,181950
20240129,10:01:44,2.35,250,181950
20240129,10:01:51,2.35,250,181950
20240129,10:01:53,2.35,2050,181950
20240129,10:01:56,2.3,1000,181950
20240129,10:02:00,2.3,550,181950
20240129,10:02:12,2.35,1800,181950
20240129,10:02:13,2.35,1800,181550
20240129,10:02:14,2.4,600,181550
20240129,10:02:15,2.4,250,181550
20240129,10:02:16,2.4,250,181550
20240129,10:02:22,2.4,1000,181550
20240129,10:02:27,2.4,1800,181550
20240129,10:02:29,2.4,1800,181550
20240129,10:02:42,2.35,1300,181550
20240129,10:02:48,2.35,1000,181550
20240129,10:03:10,2.4,50,181550
20240129,10:03:29,2.35,1000,181550
20240129,10:03:42,2.35,150,181550
20240129,10:04:27,2.35,50,181550
20240129,10:04:42,2.35,1000,181550
20240129,10:04:48,2.35,300,181550
20240129,10:04:49,2.35,1300,181550
20240129,10:04:55,2.3,1000,181550
20240129,10:05:01,2.3,1000,181550
20240129,10:05:05,2.3,500,181550
20240129,10:05:09,2.35,50,181550
20240129,10:05:17,2.3,500,186400
20240129,10:05:25,2.3,50,186400
20240129,10:05:41,2.3,400,186400
20240129,10:05:44,2.3,1250,186400
20240129,10:05:56,2.3,500,186400
20240129,10:05:58,2.3,1850,186400
20240129,10:05:59,2.3,450,186400
20240129,10:06:01,2.3,100,186400
20240129,10:06:11,2.3,400,186400
20240129,10:06:20,2.3,1000,186400
20240129,10:06:36,2.3,550,186400
20240129,10:06:45,2.35,50,186400
20240129,10:06:49,2.3,100,186400
20240129,10:06:53,2.3,200,186400
20240129,10:06:55,2.3,300,186400
20240129,10:07:00,2.3,1000,186400
20240129,10:07:01,2.3,250,186400
20240129,10:07:14,2.3,500,186400
20240129,10:07:19,2.3,500,186400
20240129,10:07:30,2.3,100,186400
20240129,10:07:38,2.3,50,186400
20240129,10:07:39,2.3,100,186400
20240129,10:07:41,2.3,50,186400
20240129,10:07:56,2.3,300,186400
20240129,10:08:09,2.35,350,186400
20240129,10:08:13,2.3,100,186400
20240129,10:08:28,2.35,200,187450
20240129,10:08:32,2.3,300,187450
20240129,10:08:33,2.3,500,187450
20240129,10:08:34,2.3,150,187450
20240129,10:08:35,2.3,150,187450
20240129,10:08:36,2.3,150,187450
20240129,10:08:37,2.3,200,187450
20240129,10:08:38,2.3,50,187450
20240129,10:08:39,2.3,50,187450
20240129,10:08:40,2.3,1300,187450
20240129,10:08:41,2.3,2400,187450
20240129,10:08:42,2.3,100,187450
20240129,10:08:45,2.25,700,187450
20240129,10:08:47,2.25,100,187450
20240129,10:08:51,2.25,450,187450
20240129,10:08:57,2.25,50,187450
20240129,10:08:58,2.25,50,187450
20240129,10:09:07,2.3,50,187450
20240129,10:09:09,2.25,300,187450
20240129,10:09:23,2.25,250,187450
20240129,10:09:24,2.25,900,187450
20240129,10:09:49,2.25,300,187450
20240129,10:10:22,2.3,50,187450
20240129,10:10:30,2.25,50,187450
20240129,10:10:47,2.25,650,187450
20240129,10:10:49,2.25,450,187450
20240129,10:10:50,2.25,600,187450
20240129,10:10:59,2.25,850,187450
20240129,10:11:00,2.2,50,187450
20240129,10:11:05,2.25,400,187450
20240129,10:11:17,2.2,50,188400
20240129,10:11:30,2.25,250,188400
20240129,10:11:52,2.25,100,188400
20240129,10:12:14,2.2,500,188400
20240129,10:12:14,2.25,50,188400
20240129,10:12:50,2.25,50,188400
20240129,10:13:05,2.2,50,188400
20240129,10:13:12,2.2,50,188400
20240129,10:13:13,2.25,50,188400
20240129,10:13:17,2.25,500,188400
20240129,10:13:19,2.2,50,188400
20240129,10:13:31,2.2,50,188400
20240129,10:13:36,2.25,400,188400
20240129,10:14:25,2.25,400,187700
20240129,10:14:31,2.25,1200,187700
20240129,10:14:48,2.2,1800,187700
20240129,10:15:19,2.25,150,187700
20240129,10:15:25,2.2,400,187700
20240129,10:15:30,2.2,1550,187700
20240129,10:15:32,2.15,400,187700
20240129,10:15:36,2.15,50,187700
20240129,10:16:19,2.2,50,187700
20240129,10:16:57,2.2,200,187700
20240129,10:17:03,2.2,1950,187700
20240129,10:17:07,2.2,350,187700
20240129,10:17:08,2.2,350,187700
20240129,10:17:39,2.25,50,184650
20240129,10:17:41,2.2,1650,184650
20240129,10:19:31,2.2,50,184650
20240129,10:19:40,2.2,3600,184650
20240129,10:19:42,2.2,50,184650
20240129,10:19:49,2.15,50,184650
20240129,10:19:52,2.15,150,184650
20240129,10:20:05,2.15,300,184650
20240129,10:20:09,2.2,50,184650
20240129,10:20:10,2.15,50,184650
20240129,10:20:25,2.2,50,184650
20240129,10:20:31,2.2,50,186000
20240129,10:20:33,2.2,50,186000
20240129,10:20:36,2.15,17000,186000
20240129,10:20:37,2.15,1800,186000
20240129,10:21:17,2.2,50,186000
20240129,10:21:19,2.2,2700,186000
20240129,10:21:25,2.2,50,186000
20240129,10:21:36,2.25,50,186000
20240129,10:21:39,2.25,150,186000
20240129,10:22:06,2.2,50,186000
20240129,10:22:18,2.2,50,186000
20240129,10:22:23,2.25,50,186000
20240129,10:22:37,2.2,50,186000
20240129,10:23:44,2.25,50,193800
20240129,10:24:21,2.25,50,193800
20240129,10:24:46,2.2,100,193800
20240129,10:24:51,2.2,50,193800
20240129,10:24:56,2.25,50,193800
20240129,10:25:01,2.2,50,193800
20240129,10:25:47,2.25,250,193800
20240129,10:26:06,2.2,50,193800
20240129,10:26:38,2.25,300,194050
20240129,10:26:41,2.25,250,194050
20240129,10:26:42,2.25,250,194050
20240129,10:26:46,2.25,450,194050
20240129,10:26:52,2.25,50,194050
20240129,10:27:59,2.2,100,194050
20240129,10:28:12,2.25,100,194050
20240129,10:29:32,2.25,50,194000
20240129,10:30:17,2.2,400,194000
20240129,10:31:00,2.2,50,194000
20240129,10:31:03,2.2,200,194000
20240129,10:31:50,2.2,100,194000
20240129,10:31:51,2.2,1000,194000
20240129,10:31:52,2.2,1000,194000
20240129,10:31:53,2.2,1000,194000
20240129,10:31:58,2.2,50,194000
20240129,10:32:46,2.15,200,195600
20240129,10:32:53,2.2,1000,195600
20240129,10:32:55,2.2,1000,195600
20240129,10:32:59,2.15,1000,195600
20240129,10:33:17,2.2,850,195600
20240129,10:33:43,2.15,50,195600
20240129,10:34:14,2.2,200,195600
20240129,10:34:43,2.15,50,195600
20240129,10:34:49,2.15,1000,195600
20240129,10:34:53,2.15,200,195600
20240129,10:34:56,2.15,200,195600
20240129,10:35:00,2.15,200,195600
20240129,10:35:08,2.15,250,195600
20240129,10:35:57,2.15,50,195600
20240129,10:37:00,2.2,300,194100
20240129,10:37:35,2.15,950,194100
20240129,10:37:47,2.2,50,194100
20240129,10:37:50,2.2,200,194100
20240129,10:39:30,2.15,350,193100
20240129,10:39:31,2.15,800,193100
20240129,10:39:33,2.2,350,193100
20240129,10:39:35,2.15,50,193100
20240129,10:39:38,2.2,50,193100
20240129,10:39:41,2.2,50,193100
20240129,10:40:08,2.2,50,193100
20240129,10:40:24,2.2,50,193100
20240129,10:40:40,2.2,200,193100
20240129,10:40:42,2.2,50,193100
20240129,10:40:49,2.2,950,193100
20240129,10:40:54,2.15,50,193100
20240129,10:41:06,2.2,50,193100
20240129,10:41:09,2.2,1350,193100
20240129,10:41:45,2.2,50,193250
20240129,10:42:15,2.2,1400,193250
20240129,10:43:01,2.15,50,193250
20240129,10:47:05,2.15,800,193250
20240129,10:47:14,2.2,500,191850
20240129,10:47:27,2.2,500,191050
20240129,10:47:50,2.2,50,191050
20240129,10:49:22,2.2,50,191050
20240129,10:52:21,2.2,50,191150
20240129,10:52:42,2.2,600,191150
20240129,10:52:45,2.2,1800,191150
20240129,10:52:49,2.2,900,191150
20240129,10:53:30,2.2,50,190000
20240129,10:53:32,2.2,50,190000
20240129,10:53:47,2.2,50,190000
20240129,10:55:04,2.15,50,190000
20240129,10:55:14,2.15,50,190000
20240129,10:55:35,2.2,50,190000
20240129,10:56:31,2.2,50,189850
20240129,10:57:18,2.2,100,189850
20240129,10:57:20,2.2,50,189850
20240129,10:57:50,2.2,50,189850
20240129,10:58:01,2.15,100,189850
20240129,10:58:11,2.2,50,189850
20240129,11:00:25,2.15,50,189850
20240129,11:00:34,2.2,800,189700
20240129,11:00:40,2.2,1800,189700
20240129,11:00:41,2.2,200,189700
20240129,11:00:43,2.2,50,189700
20240129,11:00:46,2.2,50,189700
20240129,11:00:48,2.2,50,189700
20240129,11:00:55,2.2,50,189700
20240129,11:00:57,2.2,3050,189700
20240129,11:01:04,2.2,50,189700
20240129,11:01:04,2.2,3400,189700
20240129,11:01:14,2.15,50,189700
20240129,11:01:40,2.2,50,189700
20240129,11:03:09,2.15,1600,189700
20240129,11:03:10,2.15,6600,184300
20240129,11:03:32,2.15,300,184300
20240129,11:03:34,2.2,50,184300
20240129,11:04:03,2.2,300,184300
20240129,11:05:06,2.2,250,184300
20240129,11:05:20,2.2,250,184300
20240129,11:06:17,2.15,50,186750
20240129,11:06:22,2.2,50,186750
20240129,11:06:49,2.2,250,186750
20240129,11:06:52,2.2,250,186750
20240129,11:06:57,2.2,300,186750
20240129,11:07:01,2.2,250,186750
20240129,11:12:32,2.15,200,186700
20240129,11:14:11,2.2,50,186700
20240129,11:15:14,2.15,250,186750
20240129,11:16:46,2.15,150,186750
20240129,11:16:55,2.15,200,186750
20240129,11:17:29,2.15,600,186750
20240129,11:17:31,2.15,100,186600
20240129,11:17:38,2.2,50,186600
20240129,11:17:47,2.15,50,186600
20240129,11:17:55,2.15,500,186600
20240129,11:18:05,2.15,50,186600
20240129,11:18:06,2.15,50,186600
20240129,11:18:11,2.15,1400,186600
20240129,11:18:14,2.15,50,186600
20240129,11:18:34,2.15,1800,186600
20240129,11:18:35,2.15,4050,186600
20240129,11:18:36,2.15,50,186600
20240129,11:18:53,2.15,3700,186600
20240129,11:18:54,2.15,150,186600
20240129,11:19:24,2.15,250,186600
20240129,11:19:29,2.15,100,186600
20240129,11:19:34,2.15,300,186600
20240129,11:19:35,2.15,350,186600
20240129,11:19:41,2.15,200,186600
20240129,11:19:43,2.15,100,186600
20240129,11:19:48,2.2,1700,186600
20240129,11:19:49,2.2,3800,186600
20240129,11:19:51,2.2,200,186600
20240129,11:19:56,2.25,250,186600
20240129,11:19:59,2.25,800,186600
20240129,11:20:00,2.2,900,186600
20240129,11:20:01,2.25,900,186600
20240129,11:20:02,2.25,250,186600
20240129,11:20:03,2.25,1150,186600
20240129,11:20:04,2.25,250,186600
20240129,11:20:07,2.25,250,186600
20240129,11:20:12,2.25,100,186600
20240129,11:20:13,2.25,200,186600
20240129,11:20:14,2.25,1950,186600
20240129,11:20:16,2.25,950,186600
20240129,11:20:17,2.2,50,186600
20240129,11:20:46,2.2,200,187150
20240129,11:20:52,2.2,200,187150
20240129,11:21:01,2.2,1400,187150
20240129,11:21:24,2.2,1800,187150
20240129,11:21:32,2.2,1800,187150
20240129,11:21:35,2.2,200,187150
20240129,11:21:39,2.2,50,187150
20240129,11:22:17,2.15,50,187150
20240129,11:22:19,2.15,1800,187150
20240129,11:22:22,2.15,200,187150
20240129,11:22:28,2.2,50,187150
20240129,11:22:41,2.15,50,187150
20240129,11:22:42,2.15,50,187150
20240129,11:22:48,2.15,50,187150
20240129,11:23:08,2.15,50,187150
20240129,11:23:21,2.15,300,187150
20240129,11:23:59,2.15,150,192650
20240129,11:24:00,2.15,200,192650
20240129,11:24:05,2.15,100,192650
20240129,11:24:06,2.15,250,192650
20240129,11:25:37,2.2,150,192650
20240129,11:25:37,2.2,1050,192650
20240129,11:25:45,2.15,300,192650
20240129,11:26:04,2.15,50,192650
20240129,11:26:05,2.15,250,192650
20240129,11:26:21,2.15,50,192650
20240129,11:26:42,2.15,200,192650
20240129,11:27:03,2.15,50,192450
20240129,11:27:06,2.15,50,192450
20240129,11:27:09,2.2,150,192450
20240129,11:27:33,2.15,50,192450
20240129,11:27:40,2.15,450,192450
20240129,11:28:23,2.1,5750,192450
20240129,11:28:25,2.1,50,192450
20240129,11:28:26,2.1,100,192450
20240129,11:28:37,2.05,1050,192450
20240129,11:29:19,2.05,50,192450
20240129,11:29:33,2.05,50,194700
20240129,11:29:39,2.05,1450,194700
20240129,11:29:39,2.05,250,194700
20240129,11:29:40,2.05,800,194700
20240129,11:30:06,2.05,300,194700
20240129,11:30:18,1.95,4450,194700
20240129,11:30:19,1.95,150,194700
20240129,11:30:20,1.95,150,194700
20240129,11:30:31,1.95,2550,194700
20240129,11:31:03,1.95,300,194700
20240129,11:31:11,1.95,600,194700
20240129,11:31:23,1.95,600,194700
20240129,11:31:23,1.95,50,194700
20240129,11:31:48,1.95,600,194700
20240129,11:31:50,1.95,1200,194700
20240129,11:31:53,1.95,550,194700
20240129,11:31:57,1.95,50,194700
20240129,11:31:59,1.9,550,194700
20240129,11:32:08,1.9,1800,194700
20240129,11:32:51,1.9,50,189650
20240129,11:34:07,1.9,100,189650
20240129,11:34:18,1.95,2200,189650
20240129,11:34:20,1.95,300,189650
20240129,11:34:21,1.95,500,189650
20240129,11:34:22,1.95,250,189650
20240129,11:34:27,1.95,250,189650
20240129,11:34:28,1.95,1800,189650
20240129,11:34:29,1.95,1800,189650
20240129,11:34:33,1.95,400,189650
20240129,11:34:37,1.95,200,189650
20240129,11:34:57,1.95,1000,189650
20240129,11:35:27,1.95,250,190150
20240129,11:36:13,1.95,50,190150
20240129,11:36:18,1.95,1600,190150
20240129,11:36:39,1.95,600,190150
20240129,11:36:41,1.95,50,190150
20240129,11:37:11,2.0,2800,190150
20240129,11:37:12,2.0,1200,190150
20240129,11:37:24,2.0,1800,190150
20240129,11:38:22,1.95,250,190150
20240129,11:39:34,1.95,5600,187850
20240129,11:39:39,1.95,1800,187850
20240129,11:39:40,1.95,850,187850
20240129,11:40:30,1.95,50,187850
20240129,11:40:31,1.95,100,187850
20240129,11:40:33,1.95,300,187850
20240129,11:40:39,1.95,150,187850
20240129,11:45:58,1.95,50,183850
20240129,11:46:01,1.95,50,183850
20240129,11:46:11,1.95,50,183850
20240129,11:46:13,1.95,50,183850
20240129,11:46:16,1.95,50,183850
20240129,11:46:19,1.95,1800,183850
20240129,11:46:26,1.95,50,183850
20240129,11:47:07,1.95,3650,183850
20240129,11:47:14,2.0,50,183850
20240129,11:47:40,2.0,50,182150
20240129,11:47:52,2.05,50,182150
20240129,11:48:54,2.05,50,182150
20240129,11:50:22,2.0,5000,182150
20240129,11:50:23,2.0,700,182150
20240129,11:50:36,2.0,1800,184500
20240129,11:52:27,2.0,50,184500
20240129,11:52:29,2.0,900,184500
20240129,11:52:32,2.0,1800,184500
20240129,11:53:09,2.0,50,184500
20240129,11:53:14,2.0,50,184500
20240129,11:53:54,1.95,200,185750
20240129,11:54:17,2.0,300,185750
20240129,11:54:19,2.0,250,185750
20240129,11:54:30,2.0,1800,185750
20240129,11:54:37,2.0,1900,185750
20240129,11:55:03,2.0,1800,185750
20240129,11:55:06,2.0,200,185750
20240129,11:55:09,2.0,800,185750
20240129,11:55:10,2.0,10000,185750
20240129,11:55:11,2.0,50,185750
20240129,11:55:14,1.95,100,185750
20240129,11:55:15,2.0,50,185750
20240129,11:55:53,2.0,1800,185750
20240129,11:55:53,2.0,2900,185750
20240129,11:55:55,2.0,1800,185750
20240129,11:55:59,2.0,50,185750
20240129,11:56:08,2.0,50,185750
20240129,11:56:11,2.0,50,185750
20240129,11:56:16,2.0,50,185750
20240129,11:56:49,2.0,50,185700
20240129,11:57:01,1.95,200,185700
20240129,11:57:15,1.95,50,185700
20240129,11:58:01,2.0,150,185700
20240129,11:58:33,2.0,50,185700
20240129,11:58:47,2.0,600,185700
20240129,12:02:49,2.0,50,185700
20240129,12:04:55,2.0,50,185950
20240129,12:06:02,1.95,400,186050
20240129,12:06:41,2.0,50,186050
20240129,12:07:03,1.95,100,186050
20240129,12:07:12,1.95,100,186050
20240129,12:07:20,2.0,450,186050
20240129,12:07:40,1.95,300,186050
20240129,12:08:03,1.95,100,186050
20240129,12:08:11,1.95,100,186050
20240129,12:08:22,1.95,150,186050
20240129,12:08:43,1.95,100,185650
20240129,12:08:52,1.95,100,185650
20240129,12:09:20,2.0,50,185650
20240129,12:09:28,1.95,50,185650
20240129,12:09:31,1.95,150,185650
20240129,12:10:21,2.0,1000,185650
20240129,12:10:31,2.0,50,185650
20240129,12:11:00,1.95,50,185650
20240129,12:11:05,1.95,250,185650
20240129,12:11:22,1.95,50,185650
20240129,12:11:39,2.0,50,185650
20240129,12:11:57,1.95,50,185250
20240129,12:12:05,1.95,350,185250
20240129,12:12:34,1.95,500,185250
20240129,12:12:41,2.0,100,185250
20240129,12:12:59,1.95,50,185250
20240129,12:13:03,1.95,250,185250
20240129,12:13:43,2.0,50,185250
20240129,12:14:01,1.95,50,185250
20240129,12:14:07,2.0,50,185250
20240129,12:14:10,2.0,500,185250
20240129,12:15:07,1.95,350,185250
20240129,12:15:33,1.95,750,185550
20240129,12:15:34,1.95,350,185550
20240129,12:16:13,1.9,250,185550
20240129,12:16:13,1.9,750,185550
20240129,12:16:25,1.9,50,185550
20240129,12:16:39,1.9,500,185550
20240129,12:16:47,1.9,50,185550
20240129,12:16:49,1.9,50,185550
20240129,12:16:51,1.9,50,185550
20240129,12:17:49,1.9,50,185550
20240129,12:18:01,1.9,4250,184600
20240129,12:18:03,1.9,50,184600
20240129,12:18:37,1.95,200,184600
20240129,12:18:39,1.95,600,184600
20240129,12:18:50,1.95,50,184600
20240129,12:21:24,1.95,50,184600
20240129,12:22:32,1.9,100,185050
20240129,12:22:44,1.9,900,185050
20240129,12:24:00,1.9,1500,184950
20240129,12:24:24,1.9,50,184950
20240129,12:24:34,1.9,50,184950
20240129,12:24:40,1.9,2750,184950
20240129,12:25:03,1.9,50,184950
20240129,12:27:13,1.9,300,186100
20240129,12:27:43,1.85,100,186100
20240129,12:28:01,1.85,50,186100
20240129,12:28:19,1.85,50,186100
20240129,12:28:21,1.85,100,186100
20240129,12:28:43,1.85,50,186100
20240129,12:29:10,1.85,50,186100
20240129,12:29:12,1.85,50,186100
20240129,12:29:48,1.85,100,186100
20240129,12:29:53,1.85,50,186050
20240129,12:30:44,1.85,50,186050
20240129,12:30:46,1.85,1500,186050
20240129,12:30:47,1.85,1150,186050
20240129,12:30:50,1.85,200,186050
20240129,12:31:49,1.85,50,186050
20240129,12:32:41,1.8,100,186050
20240129,12:33:12,1.8,150,185900
20240129,12:34:24,1.85,50,185900
20240129,12:35:13,1.85,50,185900
20240129,12:35:25,1.8,500,185900
20240129,12:35:26,1.85,200,185900
20240129,12:35:45,1.85,50,185900
20240129,12:36:03,1.85,250,185900
20240129,12:36:48,1.85,50,185900
20240129,12:37:50,1.85,450,185900
20240129,12:38:01,1.8,50,185900
20240129,12:39:12,1.85,250,185550
20240129,12:39:18,1.85,250,185550
20240129,12:39:35,1.85,250,185550
20240129,12:39:39,1.85,50,185550
20240129,12:39:42,1.85,50,185550
20240129,12:39:57,1.85,50,185550
20240129,12:40:15,1.8,50,185550
20240129,12:40:51,1.85,250,185550
20240129,12:40:53,1.85,300,185550
20240129,12:40:55,1.85,300,185550
20240129,12:42:36,1.85,50,183550
20240129,12:43:33,1.8,500,183550
20240129,12:45:18,1.8,50,183550
20240129,12:45:36,1.85,250,183550
20240129,12:45:38,1.85,250,183550
20240129,12:45:45,1.85,300,183550
20240129,12:46:03,1.85,50,183550
20240129,12:46:13,1.85,50,183550
20240129,12:46:56,1.8,250,183550
20240129,12:47:38,1.85,50,182650
20240129,12:48:43,1.85,50,182650
20240129,12:49:20,1.85,50,182650
20240129,12:49:50,1.8,50,182650
20240129,12:50:31,1.85,350,182650
20240129,12:51:08,1.85,50,182650
20240129,12:51:21,1.85,50,182250
20240129,12:52:27,1.85,250,182250
20240129,12:52:36,1.85,250,182250
20240129,12:52:39,1.85,700,182250
20240129,12:52:40,1.85,400,182250
20240129,12:52:41,1.85,450,182250
20240129,12:52:43,1.85,250,182250
20240129,12:52:44,1.85,500,182250
20240129,12:52:45,1.85,250,182250
20240129,12:52:49,1.85,3000,182250
20240129,12:52:59,1.85,350,182250
20240129,12:53:00,1.85,300,182250
20240129,12:53:02,1.85,600,182250
20240129,12:53:30,1.9,1000,182250
20240129,12:54:31,1.85,50,181700
20240129,12:54:53,1.9,50,181700
20240129,12:55:49,1.9,50,181700
20240129,12:56:20,1.9,300,181700
20240129,12:57:56,1.85,50,182050
20240129,12:58:39,1.9,500,182050
20240129,12:58:59,1.9,250,182050
20240129,13:00:14,1.9,250,182500
20240129,13:00:39,1.85,50,182500
20240129,13:00:50,1.9,250,182500
20240129,13:02:33,1.9,2000,182500
20240129,13:02:47,1.9,200,182500
20240129,13:03:49,1.85,50,182400
20240129,13:06:28,1.85,200,182400
20240129,13:07:24,1.9,50,182450
20240129,13:08:39,1.9,650,182450
20240129,13:09:49,1.85,200,182450
20240129,13:10:26,1.85,50,182450
20240129,13:11:21,1.9,100,182450
20240129,13:14:14,1.85,50,182300
20240129,13:19:04,1.9,50,182300
20240129,13:19:54,1.85,50,182250
20240129,13:20:35,1.9,50,182250
20240129,13:22:28,1.85,50,182300
20240129,13:23:01,1.85,50,182300
20240129,13:23:06,1.85,50,182300
20240129,13:23:15,1.9,50,182300
20240129,13:23:46,1.9,10800,182300
20240129,13:23:48,1.9,50,182300
20240129,13:23:49,1.9,50,182300
20240129,13:23:51,1.9,50,182300
20240129,13:23:53,1.9,50,182300
20240129,13:23:59,1.9,50,182300
20240129,13:24:39,1.9,50,182300
20240129,13:24:41,1.9,50,182300
20240129,13:24:42,1.9,50,182300
20240129,13:24:44,1.9,50,182300
20240129,13:24:45,1.9,50,182300
20240129,13:25:54,1.95,50,182300
20240129,13:25:57,1.95,50,182300
20240129,13:26:46,1.9,50,182800
20240129,13:29:14,1.9,50,182800
20240129,13:30:29,1.9,50,182800
20240129,13:31:01,1.9,50,182850
20240129,13:31:19,1.9,50,182850
20240129,13:31:30,1.9,50,182850
20240129,13:33:47,1.95,50,183050
20240129,13:34:25,1.9,50,183050
20240129,13:36:07,1.9,50,183050
20240129,13:36:25,1.9,50,183100
20240129,13:36:29,1.9,350,183100
20240129,13:36:47,1.9,50,183100
20240129,13:38:01,1.9,400,183100
20240129,13:38:14,1.9,50,183100
20240129,13:38:31,1.9,50,183100
20240129,13:39:04,1.9,50,183100
20240129,13:39:05,1.9,200,183100
20240129,13:40:10,1.9,50,183100
20240129,13:40:18,1.9,1800,183100
20240129,13:40:19,1.9,3200,183100
20240129,13:40:20,1.9,4250,183100
20240129,13:40:21,1.9,250,183100
20240129,13:40:35,1.9,200,183100
20240129,13:40:42,1.9,50,183100
20240129,13:40:43,1.85,50,183100
20240129,13:41:10,1.9,50,183100
20240129,13:41:20,1.9,50,183100
20240129,13:41:42,1.85,150,183100
20240129,13:46:12,1.9,1000,185200
20240129,13:47:25,1.85,100,185200
20240129,13:48:53,1.9,50,185200
20240129,13:49:11,1.9,50,184200
20240129,13:50:22,1.85,50,184200
20240129,13:50:46,1.9,50,184150
20240129,13:52:35,1.85,50,184150
20240129,13:54:43,1.85,50,184050
20240129,13:56:04,1.9,50,184050
20240129,13:59:31,1.9,250,184050
20240129,14:00:59,1.85,50,184000
20240129,14:01:55,1.9,50,184000
20240129,14:02:29,1.9,50,184000
20240129,14:02:44,1.9,50,184000
20240129,14:05:51,1.85,250,183850
20240129,14:05:55,1.9,50,183850
20240129,14:05:57,1.85,50,183850
20240129,14:07:52,1.85,50,183850
20240129,14:08:24,1.9,50,183850
20240129,14:09:13,1.85,250,183500
20240129,14:09:15,1.85,350,183500
20240129,14:09:18,1.85,250,183500
20240129,14:09:19,1.85,200,183500
20240129,14:09:30,1.85,200,183500
20240129,14:09:45,1.9,50,183500
20240129,14:09:52,1.85,250,183500
20240129,14:09:53,1.85,400,183500
20240129,14:10:30,1.9,50,183500
20240129,14:10:51,1.85,50,183500
20240129,14:10:54,1.85,1800,183500
20240129,14:10:55,1.85,3600,183500
20240129,14:11:01,1.9,1500,183500
20240129,14:11:56,1.85,50,183500
20240129,14:12:01,1.8,10700,179550
20240129,14:12:02,1.85,1900,179550
20240129,14:12:13,1.8,50,179550
20240129,14:12:41,1.8,7650,179550
20240129,14:13:06,1.8,250,179550
20240129,14:13:09,1.8,3150,179550
20240129,14:13:10,1.8,50,179550
20240129,14:13:12,1.8,50,179550
20240129,14:13:13,1.8,50,179550
20240129,14:13:40,1.8,50,179550
20240129,14:15:05,1.8,50,175300
20240129,14:15:19,1.75,3600,175300
20240129,14:17:09,1.75,3000,175300
20240129,14:17:13,1.75,250,175300
20240129,14:17:56,1.75,700,175300
20240129,14:18:13,1.75,1800,175250
20240129,14:18:43,1.65,15750,175250
20240129,14:18:45,1.65,100,175250
20240129,14:19:11,1.7,3400,175250
20240129,14:19:26,1.7,250,175250
20240129,14:20:13,1.75,50,175250
20240129,14:20:20,1.75,50,175250
20240129,14:21:03,1.7,500,168000
20240129,14:21:04,1.65,1850,168000
20240129,14:21:25,1.7,50,168000
20240129,14:21:52,1.65,1800,168000
20240129,14:21:53,1.6,4600,168000
20240129,14:21:59,1.6,50,168000
20240129,14:22:20,1.65,1800,168000
20240129,14:22:21,1.65,6950,168000
20240129,14:22:22,1.65,900,168000
20240129,14:22:45,1.65,450,168000
20240129,14:23:06,1.65,1800,168000
20240129,14:23:45,1.65,1850,168000
20240129,14:24:51,1.65,50,168000
20240129,14:25:25,1.7,100,157000
20240129,14:26:20,1.65,50,157000
20240129,14:27:06,1.65,3600,156900
20240129,14:27:46,1.65,3600,156900
20240129,14:27:47,1.65,2150,156900
20240129,14:27:51,1.65,1850,156900
20240129,14:27:51,1.65,50,156900
20240129,14:27:57,1.65,50,156900
20240129,14:29:11,1.7,3300,156900
20240129,14:29:12,1.7,3600,156900
20240129,14:29:27,1.65,1800,156900
20240129,14:32:03,1.7,50,146750
20240129,14:32:12,1.65,50,146750
20240129,14:33:51,1.65,4200,146750
20240129,14:33:53,1.65,1250,146750
20240129,14:33:53,1.65,2600,146750
20240129,14:33:58,1.65,950,146750
20240129,14:34:00,1.65,50,146750
20240129,14:34:10,1.65,50,146750
20240129,14:34:22,1.7,50,146750
20240129,14:34:31,1.7,50,146750
20240129,14:34:47,1.65,50,146750
20240129,14:35:23,1.65,50,146750
20240129,14:35:52,1.7,50,150600
20240129,14:36:39,1.65,50,150600
20240129,14:37:01,1.7,100,150600
20240129,14:39:20,1.65,50,150550
20240129,14:40:13,1.7,100,150550
20240129,14:40:53,1.7,50,150550
20240129,14:41:22,1.7,4050,150550
20240129,14:42:14,1.7,50,147300
20240129,14:42:24,1.7,1500,147300
20240129,14:43:18,1.65,650,147300
20240129,14:43:24,1.65,1500,147300
20240129,14:43:39,1.65,450,147300
20240129,14:44:03,1.7,2200,147300
20240129,14:44:05,1.7,1800,147300
20240129,14:44:08,1.7,500,147300
20240129,14:44:15,1.7,900,147300
20240129,14:44:18,1.7,150,147300
20240129,14:46:34,1.7,150,142200
20240129,14:49:24,1.75,2150,142200
20240129,14:49:36,1.75,2450,142200
20240129,14:49:38,1.75,750,142200
20240129,14:49:53,1.75,50,142200
20240129,14:49:58,1.75,100,142200
20240129,14:52:34,1.8,200,140900
20240129,14:55:02,1.8,800,140900
20240129,14:55:03,1.8,50,141100
20240129,14:55:53,1.8,50,141100
20240129,14:56:21,1.75,100,141100
20240129,14:57:44,1.8,100,141100
20240129,14:58:26,1.8,450,141100
20240129,14:58:30,1.8,600,141100
20240129,14:58:31,1.8,150,141100
20240129,14:59:20,1.75,2300,141100
20240129,15:00:22,1.7,100,141100
20240129,15:00:47,1.75,4150,139700
20240129,15:01:00,1.75,250,139700
20240129,15:01:06,1.75,1800,139700
20240129,15:01:07,1.75,900,139700
20240129,15:01:10,1.75,1900,139700
20240129,15:02:23,1.7,750,139700
20240129,15:03:04,1.75,2100,139700
20240129,15:03:05,1.75,900,141200
20240129,15:04:02,1.7,250,141200
20240129,15:04:03,1.7,1300,141200
20240129,15:04:08,1.7,300,141200
20240129,15:04:09,1.7,250,141200
20240129,15:04:15,1.7,50,141200
20240129,15:04:20,1.7,50,141200
20240129,15:04:31,1.7,250,141200
20240129,15:04:34,1.7,50,141200
20240129,15:04:38,1.7,50,141200
20240129,15:05:01,1.7,50,141200
20240129,15:05:14,1.7,50,141200
20240129,15:05:26,1.7,50,141200
20240129,15:06:01,1.7,50,140950
20240129,15:06:31,1.7,50,140950
20240129,15:06:48,1.7,50,140950
20240129,15:09:07,1.7,3600,141000
20240129,15:09:09,1.7,1600,141000
20240129,15:09:57,1.7,50,141000
20240129,15:10:02,1.7,50,141000
20240129,15:10:27,1.7,50,141000
20240129,15:11:07,1.65,1800,141000
20240129,15:11:09,1.7,50,141000
20240129,15:12:39,1.65,500,141000
20240129,15:12:44,1.65,1700,139850
20240129,15:13:23,1.65,250,139850
20240129,15:14:00,1.65,100,139850
20240129,15:14:01,1.65,350,139850
20240129,15:14:02,1.65,50,139850
20240129,15:14:19,1.65,100,139850
20240129,15:14:27,1.65,50,139850
20240129,15:14:44,1.7,100,139850
20240129,15:14:54,1.7,150,139850
20240129,15:15:02,1.65,150,140800
20240129,15:15:05,1.6,6700,140800
20240129,15:15:06,1.65,250,140800
20240129,15:15:35,1.65,50,140800
20240129,15:15:47,1.65,50,140800
20240129,15:16:05,1.65,2950,140800
20240129,15:16:06,1.65,50,140800
20240129,15:16:14,1.65,50,140800
20240129,15:17:09,1.6,100,140800
20240129,15:17:17,1.65,1000,140800
20240129,15:17:29,1.65,100,140800
20240129,15:18:53,1.6,50,140800
20240129,15:20:08,1.6,150,139950
20240129,15:20:11,1.65,1300,139950
20240129,15:20:13,1.65,2050,139950
20240129,15:20:31,1.65,50,139950
20240129,15:20:36,1.65,1800,139950
20240129,15:20:38,1.65,1500,139950
20240129,15:20:39,1.65,50,139950
20240129,15:21:53,1.65,50,137600
20240129,15:21:59,1.65,1800,137600
20240129,15:22:00,1.65,3150,137600
20240129,15:22:01,1.65,3200,137600
20240129,15:22:02,1.65,4050,137600
20240129,15:22:07,1.65,600,137600
20240129,15:22:24,1.6,50,137600
20240129,15:22:27,1.6,50,137600
20240129,15:22:28,1.6,200,137600
20240129,15:22:32,1.6,50,137600
20240129,15:22:34,1.6,50,137600
20240129,15:23:16,1.65,2050,137600
20240129,15:23:18,1.65,50,137600
20240129,15:23:20,1.65,1800,137600
20240129,15:24:25,1.6,400,145200
20240129,15:24:27,1.65,7900,145200
20240129,15:24:35,1.6,50,145200
20240129,15:24:35,1.65,1800,145200
20240129,15:24:41,1.6,50,145200
20240129,15:25:00,1.6,150,145200
20240129,15:25:06,1.65,9550,145200
20240129,15:25:09,1.6,500,145200
20240129,15:25:09,1.65,3950,145200
20240129,15:25:15,1.65,1600,145200
20240129,15:25:20,1.55,10700,145200
20240129,15:25:39,1.6,1200,145200
20240129,15:25:44,1.65,250,145200
20240129,15:25:45,1.6,500,145200
20240129,15:25:46,1.6,1100,145200
20240129,15:25:51,1.55,50,145200
20240129,15:25:52,1.5,200,145200
20240129,15:26:01,1.5,4000,145200
20240129,15:26:03,1.7,11250,145200
20240129,15:26:13,1.65,250,145200
20240129,15:26:17,1.65,250,145200
20240129,15:26:18,1.6,8100,145200
20240129,15:26:23,1.6,200,145200
20240129,15:26:24,1.6,1900,145200
20240129,15:26:31,1.65,2350,145200
20240129,15:26:34,1.7,200,145200
20240129,15:26:36,1.7,200,145200
20240129,15:27:01,1.6,1250,150050
20240129,15:27:02,1.6,50,150050
20240129,15:27:08,1.7,250,150050
20240129,15:27:10,1.7,3600,150050
20240129,15:27:19,1.65,1050,150050
20240129,15:27:28,1.7,1800,150050
20240129,15:27:29,1.7,500,150050
20240129,15:27:33,1.65,300,150050
20240129,15:27:34,1.7,300,150050
20240129,15:27:37,1.65,1200,150050
20240129,15:27:38,1.65,200,150050
20240129,15:27:39,1.65,600,150050
20240129,15:27:40,1.65,100,150050
20240129,15:27:41,1.65,1000,150050
20240129,15:28:00,1.6,850,150050
20240129,15:28:01,1.65,50,150050
20240129,15:28:03,1.6,1000,150050
20240129,15:28:04,1.6,2400,150050
20240129,15:28:06,1.65,50,150050
20240129,15:28:23,1.6,50,150050
20240129,15:28:34,1.6,500,150050
20240129,15:28:52,1.6,700,150050
20240129,15:28:53,1.65,50,150050
20240129,15:28:56,1.6,500,150050
20240129,15:29:12,1.65,150,150050
20240129,15:29:17,1.65,100,150050
20240129,15:29:20,1.6,50,150050
20240129,15:29:21,1.35,4550,150050
20240129,15:29:22,1.65,250,150050
20240129,15:29:28,1.6,50,150050
20240129,15:29:50,1.45,350,150050
20240129,15:29:58,1.5,100,150050
20240130,09:15:02,1.7,1,143150
20240130,09:15:02,1.7,100,143150
20240130,09:15:04,1.65,100,143150
20240130,09:15:05,1.65,50,143150
20240130,09:15:08,1.65,500,143150
20240130,09:15:09,1.75,100,143150
20240130,09:15:10,1.75,600,143150
20240130,09:15:11,1.65,1850,143150
20240130,09:15:12,1.65,100,143150
20240130,09:15:15,1.6,150,143150
20240130,09:15:16,1.55,100,143150
20240130,09:15:37,1.55,250,143150
20240130,09:15:51,1.55,150,143150
20240130,09:15:56,1.5,650,143150
20240130,09:15:57,1.5,50,143150
20240130,09:15:59,1.5,100,143150
20240130,09:16:03,1.6,50,143150
20240130,09:16:04,1.5,150,143150
20240130,09:16:15,1.5,250,143150
20240130,09:16:18,1.55,50,143150
20240130,09:16:19,1.5,1350,143150
20240130,09:16:35,1.45,200,143150
20240130,09:16:39,1.45,250,143150
20240130,09:16:48,1.45,500,143150
20240130,09:17:00,1.4,50,143150
20240130,09:17:12,1.4,100,143150
20240130,09:17:14,1.5,50,144100
20240130,09:17:17,1.45,550,144100
20240130,09:17:25,1.5,50,144100
20240130,09:17:26,1.5,100,144100
20240130,09:17:30,1.5,450,144100
20240130,09:17:31,1.45,3700,144100
20240130,09:17:32,1.45,600,144100
20240130,09:17:33,1.45,400,144100
20240130,09:17:43,1.5,50,144100
20240130,09:17:49,1.5,500,144100
20240130,09:18:02,1.5,50,144100
20240130,09:18:09,1.45,200,144100
20240130,09:18:11,1.45,50,144100
20240130,09:18:13,1.45,200,144100
20240130,09:18:14,1.45,200,144100
20240130,09:18:23,1.45,600,144100
20240130,09:18:24,1.45,200,144100
20240130,09:18:25,1.45,200,144100
20240130,09:18:26,1.45,250,144100
20240130,09:18:42,1.4,50,144100
20240130,09:18:48,1.45,500,144100
20240130,09:18:49,1.45,3750,144100
20240130,09:19:04,1.45,100,144100
20240130,09:19:05,1.45,400,144100
20240130,09:19:53,1.5,1000,144100
20240130,09:19:58,1.45,250,144100
20240130,09:20:07,1.5,250,144100
20240130,09:20:19,1.45,250,143750
20240130,09:20:36,1.45,250,143750
20240130,09:20:44,1.45,250,143750
20240130,09:20:45,1.45,250,143750
20240130,09:20:49,1.45,300,143750
20240130,09:20:52,1.45,500,143750
20240130,09:21:02,1.45,450,143750
20240130,09:21:09,1.45,800,143750
20240130,09:21:17,1.45,250,143750
20240130,09:21:19,1.45,100,143750
20240130,09:21:29,1.45,2700,143750
20240130,09:21:38,1.5,50,143750
20240130,09:21:40,1.45,100,143750
20240130,09:21:42,1.45,100,143750
20240130,09:21:46,1.5,50,143750
20240130,09:21:49,1.5,600,143750
20240130,09:21:54,1.45,2500,143750
20240130,09:21:59,1.45,50,143750
20240130,09:22:11,1.45,500,143750
20240130,09:22:28,1.5,100,143750
20240130,09:22:32,1.5,1050,143750
20240130,09:22:34,1.5,50,143750
20240130,09:22:35,1.5,100,143750
20240130,09:22:39,1.5,550,143750
20240130,09:22:43,1.5,850,143750
20240130,09:22:47,1.55,50,143750
20240130,09:23:00,1.55,100,143750
20240130,09:23:00,1.5,200,143750
20240130,09:23:03,1.5,150,143750
20240130,09:23:04,1.5,200,143750
20240130,09:23:06,1.5,150,143750
20240130,09:24:13,1.55,50,138900
20240130,09:24:16,1.5,50,138900
20240130,09:24:18,1.55,900,138900
20240130,09:24:20,1.55,350,138900
20240130,09:24:20,1.55,150,138900
20240130,09:24:23,1.55,50,138900
20240130,09:24:25,1.55,50,138900
20240130,09:24:26,1.55,250,138900
20240130,09:24:30,1.55,50,138900
20240130,09:24:35,1.6,50,138900
20240130,09:25:08,1.55,650,138900
20240130,09:25:10,1.6,1800,138900
20240130,09:25:27,1.6,50,138900
20240130,09:25:29,1.65,100,138900
20240130,09:25:30,1.6,50,138900
20240130,09:25:46,1.65,500,138900
20240130,09:25:47,1.65,600,138900
20240130,09:25:48,1.7,350,138900
20240130,09:25:50,1.7,50,138900
20240130,09:25:54,1.75,1800,138900
20240130,09:25:55,1.75,200,138900
20240130,09:25:58,1.75,100,138900
20240130,09:26:05,1.85,300,138900
20240130,09:26:06,1.85,850,138900
20240130,09:26:07,1.9,550,138900
20240130,09:26:08,2.0,550,138900
20240130,09:26:09,1.95,400,138900
20240130,09:26:12,1.9,50,138900
20240130,09:26:21,1.9,50,138900
20240130,09:26:22,1.95,400,144250
20240130,09:26:23,2.1,150,144250
20240130,09:26:24,2.2,1500,144250
20240130,09:26:29,2.2,1450,144250
20240130,09:26:30,1.95,1750,144250
20240130,09:26:32,1.95,50,144250
20240130,09:26:34,2.0,650,144250
20240130,09:26:38,1.95,50,144250
20240130,09:26:39,2.0,100,144250
20240130,09:26:40,1.95,50,144250
20240130,09:26:42,1.95,300,144250
20240130,09:26:44,1.9,650,144250
20240130,09:26:48,1.85,1200,144250
20240130,09:27:02,1.85,50,144250
20240130,09:27:09,1.85,400,144250
20240130,09:27:16,1.85,50,144250
20240130,09:27:19,1.85,400,144250
20240130,09:27:36,1.85,400,144250
20240130,09:27:38,1.85,400,144250
20240130,09:27:40,1.85,100,144250
20240130,09:27:46,1.9,1800,144250
20240130,09:27:49,1.85,1750,144250
20240130,09:27:52,1.85,50,144250
20240130,09:27:53,1.85,2400,144250
20240130,09:27:56,1.85,1800,144250
20240130,09:28:03,1.8,400,144250
20240130,09:28:05,1.85,1100,144250
20240130,09:28:06,1.8,900,144250
20240130,09:28:08,1.8,150,144250
20240130,09:28:10,1.8,50,144250
20240130,09:28:12,1.8,200,144250
20240130,09:28:13,1.8,50,144250
20240130,09:28:16,1.8,1850,144250
20240130,09:28:19,1.8,1800,144250
20240130,09:28:20,1.8,200,144250
20240130,09:28:23,1.8,750,144250
20240130,09:28:24,1.8,500,144250
20240130,09:28:25,1.85,700,144250
20240130,09:28:26,1.85,100,144250
20240130,09:28:28,1.85,1550,144250
20240130,09:28:29,1.85,7200,144250
20240130,09:28:30,1.9,2100,144250
20240130,09:28:35,1.9,1800,144250
20240130,09:28:38,1.9,250,144250
20240130,09:28:41,1.85,50,144250
20240130,09:28:43,1.85,100,144250
20240130,09:28:44,1.85,100,144250
20240130,09:28:48,1.9,150,144250
20240130,09:29:07,1.9,100,144250
20240130,09:29:12,1.9,50,144250
20240130,09:29:15,1.9,50,155100
20240130,09:29:16,1.9,600,155100
20240130,09:29:17,1.9,1400,155100
20240130,09:29:19,1.9,1550,155100
20240130,09:29:22,1.95,50,155100
20240130,09:29:27,1.95,50,155100
20240130,09:29:30,1.95,50,155100
20240130,09:29:33,1.9,600,155100
20240130,09:29:35,1.95,500,155100
20240130,09:29:44,1.9,800,155100
20240130,09:29:45,1.95,150,155100
20240130,09:30:00,1.95,50,155100
20240130,09:30:02,1.95,200,155100
20240130,09:30:11,1.95,50,155100
20240130,09:30:15,1.95,300,155100
20240130,09:30:22,1.95,1100,155100
20240130,09:30:22,2.05,1350,155100
20240130,09:30:23,2.05,1050,155100
20240130,09:30:30,2.05,50,155100
20240130,09:30:31,2.05,200,155100
20240130,09:30:32,2.05,100,155100
20240130,09:30:34,2.05,550,155100
20240130,09:30:37,2.05,750,155100
20240130,09:30:39,2.05,250,155100
20240130,09:30:49,2.05,650,155100
20240130,09:30:55,2.1,150,155100
20240130,09:30:58,2.15,1500,155100
20240130,09:30:59,2.1,250,155100
20240130,09:31:05,2.1,50,155100
20240130,09:31:06,2.15,200,155100
20240130,09:31:09,2.15,1800,155100
20240130,09:31:13,2.1,50,155100
20240130,09:31:14,2.2,50,155100
20240130,09:31:17,2.1,4000,155100
20240130,09:31:23,2.1,450,155100
20240130,09:31:26,2.1,250,155100
20240130,09:31:29,2.15,50,155100
20240130,09:31:33,2.05,500,155100
20240130,09:31:36,2.05,1500,155100
20240130,09:31:38,2.05,1150,155100
20240130,09:31:39,2.0,400,155100
20240130,09:31:40,2.0,2100,155100
20240130,09:31:42,2.0,900,155100
20240130,09:31:44,2.0,50,155100
20240130,09:31:46,2.0,250,155100
20240130,09:31:54,2.0,50,155100
20240130,09:32:00,1.95,700,155100
20240130,09:32:07,1.9,100,155100
20240130,09:32:15,1.95,200,155100
20240130,09:32:16,1.95,250,162400
20240130,09:32:33,1.9,200,162400
20240130,09:32:35,1.9,1000,162400
20240130,09:32:37,1.9,50,162400
20240130,09:32:40,1.85,2100,162400
20240130,09:32:43,1.9,250,162400
20240130,09:32:50,1.85,600,162400
20240130,09:32:52,1.85,550,162400
20240130,09:32:55,1.85,2000,162400
20240130,09:32:57,1.85,50,162400
20240130,09:33:04,1.8,1250,162400
20240130,09:33:05,1.9,2750,162400
20240130,09:33:06,1.9,400,162400
20240130,09:33:08,1.9,1300,162400
20240130,09:33:10,1.95,250,162400
20240130,09:33:12,1.95,1100,162400
20240130,09:33:18,2.0,1600,162400
20240130,09:33:19,2.0,50,162400
20240130,09:33:23,2.0,350,162400
20240130,09:33:26,2.05,2650,162400
20240130,09:33:26,2.1,400,162400
20240130,09:33:27,2.1,1600,162400
20240130,09:33:28,2.1,850,162400
20240130,09:33:29,2.1,2400,162400
20240130,09:33:32,2.1,50,162400
20240130,09:33:33,2.0,250,162400
20240130,09:33:36,2.1,100,162400
20240130,09:33:40,2.1,150,162400
20240130,09:34:01,2.0,500,162400
20240130,09:34:04,2.0,100,162400
20240130,09:34:05,2.0,250,162400
20240130,09:34:35,2.0,50,162400
20240130,09:34:42,1.9,100,162400
20240130,09:34:44,1.95,100,162400
20240130,09:34:47,1.95,50,162400
20240130,09:34:54,1.95,50,162400
20240130,09:34:56,1.95,50,162400
20240130,09:35:03,1.9,1150,162400
20240130,09:35:04,1.85,100,162400
20240130,09:35:05,1.9,850,162400
20240130,09:35:12,1.9,1500,162400
20240130,09:35:13,1.95,3400,162400
20240130,09:35:20,2.0,150,174400
20240130,09:35:32,2.0,100,174400
20240130,09:35:37,2.05,2850,174400
20240130,09:35:39,2.1,150,174400
20240130,09:35:41,2.0,50,174400
20240130,09:36:05,2.0,50,174400
20240130,09:36:07,1.95,500,174400
20240130,09:36:10,2.0,250,174400
20240130,09:36:10,2.0,150,174400
20240130,09:36:24,1.95,200,174400
20240130,09:36:37,2.0,50,174400
20240130,09:36:41,2.0,1000,174400
20240130,09:36:44,2.0,50,174400
20240130,09:36:52,2.05,200,174400
20240130,09:36:53,2.05,50,174400
20240130,09:37:12,2.05,100,174400
20240130,09:37:21,2.0,300,174400
20240130,09:37:55,2.0,1800,174400
20240130,09:38:06,2.0,200,174400
20240130,09:38:07,2.0,1200,174400
20240130,09:38:08,2.0,150,174400
20240130,09:38:27,2.0,50,177350
20240130,09:38:28,2.0,50,177350
20240130,09:38:45,2.0,50,177350
20240130,09:38:53,1.95,1800,177350
20240130,09:38:57,2.0,50,177350
20240130,09:38:59,1.95,1800,177350
20240130,09:39:00,1.95,450,177350
20240130,09:39:08,1.95,1800,177350
20240130,09:39:11,1.95,250,177350
20240130,09:39:12,1.95,350,177350
20240130,09:39:21,1.95,250,177350
20240130,09:39:28,1.95,1500,177350
20240130,09:39:31,1.95,2300,177350
20240130,09:39:33,2.0,50,177350
20240130,09:39:36,2.05,3050,177350
20240130,09:39:44,2.05,3600,177350
20240130,09:39:45,2.1,2600,177350
20240130,09:39:47,2.05,1000,177350
20240130,09:39:53,2.1,1850,177350
20240130,09:39:54,2.1,50,177350
20240130,09:39:59,2.1,50,177350
20240130,09:40:00,2.1,650,177350
20240130,09:40:01,2.1,350,177350
20240130,09:40:02,2.15,1800,177350
20240130,09:40:03,2.1,250,177350
20240130,09:40:04,2.1,50,177350
20240130,09:40:05,2.1,1000,177350
20240130,09:40:07,2.1,1800,177350
20240130,09:40:08,2.1,350,177350
20240130,09:40:21,2.1,50,177350
20240130,09:40:43,2.1,50,177350
20240130,09:40:45,2.1,200,177350
20240130,09:40:46,2.1,200,177350
20240130,09:40:48,2.1,100,177350
20240130,09:40:59,2.15,50,177350
20240130,09:41:05,2.1,50,177350
20240130,09:41:07,2.15,50,177350
20240130,09:41:08,2.1,250,177350
20240130,09:41:22,2.1,550,177350
20240130,09:41:26,2.1,200,193000
20240130,09:41:30,2.1,1350,193000
20240130,09:41:35,2.05,50,193000
20240130,09:41:38,2.05,50,193000
20240130,09:41:39,2.05,50,193000
20240130,09:41:40,2.05,250,193000
20240130,09:41:45,2.1,50,193000
20240130,09:42:04,2.1,100,193000
20240130,09:42:05,2.1,50,193000
20240130,09:42:07,2.1,50,193000
20240130,09:42:08,2.05,450,193000
20240130,09:42:10,2.1,50,193000
20240130,09:42:29,2.05,150,193000
20240130,09:42:42,2.05,50,193000
20240130,09:42:44,2.1,50,193000
20240130,09:42:51,2.1,100,193000
20240130,09:42:54,2.05,800,193000
20240130,09:43:02,2.1,200,193000
20240130,09:43:04,2.05,400,193000
20240130,09:43:06,2.05,400,193000
20240130,09:43:07,2.05,2600,193000
20240130,09:43:08,2.05,2200,193000
20240130,09:43:10,2.05,250,193000
20240130,09:43:11,2.05,200,193000
20240130,09:43:12,2.05,800,193000
20240130,09:43:14,2.05,200,193000
20240130,09:43:15,2.0,1050,193000
20240130,09:43:16,2.0,200,193000
20240130,09:43:18,2.0,800,193000
20240130,09:43:19,2.0,800,193000
20240130,09:43:22,2.0,400,193000
20240130,09:43:23,2.0,600,193000
20240130,09:43:24,2.0,800,193000
20240130,09:43:31,2.0,1850,193000
20240130,09:43:32,1.95,100,193000
20240130,09:43:35,2.0,300,193000
20240130,09:43:40,1.95,750,193000
20240130,09:43:41,1.95,550,193000
20240130,09:43:43,1.95,550,193000
20240130,09:43:45,1.95,600,193000
20240130,09:43:46,2.0,500,193000
20240130,09:43:48,2.0,600,193000
20240130,09:43:49,2.0,350,193000
20240130,09:43:49,2.0,250,193000
20240130,09:43:51,1.95,50,193000
20240130,09:43:52,1.95,150,193000
20240130,09:43:53,2.0,50,193000
20240130,09:43:54,2.0,650,193000
20240130,09:43:55,2.0,650,193000
20240130,09:43:56,2.0,950,193000
20240130,09:43:57,2.0,300,193000
20240130,09:43:58,2.0,1800,193000
20240130,09:44:00,2.0,400,193000
20240130,09:44:01,2.0,50,193000
20240130,09:44:09,2.0,50,193000
20240130,09:44:11,2.0,200,193000
20240130,09:44:17,2.0,900,193000
20240130,09:44:23,1.95,50,190000
20240130,09:44:25,1.95,100,190000
20240130,09:44:31,1.95,6400,190000
20240130,09:44:32,1.95,1800,190000
20240130,09:44:43,2.0,50,190000
20240130,09:45:00,2.0,400,190000
20240130,09:45:06,1.95,400,190000
20240130,09:45:08,1.95,2200,190000
20240130,09:45:26,1.95,50,190000
20240130,09:45:58,1.95,1200,190000
20240130,09:45:59,1.95,1400,190000
20240130,09:46:02,1.95,900,190000
20240130,09:46:39,1.9,800,190000
20240130,09:46:39,1.9,400,190000
20240130,09:46:45,1.95,500,190000
20240130,09:46:52,1.95,50,190000
20240130,09:47:04,1.95,350,190000
20240130,09:47:10,1.9,800,190000
20240130,09:47:16,1.9,400,190000
20240130,09:47:16,1.9,800,190000
20240130,09:47:18,1.9,800,191600
20240130,09:47:40,1.9,50,191600
20240130,09:47:52,1.95,50,191600
20240130,09:48:05,1.9,50,191600
20240130,09:48:11,1.95,450,191600
20240130,09:48:26,1.95,250,191600
20240130,09:48:33,1.95,300,191600
20240130,09:48:40,1.95,50,191600
20240130,09:48:48,1.9,200,191600
20240130,09:49:48,1.95,50,191600
20240130,09:50:00,1.95,1050,191600
20240130,09:50:11,1.95,50,191600
20240130,09:50:13,1.95,1500,191600
20240130,09:50:14,1.95,1500,191600
20240130,09:50:15,1.95,2300,191600
20240130,09:50:16,1.95,50,191600
20240130,09:50:21,1.95,250,194900
20240130,09:50:25,2.0,50,194900
20240130,09:50:27,1.95,50,194900
20240130,09:50:44,1.95,600,194900
20240130,09:50:59,2.0,100,194900
20240130,09:51:32,2.0,50,194900
20240130,09:51:46,1.95,200,194900
20240130,09:51:47,1.95,200,194900
20240130,09:51:48,1.95,800,194900
20240130,09:51:52,2.0,500,194900
20240130,09:51:53,1.95,50,194900
20240130,09:52:23,2.0,100,194900
20240130,09:52:29,2.0,100,194900
20240130,09:52:33,2.0,50,194900
20240130,09:52:33,1.95,150,194900
20240130,09:52:41,1.95,250,194900
20240130,09:52:49,2.0,50,194900
20240130,09:53:04,1.95,450,194900
20240130,09:53:07,1.95,200,194900
20240130,09:53:14,2.0,550,194900
20240130,09:53:16,2.0,2300,194900
20240130,09:53:19,2.0,600,194900
20240130,09:53:19,1.95,200,196000
20240130,09:53:20,1.95,600,196000
20240130,09:53:21,2.0,450,196000
20240130,09:53:23,1.95,500,196000
20240130,09:53:25,1.95,50,196000
20240130,09:53:26,1.95,800,196000
20240130,09:53:29,2.0,50,196000
20240130,09:53:30,2.0,50,196000
20240130,09:53:40,2.0,50,196000
20240130,09:53:42,2.0,50,196000
20240130,09:53:43,2.0,450,196000
20240130,09:53:53,1.95,450,196000
20240130,09:54:40,2.0,400,196000
20240130,09:54:47,2.05,50,196000
20240130,09:54:52,2.0,50,196000
20240130,09:54:55,2.0,50,196000
20240130,09:55:07,1.95,50,196000
20240130,09:55:10,2.0,600,196000
20240130,09:55:16,1.95,150,196000
20240130,09:55:26,2.0,100,196000
20240130,09:55:35,1.95,50,196000
20240130,09:55:40,2.0,50,196000
20240130,09:56:11,1.95,50,196000
20240130,09:56:19,1.95,50,196000
20240130,09:56:47,1.95,50,195900
20240130,09:57:00,2.0,100,195900
20240130,09:57:10,2.0,50,195900
20240130,09:57:15,1.95,800,195900
20240130,09:57:20,2.0,100,195900
20240130,09:57:37,2.0,50,195900
20240130,09:57:42,1.95,600,195900
20240130,09:57:44,1.95,200,195900
20240130,09:57:47,2.0,1800,195900
20240130,09:57:50,1.95,100,195900
20240130,09:57:54,2.0,1450,195900
20240130,09:57:57,2.0,50,195900
20240130,09:57:58,2.0,250,195900
20240130,09:57:59,2.05,50,195900
20240130,09:58:01,2.0,50,195900
20240130,09:58:04,2.0,250,195900
20240130,09:58:05,2.05,50,195900
20240130,09:58:14,2.0,50,195900
20240130,09:58:14,2.05,100,195900
20240130,09:58:16,2.0,100,195900
20240130,09:58:18,2.05,50,195900
20240130,09:58:19,2.0,250,195900
20240130,09:58:31,2.0,250,195900
20240130,09:58:38,2.0,50,195900
20240130,09:58:41,2.0,50,195900
20240130,09:58:43,2.0,250,195900
20240130,09:58:46,2.0,250,195900
20240130,09:58:47,2.0,250,195900
20240130,09:58:51,2.0,50,195900
20240130,09:59:10,2.0,50,195900
20240130,09:59:33,2.0,100,195900
20240130,09:59:34,2.0,50,195900
20240130,09:59:57,1.95,2200,195900
20240130,09:59:59,2.0,800,195900
20240130,10:00:03,1.95,800,195900
20240130,10:00:04,2.0,50,195900
20240130,10:00:06,2.0,50,195900
20240130,10:00:08,2.0,200,195900
20240130,10:00:12,2.0,50,195900
20240130,10:00:20,2.0,250,195900
20240130,10:00:24,2.0,50,195900
20240130,10:00:36,1.95,250,195900
20240130,10:00:37,1.95,250,195900
20240130,10:00:39,1.95,250,195900
20240130,10:00:41,1.95,150,195900
20240130,10:00:43,1.95,1800,195900
20240130,10:00:44,1.95,100,195900
20240130,10:00:51,1.9,100,195900
20240130,10:00:52,1.95,700,195900
20240130,10:00:54,1.95,50,195900
20240130,10:00:56,1.95,50,195900
20240130,10:00:57,1.9,50,195900
20240130,10:01:00,1.95,50,195900
20240130,10:01:04,1.9,400,195900
20240130,10:01:05,1.9,100,195900
20240130,10:01:14,1.9,100,195900
20240130,10:01:22,1.95,50,195900
20240130,10:01:27,1.95,350,195900
20240130,10:01:40,1.95,50,195900
20240130,10:02:14,1.9,1050,195900
20240130,10:02:18,1.9,1000,195900
20240130,10:02:21,1.9,1500,195900
20240130,10:02:24,1.9,1800,200300
20240130,10:02:25,1.95,250,200300
20240130,10:02:26,1.9,2300,200300
20240130,10:02:27,1.9,1000,200300
20240130,10:02:31,1.9,1200,200300
20240130,10:02:33,1.9,500,200300
20240130,10:02:37,1.9,150,200300
20240130,10:02:39,1.9,50,200300
20240130,10:02:40,1.9,50,200300
20240130,10:02:45,1.9,600,200300
20240130,10:02:46,1.9,1850,200300
20240130,10:02:47,1.9,50,200300
20240130,10:02:49,1.9,100,200300
20240130,10:03:10,1.85,50,200300
20240130,10:03:11,1.9,50,200300
20240130,10:03:13,1.85,900,200300
20240130,10:03:14,1.85,50,200300
20240130,10:03:17,1.85,200,200300
20240130,10:03:18,1.85,2600,200300
20240130,10:03:21,1.85,400,200300
20240130,10:03:21,1.85,1500,200300
20240130,10:03:25,1.8,100,200300
20240130,10:03:33,1.85,50,200300
20240130,10:03:38,1.8,200,200300
20240130,10:03:42,1.8,50,200300
20240130,10:04:33,1.8,50,200300
20240130,10:04:39,1.8,3700,200300
20240130,10:04:40,1.75,100,200300
20240130,10:04:49,1.75,350,200300
20240130,10:04:56,1.75,50,200300
20240130,10:04:57,1.75,400,200300
20240130,10:05:01,1.7,100,200300
20240130,10:05:02,1.7,50,200300
20240130,10:05:07,1.75,250,200300
20240130,10:05:18,1.75,400,200300
20240130,10:05:41,1.75,250,200300
20240130,10:05:45,1.75,250,212150
20240130,10:05:51,1.75,250,212150
20240130,10:06:07,1.75,500,212150
20240130,10:06:15,1.75,50,212150
20240130,10:06:17,1.7,50,212150
20240130,10:06:28,1.75,50,212150
20240130,10:06:29,1.75,100,212150
20240130,10:06:42,1.75,1000,212150
20240130,10:06:43,1.75,700,212150
20240130,10:07:00,1.8,500,212150
20240130,10:07:01,1.8,500,212150
20240130,10:07:02,1.8,500,212150
20240130,10:07:03,1.85,50,212150
20240130,10:07:09,1.85,50,212150
20240130,10:07:26,1.85,50,212150
20240130,10:07:29,1.8,50,212150
20240130,10:07:47,1.85,50,212150
20240130,10:07:53,1.85,200,212150
20240130,10:08:11,1.8,50,212150
20240130,10:08:25,1.8,50,212150
20240130,10:08:29,1.8,50,208650
20240130,10:08:45,1.8,350,208650
20240130,10:08:47,1.8,350,208650
20240130,10:08:50,1.8,300,208650
20240130,10:08:58,1.8,100,208650
20240130,10:09:07,1.8,50,208650
20240130,10:09:25,1.8,50,208650
20240130,10:09:28,1.8,50,208650
20240130,10:10:10,1.75,50,208650
20240130,10:10:12,1.8,200,208650
20240130,10:10:31,1.8,700,208650
20240130,10:10:43,1.8,100,208650
20240130,10:10:53,1.8,50,208650
20240130,10:10:55,1.8,100,208650
20240130,10:11:00,1.8,50,208650
20240130,10:11:02,1.8,1000,208650
20240130,10:11:04,1.8,100,208650
20240130,10:11:31,1.75,50,208650
20240130,10:11:47,1.8,1200,207950
20240130,10:11:49,1.8,100,207950
20240130,10:11:58,1.8,250,207950
20240130,10:12:22,1.75,100,207950
20240130,10:12:47,1.75,50,207950
20240130,10:13:11,1.75,1000,207950
20240130,10:13:18,1.75,50,207950
20240130,10:13:19,1.8,50,207950
20240130,10:13:48,1.75,900,207950
20240130,10:14:11,1.7,100,207950
20240130,10:14:30,1.7,500,207000
20240130,10:14:58,1.7,50,207000
20240130,10:15:41,1.7,50,207000
20240130,10:16:23,2.0,14750,207000
20240130,10:16:24,2.1,10800,207000
20240130,10:16:25,1.85,50,207000
20240130,10:16:30,1.8,100,207000
20240130,10:16:31,1.8,200,207000
20240130,10:16:35,1.8,1150,207000
20240130,10:16:36,1.8,3700,207000
20240130,10:16:45,1.8,1000,207000
20240130,10:16:57,1.75,800,207000
20240130,10:17:00,1.75,500,207000
20240130,10:17:01,1.8,100,207000
20240130,10:17:06,1.8,50,207000
20240130,10:17:20,1.75,700,207000
20240130,10:17:24,1.75,750,222550
20240130,10:17:27,1.7,50,222550
20240130,10:17:31,1.65,27250,222550
20240130,10:17:32,1.65,2700,222550
20240130,10:17:33,1.5,1700,222550
20240130,10:17:34,1.65,100,222550
20240130,10:17:38,1.65,2250,222550
20240130,10:17:42,1.7,50,222550
20240130,10:17:44,1.65,2250,222550
20240130,10:17:45,1.65,2300,222550
20240130,10:17:48,1.65,1800,222550
20240130,10:17:50,1.65,50,222550
20240130,10:18:07,1.65,500,222550
20240130,10:18:25,1.6,150,222550
20240130,10:18:33,1.65,500,222550
20240130,10:18:53,1.65,50,222550
20240130,10:18:55,1.65,50,222550
20240130,10:19:18,1.65,50,222550
20240130,10:19:28,1.65,50,222550
20240130,10:19:32,1.6,2050,222550
20240130,10:19:36,1.6,100,222550
20240130,10:19:46,1.65,1800,222550
20240130,10:19:56,1.65,1800,222550
20240130,10:20:00,1.6,50,222550
20240130,10:20:12,1.6,50,222550
20240130,10:20:13,1.65,50,222550
20240130,10:20:16,1.65,250,222550
20240130,10:20:20,1.65,1500,222550
20240130,10:20:22,1.65,1850,202600
20240130,10:20:22,1.65,650,202600
20240130,10:20:24,1.7,50,202600
20240130,10:20:32,1.7,50,202600
20240130,10:20:33,1.65,50,202600
20240130,10:20:38,1.65,50,202600
20240130,10:20:39,1.7,50,202600
20240130,10:20:43,1.7,100,202600
20240130,10:20:44,1.7,50,202600
20240130,10:20:47,1.7,50,202600
20240130,10:21:00,1.7,450,202600
20240130,10:21:02,1.65,50,202600
20240130,10:21:08,1.7,1650,202600
20240130,10:21:30,1.7,50,202600
20240130,10:21:36,1.7,400,202600
20240130,10:21:40,1.7,50,202600
20240130,10:21:41,1.7,150,202600
20240130,10:22:19,1.65,50,202600
20240130,10:22:20,1.7,50,202600
20240130,10:22:34,1.65,50,202600
20240130,10:22:36,1.7,1800,202600
20240130,10:22:38,1.7,50,202600
20240130,10:22:40,1.7,50,202600
20240130,10:22:41,1.75,50,202600
20240130,10:22:53,1.75,50,202600
20240130,10:22:55,1.7,50,202600
20240130,10:23:00,1.75,50,202600
20240130,10:23:09,1.75,50,202600
20240130,10:23:22,1.75,100,202600
20240130,10:23:26,1.75,200,203450
20240130,10:23:29,1.7,750,203450
20240130,10:23:36,1.65,400,203450
20240130,10:23:40,1.7,1000,203450
20240130,10:23:41,1.7,50,203450
20240130,10:23:44,1.65,50,203450
20240130,10:23:45,1.7,50,203450
20240130,10:23:51,1.7,1800,203450
20240130,10:23:52,1.7,500,203450
20240130,10:23:56,1.7,50,203450
20240130,10:24:16,1.75,350,203450
20240130,10:24:28,1.7,50,203450
20240130,10:24:50,1.75,50,203450
20240130,10:24:52,1.7,50,203450
20240130,10:24:54,1.75,50,203450
20240130,10:26:02,1.7,900,203450
20240130,10:26:20,1.75,100,203450
20240130,10:26:42,1.7,50,203450
20240130,10:26:49,1.75,50,203150
20240130,10:27:36,1.7,100,203150
20240130,10:27:43,1.75,50,203150
20240130,10:27:58,1.75,50,203150
20240130,10:28:08,1.65,1650,203150
20240130,10:28:09,1.75,50,203150
20240130,10:28:10,1.75,50,203150
20240130,10:28:17,1.75,250,203150
20240130,10:28:17,1.75,50,203150
20240130,10:28:26,1.75,1700,203150
20240130,10:28:33,1.75,100,203150
20240130,10:28:40,1.75,400,203150
20240130,10:29:08,1.75,100,203150
20240130,10:29:18,1.75,150,203150
20240130,10:29:40,1.7,50,203150
20240130,10:29:41,1.7,100,201850
20240130,10:30:09,1.75,50,201850
20240130,10:30:50,1.7,50,201850
20240130,10:30:55,1.75,50,201850
20240130,10:31:05,1.7,50,201850
20240130,10:32:20,1.7,350,201850
20240130,10:32:39,1.7,1800,201850
20240130,10:32:40,1.7,1250,201600
20240130,10:32:41,1.65,3650,201600
20240130,10:33:08,1.7,1000,201600
20240130,10:33:47,1.65,1800,201600
20240130,10:33:59,1.65,50,201600
20240130,10:34:26,1.65,100,201600
20240130,10:35:53,1.65,200,201600
20240130,10:36:02,1.65,150,197750
20240130,10:36:15,1.65,100,197750
20240130,10:36:32,1.65,1200,197750
20240130,10:36:39,1.7,950,197750
20240130,10:36:49,1.7,50,197750
20240130,10:36:59,1.7,50,197750
20240130,10:37:10,1.65,1200,197750
20240130,10:37:18,1.6,2200,197750
20240130,10:37:31,1.55,1600,197750
20240130,10:37:41,1.6,50,197750
20240130,10:37:48,1.6,50,197750
20240130,10:37:53,1.55,50,197750
20240130,10:38:07,1.5,1800,197750
20240130,10:38:08,1.5,550,197750
20240130,10:38:41,1.5,850,195950
20240130,10:38:42,1.55,400,195950
20240130,10:38:57,1.55,2200,195950
20240130,10:38:57,1.55,800,195950
20240130,10:38:58,1.5,250,195950
20240130,10:38:59,1.55,1200,195950
20240130,10:39:00,1.55,600,195950
20240130,10:39:01,1.55,200,195950
20240130,10:39:07,1.55,100,195950
20240130,10:39:08,1.55,50,195950
20240130,10:39:15,1.55,50,195950
20240130,10:39:25,1.55,200,195950
20240130,10:39:44,1.55,1800,195950
20240130,10:39:48,1.55,250,195950
20240130,10:39:51,1.55,400,195950
20240130,10:39:57,1.55,800,195950
20240130,10:39:58,1.55,800,195950
20240130,10:39:59,1.55,200,195950
20240130,10:40:16,1.5,600,195950
20240130,10:40:18,1.5,450,195950
20240130,10:40:28,1.45,50,195950
20240130,10:40:36,1.45,50,195950
20240130,10:40:46,1.5,250,195950
20240130,10:40:47,1.45,1800,195950
20240130,10:40:56,1.5,100,195950
20240130,10:40:58,1.45,200,195950
20240130,10:41:00,1.45,300,195950
20240130,10:41:17,1.45,350,195950
20240130,10:41:42,1.5,50,195950
20240130,10:42:09,1.45,50,188950
20240130,10:42:14,1.5,1800,188950
20240130,10:42:19,1.5,2650,188950
20240130,10:42:20,1.5,1800,188950
20240130,10:42:30,1.55,50,188950
20240130,10:42:36,1.55,50,188950
20240130,10:42:49,1.5,3600,188950
20240130,10:42:57,1.55,1000,188950
20240130,10:42:58,1.55,150,188950
20240130,10:42:59,1.55,250,188950
20240130,10:43:04,1.6,50,188950
20240130,10:43:10,1.6,50,188950
20240130,10:43:15,1.6,50,188950
20240130,10:43:25,1.6,250,188950
20240130,10:43:29,1.6,50,188950
20240130,10:43:38,1.55,1800,188950
20240130,10:43:41,1.5,2050,188950
20240130,10:43:44,1.6,100,188950
20240130,10:43:48,1.55,1000,188950
20240130,10:43:49,1.55,450,188950
20240130,10:43:59,1.5,3600,188950
20240130,10:44:04,1.5,1000,188950
20240130,10:44:06,1.5,1450,188950
20240130,10:44:09,1.5,50,188950
20240130,10:44:12,1.5,50,188950
20240130,10:44:15,1.5,50,188950
20240130,10:44:22,1.5,50,188950
20240130,10:44:31,1.5,50,187000
20240130,10:44:41,1.5,50,187000
20240130,10:44:46,1.5,100,187000
20240130,10:45:04,1.45,1800,187000
20240130,10:45:17,1.5,800,187000
20240130,10:45:28,1.45,3600,187000
20240130,10:45:36,1.5,50,187000
20240130,10:46:44,1.45,1800,187000
20240130,10:46:49,1.45,950,187000
20240130,10:46:53,1.4,150,187000
20240130,10:46:55,1.4,100,187000
20240130,10:46:56,1.45,50,187000
20240130,10:47:05,1.45,50,187000
20240130,10:47:06,1.4,1800,187000
20240130,10:47:10,1.4,50,187000
20240130,10:47:36,1.45,50,187000
20240130,10:48:21,1.4,3600,181100
20240130,10:48:29,1.45,50,181100
20240130,10:49:11,1.45,400,181100
20240130,10:49:32,1.4,3600,181100
20240130,10:50:08,1.4,3600,181100
20240130,10:50:17,1.4,50,181100
20240130,10:50:19,1.4,600,181100
20240130,10:50:22,1.4,900,181100
20240130,10:50:23,1.4,2650,181100
20240130,10:50:32,1.35,1600,181100
20240130,10:50:32,1.35,1450,170250
20240130,10:50:33,1.35,50,170250
