date,time,tick_price,volume,open_interest
20231229,10:18:30,26.1,5150,37800
20231229,10:18:46,26.15,400,37800
20231229,10:18:54,26.5,1800,37800
20231229,10:19:09,28.1,5950,37800
20231229,10:19:17,32.1,20800,37800
20231229,10:19:26,33.05,2750,37800
20231229,10:19:34,32.5,500,37800
20231229,10:19:41,32.6,450,37800
20231229,10:21:56,34.55,950,37800
20231229,10:22:03,34.85,600,37800
20231229,10:22:11,34.85,1550,37800
20231229,10:22:19,34.85,2050,37800
20231229,10:22:27,35.0,900,37800
20231229,10:22:35,35.15,1500,37800
20231229,10:22:42,35.5,900,37800
20231229,10:22:49,35.55,600,37800
20231229,10:22:57,35.65,300,37800
20231229,10:23:04,35.65,300,37800
20231229,10:23:11,35.65,600,37800
20231229,10:23:19,35.65,250,37800
20231229,10:23:26,35.65,250,31850
20231229,10:23:48,35.65,1350,31850
20231229,10:23:56,35.6,50,31850
20231229,10:24:19,35.5,350,31850
20231229,10:24:27,35.45,600,31850
20231229,10:24:35,35.45,1050,31850
20231229,10:24:44,35.45,50,31850
20231229,10:25:22,35.45,250,31850
20231229,10:25:44,35.5,250,31850
20231229,10:25:59,35.5,400,31850
20231229,10:26:06,35.5,50,31850
20231229,10:26:13,35.5,400,31850
20231229,10:26:21,35.5,400,26800
20231229,10:26:28,35.5,300,26800
20231229,10:26:35,35.5,550,26800
20231229,10:26:43,35.5,650,26800
20231229,10:26:50,35.5,500,26800
20231229,10:27:13,35.55,300,26800
20231229,10:27:28,35.55,50,26800
20231229,10:27:43,35.55,300,26800
20231229,10:28:17,36.25,950,26800
20231229,10:30:26,35.1,50,22800
20231229,10:30:34,35.05,50,22800
20231229,10:31:29,35.95,200,22800
20231229,10:31:36,35.95,250,22800
20231229,10:31:59,36.2,350,22800
20231229,10:32:21,34.8,100,21950
20231229,10:32:37,34.55,150,21950
20231229,10:36:04,36.35,150,21800
20231229,10:44:55,36.35,600,21650
20231229,10:45:03,36.25,850,21650
20231229,10:46:46,34.3,100,21650
20231229,10:49:20,36.35,900,20150
20231229,11:18:28,34.3,50,19250
20231229,11:18:36,34.05,50,19250
20231229,11:20:39,33.8,50,19350
20231229,11:21:29,33.55,50,19350
20231229,11:24:28,33.3,150,19350
20231229,11:25:50,33.1,50,19350
20231229,11:25:59,33.1,50,19350
20231229,11:26:46,33.05,100,19150
20231229,11:28:49,32.85,100,19150
20231229,11:30:26,32.85,100,19000
20231229,11:31:19,32.8,150,19000
20231229,11:35:09,32.8,150,18800
20231229,11:35:33,32.55,100,18700
20231229,11:37:28,32.3,100,18700
20231229,11:44:05,35.9,1500,18600
20231229,11:44:13,35.95,700,18600
20231229,11:44:21,35.85,650,18600
20231229,11:44:54,35.85,400,15750
20231229,11:45:02,35.8,500,15750
20231229,11:45:10,35.85,250,15750
20231229,11:45:19,33.05,1150,15750
20231229,11:45:27,34.9,2150,15750
20231229,11:45:35,33.5,1400,15750
20231229,11:45:50,34.0,450,15750
20231229,11:46:14,34.25,1850,15750
20231229,11:46:22,34.0,450,15750
20231229,11:46:30,33.7,100,15750
20231229,11:46:38,33.75,200,15750
20231229,11:46:45,33.6,50,15750
20231229,11:46:53,33.85,100,15750
20231229,11:47:54,33.8,50,9100
20231229,11:48:49,33.6,50,9100
20231229,11:49:22,33.6,400,9100
20231229,11:50:48,34.45,250,9100
20231229,11:50:55,34.3,1300,8700
20231229,11:51:11,33.75,1650,8700
20231229,11:51:19,33.8,250,8700
20231229,11:51:26,33.75,350,8700
20231229,11:56:44,32.8,250,6100
20231229,11:57:33,32.65,50,6100
20231229,11:58:32,32.65,150,6100
20231229,11:58:58,32.65,50,6100
20231229,12:00:37,33.95,850,5750
20231229,12:00:45,33.3,750,5750
20231229,12:00:53,33.3,300,5750
20231229,12:01:00,33.95,100,5750
20231229,12:01:08,33.65,800,5750
20231229,12:01:17,33.4,50,5750
20231229,12:01:25,33.5,600,5750
20231229,12:01:33,33.55,550,5750
20231229,12:01:41,33.3,200,5750
20231229,12:01:49,33.65,600,5750
20231229,12:01:56,32.95,100,5750
20231229,12:02:04,33.0,300,5750
20231229,12:02:20,33.15,100,5750
20231229,12:02:50,33.2,100,3100
20231229,12:05:10,32.85,50,3100
20231229,12:05:18,32.8,250,3100
20231229,12:09:36,32.6,50,2800
20231229,12:12:23,32.55,150,2750
20231229,12:21:19,32.6,50,2650
20231229,12:21:27,32.6,50,2650
20231229,12:21:49,32.6,50,2650
20231229,12:22:21,32.6,50,2650
20231229,12:22:43,32.6,50,2650
20231229,12:22:50,32.6,50,2650
20231229,12:23:28,32.6,50,2650
20231229,12:23:51,32.55,150,2300
20231229,12:39:12,34.05,50,2200
20231229,12:39:29,34.05,100,2200
20231229,12:39:46,34.05,200,2200
20231229,13:06:12,32.35,150,2000
20231229,13:06:20,32.35,100,2000
20231229,13:08:25,32.35,50,2000
20231229,13:09:26,32.35,100,1700
20231229,13:10:04,32.35,50,1700
20231229,13:10:12,32.35,100,1700
20231229,13:16:19,32.35,50,1450
20231229,13:33:29,33.65,50,1400
20231229,13:34:57,32.95,50,1400
20231229,13:38:14,32.85,50,1350
20231229,13:38:21,32.95,50,1350
20231229,13:40:19,33.15,50,1350
20231229,13:40:44,33.8,150,1350
20231229,13:41:41,33.4,50,1350
20231229,13:41:49,33.45,50,1250
20231229,13:41:57,33.4,100,1250
20231229,13:48:04,32.8,50,1100
20231229,13:48:57,33.05,50,1100
20231229,13:49:21,33.15,50,1100
20231229,13:53:38,32.9,50,1050
20231229,13:54:16,32.85,50,1050
20231229,13:55:50,33.15,50,1050
20231229,13:56:13,33.1,50,1050
20231229,13:56:57,33.1,150,950
20231229,13:57:20,33.45,100,950
20231229,13:57:28,33.45,100,950
20231229,13:58:35,33.3,50,950
20231229,14:04:32,32.65,50,1200
20231229,14:04:47,32.7,100,1200
20231229,14:04:55,32.65,100,1200
20231229,14:05:34,32.95,150,1200
20231229,14:05:57,32.7,100,1400
20231229,14:06:28,33.1,50,1400
20231229,14:06:36,33.1,100,1400
20231229,14:06:44,33.0,250,1400
20231229,14:07:46,33.15,50,1400
20231229,14:14:11,33.95,50,1450
20231229,14:21:58,34.1,200,1500
20231229,14:22:22,34.4,300,1500
20231229,14:22:47,34.55,50,1500
20231229,14:23:04,34.45,300,1500
20231229,14:34:13,33.15,200,2000
20231229,14:34:44,33.05,50,2000
20231229,14:34:53,33.15,50,2000
20231229,14:35:03,33.0,50,2000
20231229,14:37:03,32.3,50,2200
20231229,14:37:13,32.05,50,2200
20231229,14:38:05,32.25,100,2200
20231229,14:40:38,32.45,100,2300
20231229,14:49:38,32.45,50,2400
20231229,14:53:13,31.95,100,2450
20231229,14:53:39,32.1,50,2450
20231229,14:58:20,31.95,100,2400
20231229,14:58:46,31.55,50,2400
20231229,14:58:55,31.55,350,2400
20231229,14:59:12,32.35,100,2400
20231229,15:00:11,31.4,300,2800
20231229,15:27:26,33.95,150,2200
20231229,15:29:39,31.35,100,2200
20240101,10:49:08,28.85,1,2200
20240101,10:49:08,28.85,150,2200
20240101,10:49:16,28.85,50,2200
20240101,10:53:34,28.9,100,2350
20240101,11:00:57,28.9,50,2450
20240101,11:01:04,28.9,50,2450
20240101,11:01:14,29.05,50,2450
20240101,11:01:22,29.15,50,2450
20240101,11:01:31,29.25,100,2450
20240101,11:02:37,30.0,650,2950
20240101,11:13:40,30.0,50,3350
20240101,11:14:25,30.0,100,3350
20240101,11:23:28,28.55,550,3400
20240101,11:25:55,28.55,100,3600
20240101,11:34:12,29.05,150,3500
20240101,12:10:15,28.05,50,3350
20240101,12:14:31,27.8,50,3400
20240101,12:28:19,27.8,200,3450
20240101,12:31:03,29.1,50,3450
20240101,12:56:16,28.3,50,3450
20240101,13:57:04,26.9,50,3450
20240101,14:23:03,26.9,50,3450
20240101,15:07:43,27.15,100,3450
20240104,10:14:12,24.65,1,3350
20240104,10:14:12,24.65,350,3350
20240104,10:14:36,24.65,400,3350
20240104,10:24:08,24.0,100,3700
20240104,10:56:24,23.7,50,3750
20240104,11:12:18,16.55,50,3750
20240105,09:15:47,18.6,1,3750
20240105,09:15:47,18.6,250,3750
20240105,09:16:03,18.6,300,3750
20240105,09:18:59,18.6,1000,4300
20240105,09:19:08,18.6,50,4300
20240105,09:19:36,18.6,200,4300
20240105,09:49:31,18.6,50,4500
20240105,10:06:08,18.6,50,4500
20240105,14:49:29,18.6,50,4450
20240109,10:57:33,5.15,1,4500
20240109,10:57:33,5.15,50,4500
20240109,14:12:23,16.3,50,4500
20240109,14:28:35,19.0,50,4450
20240109,15:25:03,20.0,50,4450
20240110,09:17:15,18.0,1,4500
20240110,09:17:15,18.0,50,4500
20240110,09:41:46,23.1,50,4500
20240110,09:51:47,23.1,50,4550
20240110,11:04:09,23.1,50,4550
20240110,11:05:18,22.15,50,4550
20240110,11:05:29,22.25,50,4550
20240110,11:05:49,22.35,100,4550
20240110,11:05:59,22.45,50,4550
20240110,11:07:45,22.25,100,4400
20240110,11:12:51,21.85,50,4350
20240110,11:30:02,20.65,50,4400
20240110,11:30:21,20.55,150,4400
20240110,11:30:47,20.65,50,4400
20240110,11:31:05,20.55,50,4400
20240110,11:31:32,20.55,50,4400
20240110,11:31:49,20.6,150,4400
20240110,11:32:23,20.6,150,4400
20240110,11:32:31,20.6,50,4400
20240110,11:33:36,21.0,50,4400
20240110,12:03:31,20.85,50,4400
20240110,12:03:40,20.85,50,4400
20240110,12:03:49,20.85,50,4400
20240110,12:07:43,21.15,400,4450
20240110,12:09:06,21.0,50,4450
20240110,12:15:43,20.9,50,4500
20240110,12:15:58,20.9,200,4500
20240110,12:16:31,20.75,100,4500
20240110,12:16:38,20.65,100,4500
20240110,12:16:46,20.65,100,4500
20240110,12:16:54,20.65,100,4500
20240110,12:17:55,20.65,50,4500
20240110,12:18:04,20.65,150,4500
20240110,12:20:16,20.75,50,4500
20240110,12:20:33,20.85,100,4500
20240110,12:20:58,20.75,150,4500
20240110,12:22:54,20.75,50,4500
20240110,12:30:46,20.75,50,4550
20240110,12:48:23,18.65,50,4600
20240110,14:26:30,18.2,50,4550
20240110,14:35:13,18.0,50,4500
20240110,14:48:27,18.0,50,4550
20240110,15:08:18,13.25,100,4600
20240110,15:22:02,13.25,50,4500
20240110,15:25:16,14.0,200,4500
20240111,09:42:12,13.0,1,4700
20240111,09:42:12,13.0,200,4700
20240111,09:43:04,12.0,100,4700
20240111,09:45:41,12.0,50,4550
20240111,10:05:02,13.3,800,4500
20240111,10:14:41,13.3,100,4500
20240111,13:19:13,21.5,50,4500
20240111,15:23:08,21.5,50,4550
20240111,15:27:59,10.75,50,4500
20240112,09:18:31,13.3,1,4550
20240112,09:18:31,13.3,50,4550
20240112,09:18:52,12.9,50,4550
20240112,09:20:14,9.25,50,4550
20240112,09:30:06,9.25,50,4600
20240112,09:39:36,13.65,1300,4550
20240112,09:39:55,13.65,50,4550
20240112,09:42:33,10.85,250,5800
20240112,09:43:21,10.35,1300,5800
20240112,10:00:08,12.0,1350,5400
20240112,10:00:30,10.75,50,5400
20240112,10:01:40,10.4,450,5400
20240112,10:03:22,10.45,100,6750
20240112,10:03:53,10.3,200,6750
20240112,10:04:53,10.2,100,6750
20240112,10:05:49,10.5,100,6450
20240112,10:07:18,10.1,200,6450
20240112,10:08:10,10.2,200,6450
20240112,10:08:20,10.3,250,6450
20240112,10:09:57,10.3,150,6800
20240112,10:10:26,10.1,250,6800
20240112,10:10:53,10.1,100,6800
20240112,10:11:18,10.45,100,6800
20240112,10:11:50,10.4,250,6800
20240112,10:12:15,10.45,100,6800
20240112,10:14:01,10.7,250,6800
20240112,10:15:03,10.7,100,7400
20240112,10:17:32,10.5,450,7400
20240112,10:19:32,10.6,100,7700
20240112,10:32:59,10.6,1600,7700
20240112,10:36:07,10.6,500,7950
20240112,10:36:51,10.65,200,7950
20240112,10:37:36,10.65,250,7950
20240112,10:37:58,10.65,150,7950
20240112,10:38:59,10.65,400,8600
20240112,10:39:27,10.6,600,8600
20240112,10:41:33,10.55,400,8600
20240112,10:42:34,10.95,50,9200
20240112,10:43:20,10.4,2950,9200
20240112,10:44:11,10.4,600,9200
20240112,10:44:18,10.35,4800,9200
20240112,10:48:08,10.4,50,17250
20240112,10:51:04,10.4,100,17200
20240112,10:52:52,10.4,100,17200
20240112,10:57:10,10.85,50,17400
20240112,11:00:42,9.75,50,17400
20240112,11:03:18,10.0,50,17400
20240112,12:07:56,10.3,450,17400
20240112,13:02:35,10.05,300,17650
20240112,13:03:52,10.05,100,17650
20240112,13:05:49,10.1,250,17650
20240112,13:08:16,10.1,250,17750
20240112,13:11:28,10.05,100,17750
20240112,13:34:17,10.1,250,17650
20240112,13:36:12,9.5,450,17650
20240112,13:50:13,9.95,300,17550
20240112,13:53:56,10.1,50,17450
20240112,13:58:43,10.1,400,17450
20240112,13:59:12,10.1,50,17450
20240112,13:59:50,10.05,100,17450
20240112,14:00:57,10.1,200,17350
20240112,14:05:36,10.1,250,17250
20240112,14:10:47,10.0,200,17150
20240112,14:11:12,10.2,50,17150
20240112,14:11:35,10.05,300,17150
20240112,14:25:40,9.85,700,17150
20240112,14:27:26,9.9,300,16500
20240112,14:28:09,9.8,100,16500
20240112,14:29:34,9.85,400,16500
20240112,14:31:04,9.95,400,16600
20240112,14:35:29,10.1,50,16200
20240112,14:37:57,10.1,400,16250
20240112,14:38:16,10.15,100,16250
20240112,14:41:51,10.25,1250,16150
20240112,14:51:59,10.05,350,15550
20240112,14:53:13,10.1,700,15550
20240112,14:55:23,10.35,150,15550
20240112,14:56:03,10.4,150,15250
20240112,14:56:42,10.35,150,15250
20240112,14:57:07,10.35,150,15250
20240112,15:00:08,10.45,100,14950
20240112,15:00:19,10.4,450,14950
20240112,15:04:03,10.1,250,14800
20240112,15:05:15,10.2,150,14800
20240112,15:07:09,10.15,200,14900
20240112,15:13:47,9.7,1700,14700
20240112,15:19:23,9.85,600,14200
20240112,15:27:12,9.4,1050,13600
20240112,15:27:21,9.3,250,13600
20240112,15:27:49,9.3,200,12800
20240112,15:28:30,9.25,100,12800
20240112,15:29:04,9.25,200,12800
20240112,15:29:21,9.25,250,12800
20240115,09:20:35,8.9,1,12700
20240115,09:20:35,8.9,100,12700
20240115,09:22:29,8.75,500,12700
20240115,09:22:46,7.9,150,12700
20240115,09:25:31,7.9,100,13150
20240115,09:27:44,8.8,50,13150
20240115,09:28:33,8.0,50,13150
20240115,09:33:37,8.85,50,13150
20240115,09:44:54,8.8,50,13150
20240115,09:52:09,8.8,50,13200
20240115,09:52:20,8.85,250,13200
20240115,10:05:55,8.1,1300,13400
20240115,10:16:12,8.25,100,13050
20240115,10:53:06,7.8,50,13050
20240115,11:20:52,7.8,50,13050
20240115,11:21:01,8.4,50,13050
20240115,11:23:12,8.45,500,13050
20240115,11:23:37,8.45,250,13050
20240115,11:37:09,8.45,50,12300
20240115,11:51:45,8.45,200,12250
20240115,12:19:00,8.45,800,12050
20240115,12:25:34,8.45,500,11250
20240115,12:25:59,8.45,100,11250
20240115,12:26:16,8.5,900,11250
20240115,12:35:31,8.7,50,12150
20240115,12:37:23,8.75,50,12150
20240115,12:37:33,8.75,250,12150
20240115,12:37:43,8.7,50,12150
20240115,12:38:02,8.65,600,12150
20240115,12:55:55,8.6,50,12050
20240115,13:21:11,8.55,300,12050
20240115,13:21:33,8.2,200,12050
20240115,14:12:34,8.75,250,12150
20240115,14:12:44,9.25,200,12150
20240115,14:45:38,9.25,150,12150
20240115,14:48:54,9.25,50,12150
20240115,14:54:48,9.3,200,12150
20240115,14:56:16,9.3,150,12150
20240115,14:56:25,9.0,200,12150
20240115,14:56:41,9.0,100,12150
20240115,14:57:31,9.0,50,12050
20240115,14:58:10,9.05,250,12050
20240115,14:58:20,9.0,100,12050
20240115,14:59:32,9.3,100,12050
20240115,15:07:15,9.1,100,12150
20240115,15:10:00,8.75,50,12200
20240116,09:15:25,9.2,1,12150
20240116,09:15:25,9.2,50,12150
20240116,09:20:50,10.15,100,12150
20240116,09:36:42,10.15,200,12150
20240116,09:37:00,8.45,100,12150
20240116,09:46:54,8.45,100,12200
20240116,09:47:36,8.55,100,12200
20240116,09:53:20,8.7,50,12350
20240116,09:54:42,8.55,100,12350
20240116,10:40:40,8.65,100,12450
20240116,10:42:05,8.9,100,12550
20240116,12:06:09,10.4,100,12650
20240116,12:11:08,10.4,1100,12750
20240116,12:13:42,8.75,1100,13850
20240116,12:20:09,9.2,250,13600
20240116,12:22:11,9.05,100,13350
20240116,12:32:39,9.35,50,13250
20240116,12:34:02,9.35,50,13250
20240116,12:34:34,9.35,150,13300
20240116,14:07:40,8.5,300,13300
20240116,14:07:49,8.5,200,13300
20240116,14:09:10,8.45,100,13300
20240116,14:09:55,9.05,50,12900
20240116,14:10:58,8.45,50,12900
20240116,14:11:48,8.45,250,12900
20240116,14:21:02,8.2,50,12900
20240116,15:03:15,8.0,50,12850
20240116,15:11:07,8.0,50,12850
20240116,15:11:15,8.1,100,12850
20240116,15:13:46,8.05,50,12900
20240116,15:21:50,8.0,150,12850
20240116,15:25:19,6.9,100,12850
20240117,09:21:39,9.1,1,12750
20240117,09:21:39,9.05,200,12750
20240117,09:25:19,12.1,1800,12550
20240117,09:25:29,12.1,450,12550
20240117,09:25:39,10.9,1050,12550
20240117,09:25:49,10.85,600,12550
20240117,09:27:21,10.25,50,12950
20240117,09:33:54,11.3,50,12950
20240117,09:43:46,10.0,50,12950
20240117,09:57:24,9.65,300,13000
20240117,10:04:05,9.4,200,12700
20240117,10:15:08,9.55,50,12500
20240117,10:17:15,9.55,50,12500
20240117,10:36:11,10.15,50,12500
20240117,10:43:49,10.8,50,12550
20240117,10:44:00,10.85,150,12550
20240117,10:45:44,10.8,100,12750
20240117,10:47:50,10.35,150,12750
20240117,10:52:44,10.3,50,12700
20240117,10:53:23,10.85,50,12700
20240117,10:54:00,10.2,100,12700
20240117,11:11:42,10.65,100,12600
20240117,11:15:25,10.7,200,12700
20240117,11:17:11,10.7,50,12700
20240117,11:38:34,11.0,50,12650
20240117,11:39:34,11.0,50,12700
20240117,11:40:54,11.15,200,12700
20240117,11:41:32,11.95,200,12700
20240117,11:41:44,12.0,50,12700
20240117,11:42:29,11.85,200,12750
20240117,11:42:40,11.8,250,12750
20240117,11:43:05,12.7,200,12750
20240117,11:43:51,12.7,250,12750
20240117,11:48:09,8.55,200,12350
20240117,11:48:18,12.5,50,12350
20240117,11:53:43,13.45,50,12550
20240117,11:53:53,13.55,50,12550
20240117,11:55:41,13.55,2000,12650
20240117,11:55:49,13.5,800,12650
20240117,11:56:06,13.4,450,12650
20240117,12:01:09,14.2,150,12100
20240117,12:01:45,14.2,50,12100
20240117,12:03:06,14.95,200,12100
20240117,12:03:18,15.0,250,12450
20240117,12:08:28,16.0,100,12450
20240117,12:08:40,16.0,100,12450
20240117,12:09:11,16.0,50,12450
20240117,12:19:03,16.0,600,12600
20240117,12:20:30,13.35,50,12600
20240117,12:21:14,13.5,200,12600
20240117,12:24:37,14.95,50,13050
20240117,12:41:32,15.7,50,13050
20240117,12:42:46,16.4,100,13100
20240117,12:48:26,16.45,400,13200
20240117,12:48:36,16.45,150,13200
20240117,12:49:30,16.45,300,13200
20240117,12:50:24,16.15,250,13200
20240117,12:51:01,16.1,300,13200
20240117,13:00:47,17.35,300,13600
20240117,13:02:23,17.35,250,13600
20240117,13:16:45,16.95,250,13750
20240117,13:16:55,17.0,250,13750
20240117,13:17:05,17.0,300,13750
20240117,13:21:48,18.3,50,14000
20240117,13:22:35,18.3,50,14000
20240117,13:27:28,18.3,50,14000
20240117,13:38:30,18.3,850,14050
20240117,13:40:57,15.8,100,14550
20240117,13:42:37,15.65,100,14450
20240117,13:45:14,15.65,200,14450
20240117,13:46:53,15.6,50,14450
20240117,13:47:50,15.45,200,14450
20240117,13:49:02,15.65,100,14500
20240117,13:50:45,15.35,50,14500
20240117,13:57:52,14.65,200,14650
20240117,13:58:45,14.8,50,14650
20240117,14:08:36,14.05,50,14500
20240117,14:18:07,14.4,50,14450
20240117,14:19:33,15.25,50,14450
20240117,14:29:01,16.0,300,14450
20240117,14:33:33,16.4,150,14150
20240117,14:34:50,15.45,50,14150
20240117,14:39:16,14.95,50,14250
20240117,14:39:45,15.8,150,14200
20240117,14:50:02,18.0,300,14350
20240117,14:55:43,17.4,50,14350
20240117,14:55:52,17.5,200,14350
20240117,14:56:01,17.7,50,14350
20240117,14:56:30,17.65,50,14350
20240117,14:56:40,17.95,200,14350
20240117,14:58:04,17.95,50,14900
20240117,14:58:14,18.0,50,14900
20240117,15:02:19,19.0,50,14900
20240117,15:05:15,19.9,4000,14950
20240117,15:06:05,18.3,100,14950
20240117,15:07:18,18.9,50,15400
20240117,15:09:22,18.5,300,15400
20240117,15:10:23,18.6,3600,15400
20240117,15:10:44,18.55,900,15400
20240117,15:11:40,18.6,1250,15400
20240117,15:11:51,18.6,700,15400
20240117,15:15:31,18.6,400,18550
20240117,15:15:40,18.85,50,18550
20240117,15:15:49,19.0,200,18950
20240117,15:16:09,19.35,200,18950
20240117,15:16:20,19.8,200,18950
20240117,15:16:50,19.95,50,18950
20240117,15:17:09,19.95,1000,18950
20240117,15:17:19,19.9,400,18950
20240117,15:17:29,19.65,50,18950
20240117,15:17:48,19.65,50,18950
20240117,15:19:45,19.65,50,19000
20240117,15:19:54,19.85,50,19000
20240117,15:20:23,20.15,150,19000
20240117,15:22:05,20.85,200,18850
20240117,15:22:14,20.95,650,18850
20240117,15:22:23,20.65,1250,18850
20240117,15:22:33,20.6,150,18850
20240117,15:22:42,20.6,50,18850
20240117,15:22:53,20.55,250,18850
20240117,15:23:03,20.6,150,18850
20240117,15:24:42,20.9,150,19250
20240117,15:24:52,21.0,200,19250
20240117,15:25:11,21.0,350,19250
20240117,15:25:20,21.55,450,19250
20240117,15:25:30,21.55,350,19250
20240117,15:25:39,21.35,750,19250
20240117,15:25:48,21.8,350,19250
20240117,15:27:13,21.9,50,19250
20240117,15:27:30,22.0,50,19250
20240117,15:27:53,22.3,100,21550
20240117,15:28:15,23.0,400,21550
20240117,15:28:43,23.0,400,21550
20240117,15:29:17,23.65,300,21550
20240117,15:29:27,23.65,100,21550
20240117,15:29:36,23.6,100,21550
20240118,09:15:05,23.95,1,22250
20240118,09:15:05,23.95,200,22250
20240118,09:15:15,24.0,350,22250
20240118,09:15:25,23.4,600,22250
20240118,09:15:48,23.4,100,22250
20240118,09:16:10,25.25,550,22250
20240118,09:16:22,25.25,50,22250
20240118,09:16:44,27.4,50,22250
20240118,09:17:32,27.4,150,22250
20240118,09:18:18,24.6,600,20850
20240118,09:18:29,24.5,500,20850
20240118,09:19:13,17.45,100,20850
20240118,09:20:13,17.45,500,20850
20240118,09:21:13,23.8,7250,20200
20240118,09:21:24,23.85,600,20200
20240118,09:21:45,24.0,1000,20200
20240118,09:22:16,23.85,400,20200
20240118,09:22:26,23.95,150,20200
20240118,09:22:36,23.95,300,20200
20240118,09:22:46,24.15,250,20200
20240118,09:23:06,23.95,100,20200
20240118,09:23:16,24.25,100,20200
20240118,09:23:47,24.3,200,17150
20240118,09:24:17,24.1,200,17150
20240118,09:24:27,24.2,50,17150
20240118,09:24:58,23.55,1400,17150
20240118,09:25:08,23.4,1400,17150
20240118,09:26:12,23.1,200,17150
20240118,09:26:22,23.2,500,17150
20240118,09:26:33,23.3,300,17150
20240118,09:26:44,23.55,100,17150
20240118,09:27:25,23.05,200,17550
20240118,09:27:45,23.3,350,17550
20240118,09:27:55,23.05,400,17550
20240118,09:28:07,23.0,100,17550
20240118,09:28:17,23.0,900,17550
20240118,09:28:41,23.05,50,17550
20240118,09:28:51,22.75,200,17550
20240118,09:29:11,22.9,400,17550
20240118,09:30:08,22.35,250,17550
20240118,09:30:18,22.2,400,17550
20240118,09:31:28,23.0,1050,17550
20240118,09:31:40,22.55,50,17550
20240118,09:32:30,22.8,50,17550
20240118,09:32:42,22.95,350,17750
20240118,09:34:08,23.7,250,17750
20240118,09:34:27,23.85,200,17750
20240118,09:34:37,23.85,150,17750
20240118,09:35:26,24.0,100,17750
20240118,09:35:35,23.75,50,17750
20240118,09:35:46,24.0,250,18100
20240118,09:36:11,24.7,250,18100
20240118,09:36:58,25.05,400,18100
20240118,09:37:30,25.65,100,18100
20240118,09:37:53,25.9,100,18100
20240118,09:38:27,26.4,250,18100
20240118,09:38:37,26.3,450,18100
20240118,09:38:48,26.35,150,18000
20240118,09:39:07,26.5,100,18000
20240118,09:40:40,26.6,150,18000
20240118,09:41:11,26.5,600,18000
20240118,09:41:20,26.5,1300,18000
20240118,09:41:40,26.5,250,18000
20240118,09:41:49,26.65,100,16400
20240118,09:42:32,26.1,500,16400
20240118,09:43:23,25.9,700,16400
20240118,09:43:33,25.8,450,16400
20240118,09:43:43,25.8,350,16400
20240118,09:46:47,25.55,300,16750
20240118,09:46:59,25.9,250,16750
20240118,09:47:11,26.2,150,16750
20240118,09:47:23,26.0,50,16750
20240118,09:47:46,26.25,1050,16750
20240118,09:48:07,26.4,600,17250
20240118,09:48:17,26.45,100,17250
20240118,09:49:47,27.0,100,17250
20240118,09:50:48,27.5,250,18000
20240118,09:51:21,27.9,50,18000
20240118,09:52:13,28.35,350,18000
20240118,09:52:24,28.45,50,18000
20240118,09:52:46,28.6,1200,18000
20240118,09:52:58,30.0,100,18000
20240118,09:53:08,30.0,1550,18000
20240118,09:53:18,29.55,2350,18000
20240118,09:53:27,29.85,350,18000
20240118,09:53:36,30.1,1100,18000
20240118,09:53:45,30.1,200,19550
20240118,09:54:01,29.95,550,19550
20240118,09:54:44,29.2,1400,19550
20240118,09:57:43,32.0,200,18400
20240118,09:57:54,32.0,100,18400
20240118,09:58:05,32.05,50,18400
20240118,09:58:59,32.05,100,18400
20240118,09:59:21,32.15,100,18400
20240118,09:59:32,32.15,50,18400
20240118,09:59:52,32.15,300,18500
20240118,10:00:12,31.65,550,18500
20240118,10:00:23,31.05,850,18500
20240118,10:00:33,31.2,100,18500
20240118,10:01:28,28.6,50,18500
20240118,10:02:00,27.5,150,18500
20240118,10:02:10,27.8,250,18500
20240118,10:03:01,27.6,50,17650
20240118,10:03:11,27.3,300,17650
20240118,10:03:43,26.7,250,17650
20240118,10:03:53,27.05,50,17650
20240118,10:04:13,27.05,150,17650
20240118,10:05:53,26.9,50,17300
20240118,10:06:02,26.6,50,17300
20240118,10:06:13,26.35,50,17300
20240118,10:06:24,26.15,600,17300
20240118,10:07:06,25.05,150,17300
20240118,10:07:19,24.65,150,17300
20240118,10:07:42,24.5,50,17300
20240118,10:08:14,24.9,50,17300
20240118,10:08:35,24.7,400,17300
20240118,10:08:46,24.0,200,17300
20240118,10:08:56,23.85,100,17200
20240118,10:09:20,22.7,250,17200
20240118,10:09:33,22.75,500,17200
20240118,10:09:57,21.55,550,17200
20240118,10:10:10,21.0,550,17200
20240118,10:10:35,21.25,750,17200
20240118,10:10:47,21.65,200,17200
20240118,10:10:59,21.75,200,17200
20240118,10:11:32,22.25,250,17200
20240118,10:11:43,22.4,250,17200
20240118,10:13:41,23.25,250,18000
20240118,10:13:51,23.85,150,18000
20240118,10:15:14,24.15,100,18000
20240118,10:15:36,24.65,100,18000
20240118,10:16:29,25.45,150,18000
20240118,10:16:39,25.6,400,18000
20240118,10:17:12,27.05,250,18000
20240118,10:17:22,27.0,400,18000
20240118,10:17:33,26.85,100,18000
20240118,10:17:53,26.35,50,18000
20240118,10:18:03,26.3,50,18000
20240118,10:18:33,25.8,50,18000
20240118,10:20:31,25.25,100,18000
20240118,10:21:56,24.3,100,17950
20240118,10:22:18,24.2,50,17950
20240118,10:22:28,24.2,50,17950
20240118,10:23:31,24.0,50,17950
20240118,10:24:02,23.7,4550,18000
20240118,10:24:13,23.8,750,18000
20240118,10:25:04,23.9,100,18000
20240118,10:26:29,23.1,250,18000
20240118,10:27:13,22.75,50,21600
20240118,10:28:05,22.35,100,21600
20240118,10:28:16,22.6,100,21600
20240118,10:28:46,22.4,50,21600
20240118,10:29:19,21.95,50,21600
20240118,10:30:41,21.85,150,21600
20240118,10:31:43,21.55,100,21600
20240118,10:32:25,21.95,100,21600
20240118,10:34:59,23.45,250,21450
20240118,10:35:31,23.25,50,21450
20240118,10:35:52,23.5,600,21450
20240118,10:36:23,23.35,100,21400
20240118,10:36:54,22.25,100,21400
20240118,10:37:05,22.05,50,21400
20240118,10:39:18,21.65,900,21450
20240118,10:39:39,21.35,100,21450
20240118,10:40:00,21.35,50,21450
20240118,10:40:12,21.25,50,21450
20240118,10:41:04,21.65,50,21450
20240118,10:41:14,21.65,50,21450
20240118,10:41:45,21.6,100,21450
20240118,10:42:16,21.45,50,21100
20240118,10:42:37,21.0,300,21100
20240118,10:42:49,20.8,50,21100
20240118,10:43:01,20.05,50,21100
20240118,10:44:51,19.25,50,21100
20240118,10:45:27,19.2,50,21100
20240118,10:46:00,19.15,150,21100
20240118,10:48:05,18.9,50,21050
20240118,10:51:27,18.1,250,21000
20240118,10:53:22,18.25,50,21000
20240118,10:53:52,18.6,100,20950
20240118,10:54:55,18.8,250,20950
20240118,10:59:18,18.95,150,21300
20240118,11:01:34,18.9,250,21150
20240118,11:02:05,19.2,100,21150
20240118,11:02:16,19.45,750,21150
20240118,11:05:37,19.0,500,20750
20240118,11:08:20,18.7,100,20750
20240118,11:09:12,18.6,250,20800
20240118,11:09:26,18.2,200,20800
20240118,11:10:27,18.1,250,20800
20240118,11:10:59,18.05,100,20800
20240118,11:11:19,18.1,50,20800
20240118,11:12:55,18.1,250,20800
20240118,11:13:06,18.2,250,20800
20240118,11:13:38,18.05,1000,20800
20240118,11:15:30,17.8,250,20700
20240118,11:15:41,17.75,100,20700
20240118,11:15:52,17.65,250,20700
20240118,11:16:02,17.7,250,20700
20240118,11:18:08,18.2,50,20850
20240118,11:19:50,18.2,50,20850
20240118,11:20:30,18.05,250,20850
20240118,11:21:30,18.2,250,20800
20240118,11:22:20,18.0,100,20800
20240118,11:23:51,17.6,600,20800
20240118,11:25:33,17.35,450,20800
20240118,11:25:43,17.35,250,20800
20240118,11:27:22,17.35,700,20800
20240118,11:27:31,17.6,100,20800
20240118,11:29:29,17.35,550,20800
20240118,11:30:56,17.4,50,20800
20240118,11:33:02,16.65,300,20800
20240118,11:33:13,16.65,100,20800
20240118,11:34:44,16.5,250,20800
20240118,11:35:13,16.5,300,20800
20240118,11:35:23,16.5,250,20800
20240118,11:38:16,16.45,50,20800
20240118,11:42:21,16.45,250,20800
20240118,11:44:26,17.0,200,20800
20240118,11:53:25,16.75,100,20800
20240118,11:57:40,16.2,500,20700
20240118,11:59:00,15.65,250,20700
20240118,12:00:18,15.6,100,20800
20240118,12:00:28,15.6,100,20800
20240118,12:01:22,15.6,350,20800
20240118,12:02:16,15.6,250,20800
20240118,12:02:38,15.7,100,20800
20240118,12:02:48,15.85,450,20800
20240118,12:07:00,15.5,50,20800
20240118,12:08:21,15.5,300,20800
20240118,12:08:42,15.5,250,20800
20240118,12:11:46,14.85,500,20800
20240118,12:12:21,14.65,100,20800
20240118,12:13:05,14.5,400,20800
20240118,12:30:10,14.45,400,20700
20240118,12:32:24,14.45,450,20700
20240118,12:33:27,14.65,150,20700
20240118,12:33:40,14.8,50,20700
20240118,12:34:15,14.8,1800,20700
20240118,12:34:27,15.1,1450,20700
20240118,12:34:38,15.05,750,20700
20240118,12:34:50,15.25,900,20700
20240118,12:35:15,15.35,250,20700
20240118,12:36:31,15.45,1200,23200
20240118,12:37:14,15.6,100,23200
20240118,12:37:40,15.7,100,23200
20240118,12:40:41,16.15,1050,23100
20240118,12:41:14,15.85,200,23100
20240118,12:41:56,15.9,150,23100
20240118,12:45:33,16.35,750,23550
20240118,12:47:09,16.5,350,23550
20240118,12:48:01,16.35,100,23550
20240118,12:49:43,17.1,700,23750
20240118,12:50:05,17.0,50,23750
20240118,12:50:27,17.0,100,23750
20240118,12:51:00,16.75,100,23750
20240118,12:52:36,17.0,100,23600
20240118,12:53:19,16.75,100,23600
20240118,12:53:29,16.65,100,23600
20240118,12:53:52,16.55,150,23600
20240118,12:54:03,16.3,750,23600
20240118,12:54:36,16.1,150,23500
20240118,12:54:46,16.35,250,23500
20240118,12:54:57,16.4,250,23500
20240118,12:57:36,16.3,500,23500
20240118,13:00:55,17.3,500,23500
20240118,13:03:14,17.4,500,23500
20240118,13:05:56,17.15,300,23500
20240118,13:06:18,17.1,1000,23500
20240118,13:08:45,16.85,650,23750
20240118,13:09:37,16.5,400,23750
20240118,13:11:12,16.5,850,23750
20240118,13:11:54,16.8,750,23750
20240118,13:15:08,17.3,250,24150
20240118,13:15:38,17.3,500,24150
20240118,13:19:02,17.5,50,24150
20240118,13:20:25,16.9,100,24150
20240118,13:22:54,16.9,150,24050
20240118,13:23:05,16.95,250,24050
20240118,13:27:48,17.05,50,24050
20240118,13:28:10,17.05,250,24050
20240118,13:33:02,17.5,450,24300
20240118,13:33:54,17.45,650,24300
20240118,13:35:28,17.0,100,24300
20240118,13:36:04,16.9,250,24300
20240118,13:40:21,17.5,550,24700
20240118,13:40:31,17.5,300,24700
20240118,13:40:41,17.5,150,24700
20240118,13:41:21,17.15,150,24700
20240118,13:42:03,17.6,150,24700
20240118,13:47:10,17.45,50,25600
20240118,13:47:57,17.1,550,25600
20240118,13:48:48,16.85,250,25600
20240118,13:48:58,16.9,350,25600
20240118,13:55:04,15.85,50,25600
20240118,13:57:21,16.1,250,25600
20240118,13:59:07,16.8,50,25600
20240118,14:13:20,16.25,100,25850
20240118,14:15:42,14.85,200,25750
20240118,14:16:38,14.65,150,25750
20240118,14:17:05,14.45,250,25750
20240118,14:17:44,15.0,50,25750
20240118,14:28:41,15.6,100,25450
20240118,14:31:02,16.1,100,25450
20240118,14:32:40,16.45,50,25450
20240118,14:34:48,15.55,200,25500
20240118,14:37:49,14.45,1000,25450
20240118,15:01:51,14.25,50,25450
20240118,15:02:01,13.6,50,25450
20240118,15:02:21,13.6,200,25450
20240118,15:05:33,13.95,200,25450
20240118,15:09:08,13.95,1500,25450
20240119,09:15:03,11.2,1,24300
20240119,09:15:03,11.2,50,24300
20240119,09:15:08,10.3,300,24300
20240119,09:15:13,9.4,750,24300
20240119,09:15:17,8.9,550,24300
20240119,09:15:22,8.75,50,24300
20240119,09:15:50,8.75,200,24300
20240119,09:15:59,7.25,5850,24300
20240119,09:16:04,9.15,50,24300
20240119,09:16:30,8.65,100,24300
20240119,09:16:52,8.6,50,24300
20240119,09:17:04,8.55,50,24300
20240119,09:17:09,8.5,600,24300
20240119,09:17:13,8.5,900,24300
20240119,09:17:39,8.45,300,24450
20240119,09:17:43,8.45,500,24450
20240119,09:18:00,8.45,50,24450
20240119,09:18:04,8.5,700,24450
20240119,09:18:09,8.45,50,24450
20240119,09:18:39,8.35,50,24450
20240119,09:18:53,8.55,200,24450
20240119,09:19:04,8.5,250,24450
20240119,09:19:15,8.55,250,24450
20240119,09:19:27,8.55,1350,24450
20240119,09:20:34,8.75,300,25800
20240119,09:20:46,8.75,1000,25800
20240119,09:21:09,8.75,250,25800
20240119,09:21:20,8.65,200,25800
20240119,09:21:31,8.65,200,25800
20240119,09:21:42,8.6,200,25800
20240119,09:22:03,8.55,500,25800
20240119,09:22:14,8.5,50,25800
20240119,09:23:08,8.7,250,25800
20240119,09:23:18,8.7,1450,25800
20240119,09:23:29,8.65,150,25800
20240119,09:24:02,8.6,200,24600
20240119,09:24:13,8.6,250,24600
20240119,09:24:24,8.6,200,24600
20240119,09:25:06,8.55,100,24600
20240119,09:25:37,8.5,350,24600
20240119,09:26:00,8.5,1050,24600
20240119,09:26:55,8.5,300,24950
20240119,09:27:16,8.55,200,24950
20240119,09:27:37,8.55,500,24950
20240119,09:27:58,8.35,300,24950
20240119,09:28:09,8.3,200,24950
20240119,09:28:20,8.25,350,24950
20240119,09:28:30,8.3,2500,24950
20240119,09:29:48,8.35,1150,27050
20240119,09:30:10,8.35,400,27050
20240119,09:30:22,8.4,100,27050
20240119,09:30:33,8.4,450,27050
20240119,09:30:44,8.5,2350,27050
20240119,09:31:07,8.35,1550,27050
20240119,09:31:18,8.4,800,27050
20240119,09:31:40,8.5,1550,27050
20240119,09:31:51,8.35,300,27050
20240119,09:32:02,8.4,750,27050
20240119,09:32:24,8.45,250,27050
20240119,09:32:36,8.6,2350,26150
20240119,09:32:48,8.5,1800,26150
20240119,09:33:11,8.5,750,26150
20240119,09:33:33,8.55,50,26150
20240119,09:33:44,8.55,500,26150
20240119,09:34:17,8.55,200,26150
20240119,09:34:39,8.55,50,26150
20240119,09:34:50,8.75,950,26150
20240119,09:35:14,8.75,100,26150
20240119,09:35:25,8.6,450,26150
20240119,09:35:38,8.55,1700,23500
20240119,09:35:49,8.55,650,23500
20240119,09:36:00,8.45,300,23500
20240119,09:36:13,8.45,250,23500
20240119,09:36:24,8.45,800,23500
20240119,09:37:00,8.5,700,23500
20240119,09:37:11,8.55,50,23500
20240119,09:37:48,8.6,800,23500
20240119,09:38:11,8.5,200,23500
20240119,09:39:09,8.5,550,25250
20240119,09:39:55,8.65,50,25250
20240119,09:40:07,8.6,500,25250
20240119,09:40:19,8.55,500,25250
20240119,09:40:31,8.5,700,25250
20240119,09:40:43,8.45,200,25250
20240119,09:41:06,8.55,650,25250
20240119,09:41:18,8.6,200,25250
20240119,09:41:30,8.85,250,25250
20240119,09:43:06,8.85,450,24550
20240119,09:43:18,8.95,250,24550
20240119,09:44:41,8.75,1050,24800
20240119,09:44:53,8.7,200,24800
20240119,09:45:04,8.7,350,24800
20240119,09:45:16,8.75,200,24800
20240119,09:45:38,9.1,550,24800
20240119,09:45:50,9.15,50,24800
20240119,09:46:01,9.2,100,24800
20240119,09:46:14,9.15,150,24800
20240119,09:46:25,9.05,250,24800
20240119,09:46:37,9.1,250,24800
20240119,09:47:00,9.05,50,24800
20240119,09:47:24,9.05,250,24800
20240119,09:47:35,9.05,200,24800
20240119,09:48:07,8.95,200,25200
20240119,09:48:28,9.0,150,25200
20240119,09:48:39,8.95,400,25200
20240119,09:49:01,8.8,250,25200
20240119,09:49:13,8.75,300,25200
20240119,09:49:23,8.6,500,25200
20240119,09:49:45,8.7,550,25200
20240119,09:51:37,9.1,100,24350
20240119,09:51:49,9.25,500,24350
20240119,09:52:24,9.15,550,24350
20240119,09:52:48,9.05,1550,24350
20240119,09:53:22,9.0,1250,24350
20240119,09:54:17,8.9,1650,24500
20240119,09:54:39,8.85,200,24500
20240119,09:55:30,8.9,100,24500
20240119,09:55:41,8.9,300,24500
20240119,09:56:26,8.85,100,24500
20240119,09:57:10,8.8,300,25650
20240119,09:57:21,8.7,1900,25650
20240119,09:57:31,8.65,300,25650
20240119,09:57:42,8.65,1900,25650
20240119,09:57:53,8.65,850,25650
20240119,09:58:05,8.65,250,25650
20240119,09:58:27,8.7,300,25650
20240119,09:58:38,8.75,250,25650
20240119,09:59:01,8.95,50,25650
20240119,09:59:12,8.85,1050,25650
20240119,09:59:22,8.8,50,25650
20240119,10:00:13,8.7,1250,24800
20240119,10:00:33,8.65,150,24800
20240119,10:00:44,8.6,500,24800
20240119,10:01:26,8.55,250,24800
20240119,10:02:27,8.6,250,24800
20240119,10:03:07,8.55,50,24300
20240119,10:03:17,8.45,100,24300
20240119,10:05:27,8.7,700,24300
20240119,10:05:38,8.7,250,24250
20240119,10:05:49,8.7,1000,24250
20240119,10:05:59,8.7,50,24250
20240119,10:06:54,8.6,1600,24250
20240119,10:07:06,8.65,550,24250
20240119,10:07:28,8.65,2300,24250
20240119,10:07:38,8.6,600,24250
20240119,10:07:57,8.7,300,24250
20240119,10:08:07,8.75,800,24250
20240119,10:08:30,8.9,200,24250
20240119,10:08:41,8.9,350,26000
20240119,10:08:51,8.9,3250,26000
20240119,10:09:01,8.9,50,26000
20240119,10:09:11,8.95,750,26000
20240119,10:10:02,8.85,150,26000
20240119,10:10:13,8.85,100,26000
20240119,10:10:24,8.9,1500,26000
20240119,10:10:55,9.05,1650,26000
20240119,10:11:06,8.9,350,26000
20240119,10:11:18,8.9,750,26000
20240119,10:11:59,8.8,200,25100
20240119,10:12:10,8.75,300,25100
20240119,10:13:07,8.6,50,25100
20240119,10:14:51,8.65,200,25100
20240119,10:15:01,8.65,900,25100
20240119,10:16:00,8.65,400,25100
20240119,10:16:10,8.6,300,25100
20240119,10:16:21,8.65,100,25100
20240119,10:16:30,8.7,400,25100
20240119,10:16:50,8.65,100,25100
20240119,10:16:59,8.7,400,25100
20240119,10:17:28,8.65,400,25100
20240119,10:18:57,8.7,400,25800
20240119,10:20:21,8.55,200,25800
20240119,10:20:31,8.55,100,25800
20240119,10:21:11,8.55,100,25850
20240119,10:21:40,8.55,200,25850
20240119,10:22:08,8.55,500,25850
20240119,10:23:08,8.65,50,25850
20240119,10:23:18,8.65,50,25850
20240119,10:23:49,8.55,300,25850
20240119,10:24:10,8.4,850,25850
20240119,10:24:22,8.5,200,25850
20240119,10:24:54,8.55,1150,25850
20240119,10:25:04,8.5,150,25850
20240119,10:25:38,8.5,50,25850
20240119,10:25:48,8.4,150,25850
20240119,10:27:31,8.2,50,26250
20240119,10:27:41,8.15,500,26250
20240119,10:27:52,8.15,550,26250
20240119,10:28:04,8.1,50,26250
20240119,10:28:58,8.05,50,26250
20240119,10:29:09,8.1,150,26250
20240119,10:29:20,8.1,100,26250
20240119,10:29:42,8.05,200,26250
20240119,10:30:36,8.05,250,27050
20240119,10:33:00,7.9,200,27050
20240119,10:33:12,7.9,1000,27050
20240119,10:33:48,7.95,1400,27050
20240119,10:33:59,7.95,400,27050
20240119,10:35:55,8.0,1250,27600
20240119,10:36:16,8.1,100,27600
20240119,10:36:37,8.0,250,27600
20240119,10:36:47,8.05,100,27600
20240119,10:37:48,8.05,200,27600
20240119,10:37:58,8.0,100,27600
20240119,10:38:09,8.05,100,27600
20240119,10:38:19,8.0,600,27600
20240119,10:38:29,8.0,150,27600
20240119,10:40:14,7.95,50,29050
20240119,10:40:25,7.95,50,29050
20240119,10:41:18,8.0,100,29050
20240119,10:42:48,8.0,400,28950
20240119,10:44:05,8.05,650,28950
20240119,10:45:17,8.1,400,28200
20240119,10:45:27,8.1,400,28200
20240119,10:46:08,8.15,250,28200
20240119,10:47:21,8.15,500,28200
20240119,10:47:30,8.15,300,28200
20240119,10:47:40,8.15,200,28000
20240119,10:48:12,8.2,400,28000
20240119,10:49:10,8.15,400,28000
20240119,10:53:36,8.25,100,28250
20240119,10:54:15,8.2,1050,28150
20240119,10:54:33,8.2,100,28150
20240119,10:54:43,8.2,100,28150
20240119,10:54:52,8.2,550,28150
20240119,10:55:02,8.2,200,28150
20240119,10:55:21,8.2,400,28150
20240119,10:58:43,8.4,50,29300
20240119,10:59:43,8.45,50,29250
20240119,11:00:46,8.4,350,29250
20240119,11:01:35,8.3,200,29250
20240119,11:03:23,8.3,100,29850
20240119,11:05:01,8.4,200,29850
20240119,11:06:25,8.8,700,30050
20240119,11:06:48,8.75,250,30050
20240119,11:07:12,8.95,700,30050
20240119,11:07:55,9.2,500,30050
20240119,11:08:06,9.2,2150,30050
20240119,11:08:42,8.95,1700,30050
20240119,11:09:04,9.0,2000,27650
20240119,11:09:36,9.25,450,27650
20240119,11:09:48,9.3,850,27650
20240119,11:10:11,9.45,600,27650
20240119,11:10:35,9.35,1800,27650
20240119,11:11:11,9.1,700,27650
20240119,11:11:34,9.1,200,27650
20240119,11:12:21,9.45,600,27850
20240119,11:12:33,9.4,350,27850
20240119,11:13:29,9.5,850,27850
20240119,11:13:51,9.5,250,27850
20240119,11:15:28,9.8,250,27200
20240119,11:16:44,9.6,300,27200
20240119,11:17:29,9.35,200,27200
20240119,11:18:45,9.3,100,27250
20240119,11:19:16,9.2,550,27250
20240119,11:20:32,9.3,400,27250
20240119,11:20:43,9.3,400,27250
20240119,11:20:53,9.35,50,27550
20240119,11:22:28,9.15,50,27550
20240119,11:24:00,9.55,150,27650
20240119,11:24:10,9.55,1100,27650
20240119,11:24:41,9.4,200,27650
20240119,11:25:14,9.2,150,27650
20240119,11:26:06,9.45,300,27650
20240119,11:26:27,9.35,50,27650
20240119,11:27:47,9.5,150,28150
20240119,11:27:58,9.55,50,28150
20240119,11:28:09,9.45,150,28150
20240119,11:28:19,9.45,100,28150
20240119,11:29:40,9.35,100,28150
20240119,11:29:59,9.4,50,28200
20240119,11:30:41,9.4,100,28200
20240119,11:33:31,9.4,50,28150
20240119,11:36:32,9.45,200,28200
20240119,11:36:43,9.6,50,28200
20240119,11:38:58,9.1,400,28200
20240119,11:39:09,8.9,200,28200
20240119,11:39:52,8.55,1000,28200
20240119,11:40:32,8.6,500,28200
20240119,11:40:43,8.6,600,28200
20240119,11:43:08,8.95,200,28200
20240119,11:45:48,9.55,200,28200
20240119,11:49:11,9.25,500,28200
20240119,11:51:55,9.2,250,28700
20240119,11:58:17,9.1,500,28950
20240119,11:58:27,9.1,500,28950
20240119,11:59:41,9.2,150,28950
20240119,12:00:18,9.2,100,28700
20240119,12:00:46,9.3,650,28700
20240119,12:04:42,9.5,250,28950
20240119,12:06:50,9.2,50,29200
20240119,12:10:56,9.6,200,29150
20240119,12:16:46,9.45,50,29150
20240119,12:18:20,9.65,800,29200
20240119,12:18:40,9.55,50,29200
20240119,12:19:07,9.3,850,29200
20240119,12:19:49,9.05,1000,29200
20240119,12:23:00,9.5,200,29200
20240119,12:25:15,9.1,3250,29200
20240119,12:25:24,9.25,200,29200
20240119,12:25:33,9.25,200,29200
20240119,12:28:12,9.35,100,30950
20240119,12:28:36,9.3,150,30950
20240119,12:28:44,9.4,150,30950
20240119,12:30:27,9.0,650,30950
20240119,12:37:09,8.9,400,30300
20240119,12:46:16,8.55,700,29900
20240119,12:46:24,8.65,200,29900
20240119,12:47:37,8.6,150,29900
20240119,12:49:03,8.65,200,29600
20240119,12:50:10,8.55,150,29600
20240119,12:53:47,8.5,450,29650
20240119,12:56:39,8.4,400,29900
20240119,12:57:13,8.3,50,29700
20240119,12:57:47,8.35,400,29700
20240119,12:58:03,8.3,50,29700
20240119,12:59:17,8.5,1050,29700
20240119,13:00:47,8.45,50,29950
20240119,13:02:36,8.2,200,29950
20240119,13:02:43,8.2,150,29950
20240119,13:05:09,8.35,150,29700
20240119,13:05:35,8.3,150,29700
20240119,13:06:15,8.35,150,29700
20240119,13:08:36,8.0,50,29700
20240119,13:11:34,8.2,150,29700
20240119,13:12:26,8.15,50,29850
20240119,13:18:55,7.85,100,29900
20240119,13:19:31,7.9,50,29900
20240119,13:19:59,7.75,150,29900
20240119,13:25:48,8.05,100,29950
20240119,13:25:55,8.05,50,29950
20240119,13:27:14,8.15,1800,30000
20240119,13:27:42,8.1,1000,30000
20240119,13:27:51,8.25,400,30000
20240119,13:28:03,8.35,500,30000
20240119,13:28:14,8.4,150,30000
20240119,13:30:10,8.65,50,31500
20240119,13:31:49,8.5,450,31500
20240119,13:33:11,8.55,550,31500
20240119,13:33:21,8.6,300,31500
20240119,13:34:04,8.65,200,31500
20240119,13:35:47,8.4,50,31500
20240119,13:41:22,7.9,200,31550
20240119,13:44:00,7.95,100,31750
20240119,13:44:09,7.95,400,31750
20240119,13:44:19,8.0,350,31750
20240119,13:47:29,8.1,450,31300
20240119,13:48:06,8.15,200,31300
20240119,13:48:36,8.35,350,31550
20240119,13:48:45,8.35,200,31550
20240119,13:48:54,8.4,250,31550
20240119,13:50:44,8.35,200,31550
20240119,13:51:02,8.4,650,31550
20240119,13:51:12,8.5,350,30700
20240119,13:51:51,8.4,50,30700
20240119,13:52:26,8.4,100,30700
20240119,13:58:37,8.25,200,30950
20240119,13:59:43,8.35,450,30950
20240119,13:59:52,8.35,50,30950
20240119,14:02:16,8.45,150,30550
20240119,14:02:34,8.6,50,30550
20240119,14:04:07,8.7,500,30500
20240119,14:04:39,8.7,50,30500
20240119,14:08:39,8.85,1500,30150
20240119,14:08:48,8.95,1400,30150
20240119,14:08:57,8.85,1150,30150
20240119,14:09:05,8.9,1050,31650
20240119,14:09:14,8.9,200,31650
20240119,14:09:31,8.85,1000,31650
20240119,14:09:39,8.9,200,31650
20240119,14:10:03,8.8,50,31650
20240119,14:12:42,8.95,100,32050
20240119,14:12:49,8.95,150,32050
20240119,14:13:41,9.05,500,32050
20240119,14:13:52,9.15,200,32050
20240119,14:14:04,9.15,1400,32050
20240119,14:14:26,9.25,350,32050
20240119,14:14:36,9.2,800,32050
20240119,14:15:52,9.15,200,31500
20240119,14:16:04,9.2,250,31500
20240119,14:17:28,8.9,200,31500
20240119,14:21:56,8.55,800,31700
20240119,14:22:24,8.45,550,31700
20240119,14:26:11,8.35,100,32500
20240119,14:27:15,8.2,150,32500
20240119,14:28:38,8.2,650,32500
20240119,14:32:31,8.25,100,31900
20240119,14:33:39,8.2,150,31950
20240119,14:37:29,8.35,150,31800
20240119,14:43:46,7.95,200,31900
20240119,14:45:19,7.9,800,32100
20240119,14:46:01,7.95,250,32100
20240119,14:46:12,8.0,600,32100
20240119,14:46:23,8.0,550,32100
20240119,14:46:33,8.0,800,32100
20240119,14:46:56,8.0,200,32100
20240119,14:47:36,8.1,150,32100
20240119,14:48:23,8.2,400,31150
20240119,14:48:33,8.2,800,31150
20240119,14:48:52,8.35,50,31150
20240119,14:49:19,8.35,700,31150
20240119,14:49:57,8.4,50,31150
20240119,14:50:43,8.05,400,31150
20240119,14:51:17,8.1,250,31500
20240119,14:51:54,8.15,700,31500
20240119,14:52:54,8.15,350,31500
20240119,14:53:51,8.1,350,31500
20240119,14:54:09,7.95,850,30700
20240119,14:54:35,7.85,950,30700
20240119,14:55:37,7.8,1050,30700
20240119,14:55:46,7.8,500,30700
20240119,14:55:56,8.0,50,30700
20240119,14:56:14,8.0,250,30700
20240119,14:56:23,8.0,450,30700
20240119,14:56:33,8.0,1800,30700
20240119,14:57:00,8.0,250,30700
20240119,14:57:09,8.0,250,30700
20240119,14:57:26,8.0,300,32450
20240119,14:57:36,8.0,150,32450
20240119,14:58:40,7.85,250,32450
20240119,14:59:07,7.95,50,32450
20240119,14:59:36,7.85,200,32450
20240119,15:00:04,7.95,100,32450
20240119,15:00:44,7.95,50,33150
20240119,15:00:57,8.0,2050,33150
20240119,15:01:08,8.0,600,33150
20240119,15:01:42,7.85,300,33150
20240119,15:02:02,7.75,500,33150
20240119,15:02:12,7.8,50,33150
20240119,15:02:43,8.1,900,33150
20240119,15:02:53,8.0,1450,33150
20240119,15:03:03,8.0,800,33150
20240119,15:03:14,7.95,900,31550
20240119,15:04:03,7.9,700,31550
20240119,15:04:13,7.95,850,31550
20240119,15:04:23,7.95,800,31550
20240119,15:04:32,7.95,750,31550
20240119,15:04:52,8.0,100,31550
20240119,15:05:51,7.95,900,31550
20240119,15:06:11,7.85,50,31550
20240119,15:06:40,7.75,200,32050
20240119,15:07:10,7.55,450,32050
20240119,15:07:31,7.5,50,32050
20240119,15:07:40,7.55,450,32050
20240119,15:07:50,7.6,50,32050
20240119,15:08:20,7.55,650,32050
20240119,15:08:49,7.55,2200,32050
20240119,15:08:58,7.6,3550,32050
20240119,15:09:07,7.55,1000,32050
20240119,15:09:52,7.55,1050,31350
20240119,15:10:01,7.55,800,31350
20240119,15:10:11,7.55,600,31350
20240119,15:10:21,7.55,250,31350
20240119,15:10:29,7.6,100,31350
20240119,15:10:37,7.6,650,31350
20240119,15:11:16,7.7,400,31350
20240119,15:11:52,7.65,200,31350
20240119,15:12:20,7.6,100,30550
20240119,15:12:38,7.7,100,30550
20240119,15:12:47,7.7,300,30550
20240119,15:13:04,7.7,700,30550
20240119,15:13:31,7.7,100,30550
20240119,15:13:40,7.65,350,30550
20240119,15:13:47,7.6,100,30550
20240119,15:14:06,7.65,350,30550
20240119,15:14:23,7.65,400,30550
20240119,15:15:09,7.55,50,30550
20240119,15:15:28,7.55,100,30250
20240119,15:15:54,7.5,100,30250
20240119,15:16:38,7.5,50,30250
20240119,15:17:07,7.5,700,30250
20240119,15:17:26,7.5,400,30250
20240119,15:18:13,7.5,750,30250
20240119,15:18:22,7.55,600,30000
20240119,15:21:02,7.75,700,30000
20240119,15:24:48,7.65,100,30000
20240119,15:25:06,7.7,450,30000
20240119,15:25:15,7.75,400,30000
20240119,15:25:26,7.75,950,30000
20240119,15:25:36,7.8,850,30000
20240119,15:25:47,7.45,1150,30000
20240119,15:25:58,7.5,300,30000
20240119,15:26:09,7.5,500,30000
20240119,15:26:20,7.5,600,30000
20240119,15:26:41,7.6,1200,30000
20240119,15:27:03,7.55,900,30000
20240119,15:27:15,7.55,100,30000
20240119,15:27:26,7.45,350,28700
20240119,15:27:48,7.5,1000,28700
20240119,15:28:22,7.45,200,28700
20240119,15:29:28,7.35,500,28700
20240119,15:29:51,7.05,50,28700
20240120,09:15:08,7.2,1,27650
20240120,09:15:08,7.2,50,27650
20240120,09:16:22,5.55,300,27650
20240120,09:18:41,5.55,950,27700
20240120,09:19:16,5.95,50,27700
20240120,09:21:09,5.95,100,28450
20240120,09:21:20,5.9,50,28450
20240120,09:22:03,5.7,200,28450
20240120,09:23:30,5.75,250,28100
20240120,09:24:46,5.7,200,28100
20240120,09:25:48,5.85,150,28100
20240120,09:25:58,5.85,250,28100
20240120,09:26:08,5.85,200,28100
20240120,09:27:01,5.8,1000,27700
20240120,09:27:21,5.75,200,27700
20240120,09:27:53,5.7,100,27700
20240120,09:29:38,5.7,200,27300
20240120,09:30:43,5.9,350,27300
20240120,09:30:55,5.9,100,27300
20240120,09:31:06,5.95,50,27300
20240120,09:31:52,5.95,50,27300
20240120,09:33:57,6.1,200,27300
20240120,09:34:09,6.15,100,27300
20240120,09:34:19,6.4,400,27300
20240120,09:34:30,6.5,350,27300
20240120,09:34:39,6.55,900,27300
20240120,09:36:50,6.55,200,27650
20240120,09:38:57,6.5,100,27700
20240120,09:40:58,6.8,150,27700
20240120,09:43:49,6.8,350,27800
20240120,09:44:10,6.75,50,27800
20240120,09:45:47,6.7,50,27800
20240120,09:52:39,6.7,200,27750
20240120,09:52:48,6.7,200,27750
20240120,09:52:58,6.75,100,27750
20240120,09:56:05,6.7,50,27750
20240120,09:57:14,6.55,50,27750
20240120,09:59:26,6.7,350,27750
20240120,09:59:38,6.8,200,27950
20240120,10:02:50,6.45,2000,27950
20240120,10:03:48,6.45,100,27950
20240120,10:04:25,6.6,500,27950
20240120,10:07:04,6.45,100,29700
20240120,10:07:46,6.4,700,29700
20240120,10:08:09,6.5,50,29700
20240120,10:08:18,6.55,200,29700
20240120,10:09:09,6.5,200,29350
20240120,10:10:50,6.9,900,29350
20240120,10:11:00,6.95,50,29350
20240120,10:11:08,6.9,100,29350
20240120,10:11:33,7.15,150,29350
20240120,10:11:44,7.35,750,29400
20240120,10:11:55,7.25,850,29400
20240120,10:12:03,7.2,450,29400
20240120,10:13:07,6.9,100,29400
20240120,10:13:17,6.8,250,29400
20240120,10:13:33,6.7,200,29400
20240120,10:13:48,6.65,400,29400
20240120,10:14:54,6.35,550,29650
20240120,10:15:45,6.4,100,29650
20240120,10:17:10,6.3,50,29650
20240120,10:17:37,6.15,100,29650
20240120,10:18:28,6.2,50,29650
20240120,10:23:06,6.05,100,29650
20240120,10:23:54,6.15,150,29550
20240120,10:24:14,6.1,100,29550
20240120,10:28:59,6.05,100,29500
20240120,10:30:49,5.95,50,29500
20240120,10:31:15,6.0,100,29500
20240120,10:32:00,5.9,50,29500
20240120,10:32:48,5.9,50,29500
20240120,10:33:59,5.85,50,29500
20240120,10:34:16,5.85,350,29500
20240120,10:35:45,6.0,1050,29500
20240120,10:40:00,5.8,50,28850
20240120,10:40:17,5.8,50,28850
20240120,10:40:45,5.8,100,28850
20240120,10:42:35,5.75,2000,28750
20240120,10:43:36,5.6,200,28750
20240120,10:46:25,5.4,300,26850
20240120,10:48:49,5.4,350,26750
20240120,10:52:59,5.55,200,26750
20240120,10:53:58,5.5,50,26750
20240120,10:55:41,5.55,200,26750
20240120,10:57:28,5.55,150,26750
20240120,10:59:17,5.5,50,26750
20240120,10:59:43,5.5,400,26750
20240120,11:00:10,5.5,800,26750
20240120,11:02:25,5.55,50,26750
20240120,11:02:41,5.55,100,26750
20240120,11:03:07,5.55,200,26750
20240120,11:03:17,5.55,1000,26750
20240120,11:03:52,5.5,400,26750
20240120,11:04:10,5.5,800,26750
20240120,11:04:37,5.4,500,26750
20240120,11:05:31,5.25,500,26750
20240120,11:12:16,5.25,1800,26950
20240120,11:14:55,5.25,50,28550
20240120,11:15:10,5.35,150,28550
20240120,11:15:26,5.35,300,28550
20240120,11:15:33,5.35,200,28550
20240120,11:23:25,5.5,300,28550
20240120,11:25:35,5.55,250,28650
20240120,11:28:28,5.5,350,28850
20240120,11:34:57,5.5,50,28850
20240120,11:36:54,5.45,200,28850
20240120,11:37:16,5.4,300,28850
20240120,11:37:30,5.4,400,28850
20240120,11:38:04,5.45,400,28850
20240120,11:41:56,5.5,50,29150
20240120,11:44:06,5.4,50,29150
20240120,11:44:45,5.3,300,29150
20240120,11:48:36,5.35,400,29500
20240120,11:49:08,5.4,350,29500
20240120,11:50:57,5.45,500,29650
20240120,11:51:11,5.4,550,29650
20240120,11:53:13,5.45,550,29650
20240120,11:55:10,5.45,200,30150
20240120,11:55:59,5.4,400,30150
20240120,12:00:07,5.4,100,30150
20240120,12:00:26,5.3,500,30150
20240120,12:01:23,5.35,200,30150
20240120,12:01:29,5.35,700,30150
20240120,12:04:28,5.2,150,30150
20240120,12:14:36,5.2,2650,30150
20240120,12:15:04,5.15,200,32400
20240120,12:15:27,5.15,800,32400
20240120,12:17:25,5.2,50,32400
20240120,12:18:49,5.2,50,33450
20240120,12:19:59,5.15,50,33450
20240120,12:20:19,5.2,50,33450
20240120,12:21:56,5.15,300,33450
20240120,12:22:23,5.15,150,33450
20240120,12:23:36,5.1,50,33450
20240120,12:27:12,5.1,400,33150
20240120,12:30:28,5.05,200,33500
20240120,12:30:45,5.05,300,33500
20240120,12:31:51,5.15,350,33500
20240120,12:34:35,5.2,500,33800
20240120,12:34:45,5.25,350,33800
20240120,12:35:03,5.25,200,33800
20240120,12:35:14,5.3,500,33800
20240120,12:35:27,5.4,400,33800
20240120,12:35:39,5.4,400,33800
20240120,12:35:49,5.35,150,33800
20240120,12:36:00,5.3,200,34600
20240120,12:36:09,5.35,500,34600
20240120,12:36:19,5.35,400,34600
20240120,12:36:39,5.55,600,34600
20240120,12:36:51,5.6,1750,34600
20240120,12:37:03,5.55,950,34600
20240120,12:38:00,5.65,100,34600
20240120,12:38:11,5.65,100,34600
20240120,12:38:33,5.75,1400,34600
20240120,12:38:43,5.9,1500,34600
20240120,12:38:53,6.05,1350,34600
20240120,12:39:03,6.1,3650,36900
20240120,12:40:07,6.1,50,36900
20240120,12:40:18,6.1,500,36900
20240120,12:40:38,6.1,50,36900
20240120,12:40:59,6.1,50,36900
20240120,12:41:28,6.1,550,36900
20240120,12:41:38,6.15,100,36900
20240120,12:42:21,6.2,500,35800
20240120,12:43:24,6.1,400,35800
20240120,12:45:07,6.15,100,35900
20240120,12:45:56,6.1,500,35900
20240120,12:46:44,5.95,500,35900
20240120,12:46:54,5.95,500,35900
20240120,12:47:16,5.9,400,35900
20240120,12:47:38,5.8,900,35900
20240120,12:48:27,5.7,400,35800
20240120,12:48:49,5.6,1100,35800
20240120,12:49:28,5.5,700,35800
20240120,12:50:16,5.6,450,35800
20240120,12:55:19,5.6,750,36250
20240120,12:55:59,5.45,550,36250
20240120,12:58:03,5.1,650,36400
20240120,12:58:53,5.0,1600,36400
20240120,13:02:27,5.0,150,36350
20240120,13:04:47,5.0,750,36350
20240120,13:05:25,5.0,350,36350
20240120,13:05:43,4.95,400,36350
20240120,13:06:10,4.95,150,36200
20240120,13:06:40,5.05,450,36200
20240120,13:07:00,5.15,600,36200
20240120,13:07:21,5.0,1800,36200
20240120,13:07:42,4.95,100,36200
20240120,13:09:11,4.85,450,37800
20240120,13:09:21,4.85,350,37800
20240120,13:09:29,4.9,50,37800
20240120,13:09:49,4.85,350,37800
20240120,13:10:23,4.85,600,37800
20240120,13:10:32,4.9,750,37800
20240120,13:13:34,4.95,50,37800
20240120,13:14:01,4.95,700,37800
20240120,13:16:56,4.9,150,37100
20240120,13:17:44,4.85,750,37100
20240120,13:19:24,4.85,50,37250
20240120,13:20:06,4.8,50,37250
20240120,13:20:50,4.8,300,37250
20240120,13:24:20,4.8,500,37300
20240120,13:25:00,4.8,200,37300
20240120,13:34:30,4.8,500,37500
20240120,13:36:02,4.75,50,37500
20240120,13:40:57,4.75,1000,37500
20240120,13:43:21,4.95,200,36750
20240120,13:44:19,5.0,500,36750
20240120,13:44:27,5.0,50,36750
20240120,13:45:18,4.95,800,36850
20240120,13:46:28,5.05,500,36850
20240120,13:46:38,5.0,50,36850
20240120,13:46:48,5.05,3250,36850
20240120,13:46:58,5.05,600,36850
20240120,13:47:06,5.05,600,36850
20240120,13:50:58,5.2,750,37750
20240120,13:51:06,5.2,400,37750
20240120,13:53:35,5.2,2400,37050
20240120,13:53:42,5.25,600,37050
20240120,13:54:26,5.2,2300,36500
20240120,13:55:05,5.15,500,36500
20240120,13:55:53,5.1,1500,36500
20240120,13:56:01,5.05,200,36500
20240120,13:56:11,5.1,1550,36500
20240120,13:57:08,5.0,50,36500
20240120,13:57:47,4.85,50,33050
20240120,13:58:16,4.85,800,33050
20240120,13:59:48,4.9,50,33050
20240120,14:07:21,5.05,200,33050
20240120,14:09:07,5.1,200,33050
20240120,14:09:29,5.05,350,32850
20240120,14:11:13,5.05,200,32850
20240120,14:12:16,5.05,150,32850
20240120,14:16:00,5.0,200,32850
20240120,14:17:27,5.05,1150,32850
20240120,14:18:09,5.15,300,32850
20240120,14:22:18,5.05,800,33950
20240120,14:22:31,5.05,500,33950
20240120,14:22:44,5.1,1000,33950
20240120,14:22:52,5.05,400,33950
20240120,14:24:06,5.1,50,33950
20240120,14:24:12,5.1,100,33950
20240120,14:25:34,5.1,50,31950
20240120,14:29:48,5.1,600,31950
20240120,14:33:34,5.1,50,31950
20240120,14:36:24,5.05,200,31950
20240120,14:40:59,4.95,450,31950
20240120,14:41:18,4.9,50,31950
20240120,14:42:36,4.9,200,31950
20240120,14:42:50,4.9,400,31950
20240120,14:42:59,4.85,200,31950
20240120,14:43:08,4.9,100,31950
20240120,14:43:19,4.9,50,31950
20240120,14:43:30,4.9,100,31950
20240120,14:43:39,4.9,300,31950
20240120,14:44:53,5.05,250,31950
20240120,14:45:29,5.1,100,32650
20240120,14:45:41,5.25,1800,32650
20240120,14:45:50,5.25,350,32650
20240120,14:46:35,5.4,750,32650
20240120,14:46:51,5.5,50,32650
20240120,14:47:01,5.55,150,32650
20240120,14:47:10,5.55,300,32650
20240120,14:47:26,5.55,300,32650
20240120,14:47:36,5.5,1000,32650
20240120,14:47:46,5.5,750,32650
20240120,14:48:04,5.5,800,32650
20240120,14:48:13,5.45,1250,32650
20240120,14:48:33,5.35,500,31600
20240120,14:49:17,5.15,300,31600
20240120,14:49:41,5.1,350,31600
20240120,14:50:05,5.1,50,31600
20240120,14:50:13,5.15,50,31600
20240120,14:50:21,5.15,250,31600
20240120,14:50:49,5.15,200,31600
20240120,14:50:55,5.1,400,31600
20240120,14:51:02,5.0,50,31600
20240120,14:51:12,5.05,150,31600
20240120,14:51:40,5.1,750,30900
20240120,14:51:48,5.05,100,30900
20240120,14:52:46,5.0,350,30900
20240120,14:52:54,4.95,300,30900
20240120,14:53:08,4.95,100,30900
20240120,14:56:07,5.2,50,30800
20240120,14:57:45,5.3,50,30800
20240120,14:58:08,5.3,400,30800
20240120,14:58:15,5.3,300,30800
20240120,14:58:23,5.3,250,30800
20240120,14:59:47,5.45,850,30800
20240120,14:59:55,5.45,650,30800
20240120,15:00:46,5.65,250,31150
20240120,15:00:57,5.6,50,31150
20240120,15:01:06,5.6,250,31150
20240120,15:01:37,6.0,50,31150
20240120,15:03:49,5.6,100,30950
20240120,15:04:24,5.65,150,30950
20240120,15:05:05,5.6,100,30950
20240120,15:05:14,5.6,150,30950
20240120,15:06:35,5.75,100,30700
20240120,15:06:45,5.75,50,30700
20240120,15:06:53,5.75,50,30700
20240120,15:07:03,5.75,150,30700
20240120,15:08:31,5.95,50,30700
20240120,15:08:53,5.9,50,30700
20240120,15:10:34,5.95,200,30600
20240120,15:11:04,6.05,400,30600
20240120,15:11:50,5.95,400,30600
20240120,15:12:11,6.0,150,30600
20240120,15:13:30,5.95,1100,30850
20240120,15:13:41,5.85,500,30850
20240120,15:13:50,5.8,950,30850
20240120,15:14:00,5.7,350,30850
20240120,15:14:11,5.7,50,30850
20240120,15:14:21,5.7,250,30850
20240120,15:14:40,5.55,350,30850
20240120,15:15:09,5.45,150,30850
20240120,15:15:21,5.45,300,30850
20240120,15:15:31,5.45,100,30850
20240120,15:15:39,5.5,350,30650
20240120,15:16:25,5.5,50,30650
20240120,15:16:34,5.5,100,30650
20240120,15:16:54,5.45,550,30650
20240120,15:17:04,5.4,50,30650
20240120,15:17:14,5.45,200,30650
20240120,15:17:34,5.4,100,30650
20240120,15:18:10,5.35,150,30650
20240120,15:18:44,5.35,150,30600
20240120,15:18:53,5.3,50,30600
20240120,15:19:17,5.35,50,30600
20240120,15:19:25,5.4,300,30600
20240120,15:20:06,5.45,1000,30600
20240120,15:20:14,5.45,150,30600
20240120,15:20:22,5.45,750,30600
20240120,15:20:55,5.45,100,30600
20240120,15:21:04,5.45,350,30600
20240120,15:21:54,5.45,1000,31750
20240120,15:22:18,5.4,100,31750
20240120,15:22:27,5.4,50,31750
20240120,15:22:36,5.4,350,31750
20240120,15:23:07,5.45,600,31750
20240120,15:23:48,5.45,50,31750
20240120,15:23:57,5.45,350,31750
20240120,15:24:05,5.45,100,31750
20240120,15:24:32,5.35,50,32450
20240120,15:24:42,5.4,50,32450
20240120,15:25:06,5.35,50,32450
20240120,15:25:50,5.4,950,32450
20240120,15:26:16,5.5,1200,32450
20240120,15:26:26,5.5,50,32450
20240120,15:26:44,5.5,200,32450
20240120,15:27:04,5.3,100,32450
20240120,15:27:14,5.35,50,32450
20240120,15:27:22,5.35,200,32450
20240120,15:27:31,5.4,100,31900
20240120,15:27:40,5.45,400,31900
20240120,15:27:57,5.5,200,31900
20240120,15:28:06,5.55,50,31900
20240120,15:28:15,5.6,50,31900
20240120,15:28:51,5.65,350,31900
20240120,15:29:00,5.6,200,31900
20240120,15:29:19,5.5,100,31900
20240120,15:29:28,5.55,400,31900
20240120,15:29:48,5.3,200,31900
20240123,09:16:02,3.3,700,31650
20240123,09:16:12,3.7,900,31650
20240123,09:16:27,3.55,50,31650
20240123,09:16:35,3.65,900,31650
20240123,09:17:00,3.75,600,31650
20240123,09:17:07,3.8,700,31650
20240123,09:17:24,3.75,100,31650
20240123,09:17:57,3.7,750,29850
20240123,09:18:05,3.7,50,29850
20240123,09:18:24,3.75,250,29850
20240123,09:18:41,3.7,750,29850
20240123,09:19:03,3.7,300,29850
20240123,09:19:23,3.7,50,29850
20240123,09:19:42,3.55,1000,29850
20240123,09:19:59,3.55,500,29850
20240123,09:20:25,3.55,50,29850
20240123,09:21:49,3.55,750,31700
20240123,09:22:21,3.55,350,31700
20240123,09:22:45,3.55,100,31700
20240123,09:22:52,3.55,50,31700
20240123,09:23:29,3.5,200,31700
20240123,09:24:43,3.6,450,31650
20240123,09:25:00,3.6,850,31650
20240123,09:26:06,3.4,300,31650
20240123,09:26:26,3.45,1250,31650
20240123,09:26:52,3.35,300,31850
20240123,09:27:15,3.4,3150,31850
20240123,09:27:17,3.35,250,31850
20240123,09:27:55,3.45,1250,31850
20240123,09:28:51,3.45,50,31850
20240123,09:29:23,3.4,50,31850
20240123,09:30:20,3.55,350,32750
20240123,09:30:36,3.55,300,32750
20240123,09:30:51,3.55,1950,32750
20240123,09:30:58,3.6,50,32750
20240123,09:31:43,3.6,1050,32750
20240123,09:31:56,3.6,200,32750
20240123,09:32:19,3.65,300,32750
20240123,09:34:57,3.65,50,32700
20240123,09:35:19,3.7,50,32700
20240123,09:36:18,3.75,1050,32700
20240123,09:36:31,3.75,600,32700
20240123,09:36:42,3.7,1000,32700
20240123,09:36:48,3.75,150,32700
20240123,09:38:29,3.75,500,32700
20240123,09:39:02,3.8,150,35150
20240123,09:39:07,3.85,100,35150
20240123,09:39:38,3.9,50,35150
20240123,09:39:57,3.95,400,35150
20240123,09:40:17,3.95,250,35150
20240123,09:41:15,3.95,850,35150
20240123,09:41:22,3.95,250,35150
20240123,09:41:42,3.9,200,34800
20240123,09:41:58,3.85,50,34800
20240123,09:42:10,3.9,550,34800
20240123,09:42:53,3.9,300,34800
20240123,09:43:02,3.95,200,34800
20240123,09:43:24,3.9,500,34800
20240123,09:43:31,3.85,1200,34800
20240123,09:44:02,3.75,1500,34800
20240123,09:45:55,3.75,500,37800
20240123,09:46:16,3.7,250,37800
20240123,09:46:46,3.7,800,37800
20240123,09:48:26,3.8,50,38600
20240123,09:48:45,3.8,150,38600
20240123,09:49:44,3.9,550,38600
20240123,09:49:50,3.95,600,38600
20240123,09:50:10,3.95,50,38600
20240123,09:51:58,4.0,1100,38600
20240123,09:52:17,4.0,150,38600
20240123,09:53:13,4.0,50,38600
20240123,09:53:41,3.9,2300,38550
20240123,09:53:42,3.9,600,38550
20240123,09:54:22,3.85,250,38550
20240123,09:54:48,3.8,2900,38550
20240123,09:55:41,3.75,200,38550
20240123,09:55:52,3.75,1000,38550
20240123,09:56:12,3.75,300,38550
20240123,09:56:16,3.75,500,38550
20240123,09:57:01,3.75,100,39550
20240123,09:57:44,3.8,50,39550
20240123,09:57:57,3.75,400,39550
20240123,09:58:06,3.75,450,39550
20240123,09:58:40,3.8,1700,39550
20240123,09:58:50,3.85,1050,39550
20240123,09:58:53,3.85,200,39550
20240123,09:59:16,3.85,200,39550
20240123,09:59:26,3.75,1100,39550
20240123,09:59:35,3.9,250,39550
20240123,09:59:54,3.9,150,41900
20240123,10:00:14,3.9,50,41900
20240123,10:00:33,3.95,50,41900
20240123,10:00:46,4.05,1550,41900
20240123,10:01:01,4.05,300,41900
20240123,10:01:16,4.1,250,41900
20240123,10:01:27,4.1,50,41900
20240123,10:01:39,4.0,450,41900
20240123,10:02:44,4.2,500,41900
20240123,10:03:13,4.15,500,41900
20240123,10:03:36,4.1,1000,41900
20240123,10:04:32,4.15,850,41900
20240123,10:04:44,4.2,50,41900
20240123,10:05:20,4.1,50,41900
20240123,10:05:56,4.1,50,41900
20240123,10:06:36,4.3,50,41900
20240123,10:06:46,4.3,500,41900
20240123,10:07:08,4.4,400,41900
20240123,10:07:28,4.35,400,41900
20240123,10:07:54,4.35,1050,41900
20240123,10:08:15,4.3,50,41900
20240123,10:08:40,4.35,1000,41900
20240123,10:08:53,4.35,450,41900
20240123,10:09:17,4.4,600,41900
20240123,10:10:34,4.35,250,41900
20240123,10:10:37,4.4,100,41900
20240123,10:11:45,4.4,750,41900
20240123,10:12:07,4.5,1550,41900
20240123,10:12:32,4.5,400,41900
20240123,10:13:10,4.55,800,41900
20240123,10:13:19,4.6,350,41900
20240123,10:13:50,4.65,50,41900
20240123,10:14:06,4.65,200,41900
20240123,10:14:20,4.6,200,41900
20240123,10:14:34,4.6,200,41900
20240123,10:16:15,4.5,200,41900
20240123,10:17:22,4.55,200,41650
20240123,10:18:08,4.5,50,41650
20240123,10:18:18,4.5,150,41650
20240123,10:18:47,4.5,350,41650
20240123,10:19:05,4.55,200,41650
20240123,10:19:49,4.6,200,41650
20240123,10:20:08,4.75,200,41650
20240123,10:20:27,4.75,50,41650
20240123,10:20:37,4.7,200,41650
20240123,10:21:19,4.7,250,41650
20240123,10:21:26,4.85,900,41650
20240123,10:22:52,4.85,1800,41650
20240123,10:23:14,4.85,450,41650
20240123,10:23:38,4.95,1550,41650
20240123,10:23:44,4.95,50,43450
20240123,10:23:53,5.0,450,43450
20240123,10:24:13,5.15,400,43450
20240123,10:24:49,5.25,600,43450
20240123,10:25:28,5.3,600,43450
20240123,10:26:08,5.15,500,43450
20240123,10:26:38,5.2,100,43450
20240123,10:26:49,5.3,1800,45500
20240123,10:27:01,5.25,650,45500
20240123,10:27:12,5.25,900,45500
20240123,10:27:27,5.2,650,45500
20240123,10:27:50,5.2,850,45500
20240123,10:27:55,5.2,650,45500
20240123,10:28:07,5.25,300,45500
20240123,10:28:26,5.25,950,45500
20240123,10:28:49,5.2,450,45500
20240123,10:29:02,5.1,1450,45500
20240123,10:29:06,5.1,200,45500
20240123,10:29:25,5.1,650,45500
20240123,10:30:03,5.2,800,49300
20240123,10:30:27,5.3,1700,49300
20240123,10:30:38,5.25,300,49300
20240123,10:30:56,5.2,900,49300
20240123,10:31:02,5.25,250,49300
20240123,10:31:43,5.25,200,49300
20240123,10:31:45,5.25,200,49300
20240123,10:32:04,5.3,2400,49300
20240123,10:32:38,5.2,50,49300
20240123,10:33:14,4.95,150,53100
20240123,10:33:35,4.95,50,53100
20240123,10:34:22,4.9,1150,53100
20240123,10:34:32,4.9,150,53100
20240123,10:34:43,4.9,1450,53100
20240123,10:34:52,4.9,450,53100
20240123,10:35:23,4.9,450,53100
20240123,10:35:54,4.95,150,54850
20240123,10:38:34,5.2,200,54850
20240123,10:38:40,5.2,200,54850
20240123,10:40:15,5.8,100,54500
20240123,10:40:32,6.0,100,54500
20240123,10:41:09,6.1,3300,54500
20240123,10:41:17,5.95,1550,54500
20240123,10:41:30,5.85,1000,54500
20240123,10:41:48,5.85,600,56600
20240123,10:42:00,5.85,750,56600
20240123,10:42:05,5.85,250,56600
20240123,10:42:45,5.9,400,56600
20240123,10:42:54,6.0,50,56600
20240123,10:43:47,6.3,750,56600
20240123,10:43:59,6.4,1800,56600
20240123,10:44:13,6.3,400,56600
20240123,10:44:36,6.5,100,56600
20240123,10:45:00,6.55,100,56800
20240123,10:45:09,6.4,250,56800
20240123,10:45:24,6.3,450,56800
20240123,10:45:36,6.2,1100,56800
20240123,10:45:38,6.15,100,56800
20240123,10:46:00,6.35,100,56800
20240123,10:46:08,6.4,150,56800
20240123,10:46:14,6.6,50,56800
20240123,10:46:34,6.65,700,56800
20240123,10:46:46,6.75,850,56800
20240123,10:47:07,6.5,1500,56800
20240123,10:47:28,6.55,1000,56800
20240123,10:47:45,6.75,600,56800
20240123,10:48:08,6.8,200,58550
20240123,10:48:26,7.0,100,58550
20240123,10:48:39,7.1,200,58550
20240123,10:49:10,6.95,1050,58550
20240123,10:49:18,6.9,250,58550
20240123,10:49:59,7.4,550,58550
20240123,10:50:11,7.45,1050,58550
20240123,10:50:25,7.6,900,58550
20240123,10:50:41,7.5,400,58550
20240123,10:50:44,7.4,300,58550
20240123,10:51:17,7.3,200,58650
20240123,10:51:19,7.4,350,58650
20240123,10:51:35,7.4,350,58650
20240123,10:51:54,7.4,600,58650
20240123,10:51:58,7.45,100,58650
20240123,10:52:25,7.3,250,58650
20240123,10:52:39,7.1,200,58650
20240123,10:52:46,7.0,150,58650
20240123,10:53:01,6.85,50,58650
20240123,10:53:32,6.65,150,58650
20240123,10:53:45,6.65,850,58700
20240123,10:53:58,6.7,250,58700
20240123,10:54:12,6.75,1850,58700
20240123,10:54:15,6.65,150,58700
20240123,10:55:13,6.3,100,58700
20240123,10:55:27,6.2,1450,58700
20240123,10:56:08,6.3,250,58700
20240123,10:56:26,6.25,400,58700
20240123,10:56:47,6.4,650,58950
20240123,10:56:51,6.4,400,58950
20240123,10:57:19,6.55,150,58950
20240123,10:57:45,6.55,50,58950
20240123,10:59:16,6.3,100,58950
20240123,11:00:43,6.35,100,59250
20240123,11:00:55,6.3,50,59250
20240123,11:01:10,6.35,400,59250
20240123,11:01:40,6.45,1000,59250
20240123,11:01:45,6.6,450,59250
20240123,11:02:08,6.5,2150,59250
20240123,11:02:30,6.5,2150,59250
20240123,11:02:37,6.45,1000,59250
20240123,11:03:00,6.5,1800,63000
20240123,11:03:25,6.7,350,63000
20240123,11:04:01,6.65,1300,63000
20240123,11:04:14,6.45,600,63000
20240123,11:04:21,6.45,1700,63000
20240123,11:04:28,6.45,200,63000
20240123,11:04:47,6.35,1800,63000
20240123,11:05:24,6.3,250,63000
20240123,11:05:41,6.2,600,63000
20240123,11:05:55,6.2,100,68000
20240123,11:06:12,6.15,50,68000
20240123,11:06:32,6.0,650,68000
20240123,11:06:47,6.05,650,68000
20240123,11:08:10,6.0,450,68000
20240123,11:08:24,6.0,200,68000
20240123,11:08:40,6.05,500,68000
20240123,11:09:06,6.05,1000,68250
20240123,11:09:41,5.8,450,68250
20240123,11:09:54,5.7,1150,68250
20240123,11:10:07,5.9,1100,68250
20240123,11:11:47,5.9,350,68250
20240123,11:12:07,5.95,650,70250
20240123,11:13:11,5.65,200,70250
20240123,11:15:23,5.8,150,70250
20240123,11:15:36,5.85,400,70250
20240123,11:16:08,5.85,750,70250
20240123,11:16:11,5.85,250,70250
20240123,11:16:35,5.85,1150,70250
20240123,11:18:16,5.85,50,70250
20240123,11:19:07,5.95,50,70250
20240123,11:19:34,6.0,500,70250
20240123,11:19:41,6.0,4700,70250
20240123,11:20:06,6.15,600,70250
20240123,11:20:39,6.15,400,70250
20240123,11:20:55,6.2,200,75500
20240123,11:21:41,6.2,50,75500
20240123,11:22:27,6.55,1250,75500
20240123,11:22:40,7.15,9150,75500
20240123,11:22:50,7.25,6600,75500
20240123,11:23:06,7.15,1600,75500
20240123,11:23:13,7.15,1750,75500
20240123,11:24:22,7.0,400,76700
20240123,11:24:59,6.6,4600,76700
20240123,11:25:09,6.15,8850,76700
20240123,11:25:17,6.15,1050,76700
20240123,11:25:34,6.1,700,76700
20240123,11:25:45,6.05,1050,76700
20240123,11:25:56,6.0,650,76700
20240123,11:26:04,6.0,500,76700
20240123,11:26:19,6.0,50,76700
20240123,11:26:40,6.0,1450,76700
20240123,11:26:54,6.05,1300,78050
20240123,11:27:00,6.0,150,78050
20240123,11:27:17,6.05,550,78050
20240123,11:27:32,6.0,200,78050
20240123,11:27:37,6.1,100,78050
20240123,11:27:48,6.0,1350,78050
20240123,11:28:14,6.15,1000,78050
20240123,11:28:28,6.05,1400,78050
20240123,11:28:49,6.05,100,78050
20240123,11:29:11,6.05,50,78050
20240123,11:29:46,6.1,650,78050
20240123,11:30:08,6.15,50,76850
20240123,11:30:36,6.25,100,76850
20240123,11:30:42,6.2,350,76850
20240123,11:31:03,6.15,1800,76850
20240123,11:31:17,6.2,300,76850
20240123,11:31:22,6.15,50,76850
20240123,11:31:36,6.25,300,76850
20240123,11:31:48,6.3,50,76850
20240123,11:32:00,6.4,500,76850
20240123,11:32:17,6.55,700,76850
20240123,11:32:28,6.7,650,76850
20240123,11:33:03,6.65,250,78650
20240123,11:33:20,6.7,550,78650
20240123,11:33:25,6.65,50,78650
20240123,11:33:40,6.5,900,78650
20240123,11:34:05,6.3,500,78650
20240123,11:34:42,6.25,200,78650
20240123,11:34:50,6.2,50,78650
20240123,11:35:14,6.2,600,78650
20240123,11:35:19,6.15,500,78650
20240123,11:35:44,6.15,400,78650
20240123,11:36:25,6.35,50,79550
20240123,11:37:19,6.45,250,79550
20240123,11:37:32,6.5,250,79550
20240123,11:37:48,6.45,1100,79550
20240123,11:38:35,6.5,250,79550
20240123,11:38:52,6.5,100,80450
20240123,11:39:27,6.45,650,80450
20240123,11:39:32,6.5,150,80450
20240123,11:40:02,6.5,450,80450
20240123,11:40:14,6.4,500,80450
20240123,11:40:20,6.45,200,80450
20240123,11:40:30,6.6,1050,80450
20240123,11:40:47,6.6,550,80450
20240123,11:41:04,6.7,500,80450
20240123,11:41:32,6.75,600,80450
20240123,11:41:56,7.0,500,78500
20240123,11:42:09,7.4,200,78500
20240123,11:42:17,7.3,700,78500
20240123,11:42:30,7.4,650,78500
20240123,11:42:52,7.3,700,78500
20240123,11:43:00,7.1,1000,78500
20240123,11:43:17,7.1,50,78500
20240123,11:43:30,7.4,350,78500
20240123,11:43:40,7.5,1150,78500
20240123,11:43:57,7.65,150,78500
20240123,11:44:05,7.65,250,78500
20240123,11:44:24,7.65,1450,78500
20240123,11:44:42,7.7,100,78500
20240123,11:45:12,7.85,50,79450
20240123,11:45:18,7.75,400,79450
20240123,11:45:47,8.0,500,79450
20240123,11:46:01,8.0,500,79450
20240123,11:46:17,8.25,2400,79450
20240123,11:46:29,8.25,1200,79450
20240123,11:46:42,8.35,800,79450
20240123,11:46:45,8.2,400,79450
20240123,11:47:00,8.05,1800,79450
20240123,11:47:14,8.2,500,79450
20240123,11:47:27,8.15,1000,79450
20240123,11:47:45,8.15,150,79450
20240123,11:47:50,8.2,100,79450
20240123,11:48:07,8.15,150,77550
20240123,11:48:15,8.1,200,77550
20240123,11:48:32,8.1,400,77550
20240123,11:48:46,8.1,550,77550
20240123,11:48:53,8.1,200,77550
20240123,11:49:07,7.8,1500,77550
20240123,11:49:24,7.65,500,77550
20240123,11:49:46,7.55,600,77550
20240123,11:50:11,7.4,750,77550
20240123,11:50:25,7.3,100,77550
20240123,11:50:34,7.25,100,77550
20240123,11:50:45,7.1,50,77550
20240123,11:51:28,7.4,600,77700
20240123,11:51:36,7.35,250,77700
20240123,11:51:53,7.35,50,77700
20240123,11:52:24,7.4,50,77700
20240123,11:52:44,7.55,100,77700
20240123,11:52:51,7.5,50,77700
20240123,11:53:01,7.6,50,77700
20240123,11:53:15,7.55,300,77700
20240123,11:53:26,7.6,500,77700
20240123,11:53:57,8.1,4200,75900
20240123,11:54:01,8.15,1150,75900
20240123,11:54:18,8.05,300,75900
20240123,11:54:29,8.2,2700,75900
20240123,11:54:37,8.15,50,75900
20240123,11:54:58,8.05,450,75900
20240123,11:55:31,7.95,50,75900
20240123,11:55:37,7.95,50,75900
20240123,11:55:52,7.85,250,75900
20240123,11:56:03,7.8,50,75900
20240123,11:56:47,7.85,50,75900
20240123,11:56:49,7.85,50,75900
20240123,11:56:59,7.95,300,74500
20240123,11:57:24,8.1,200,74500
20240123,11:57:30,8.25,100,74500
20240123,11:57:41,8.35,100,74500
20240123,11:57:45,8.35,100,74500
20240123,11:57:56,8.4,100,74500
20240123,11:58:52,8.6,650,74500
20240123,11:59:03,8.5,550,74500
20240123,11:59:17,8.35,100,74500
20240123,11:59:21,8.4,100,74500
20240123,12:00:05,8.4,800,74950
20240123,12:00:48,8.5,500,74950
20240123,12:01:00,8.7,800,74950
20240123,12:01:04,8.8,200,74950
20240123,12:01:18,8.9,150,74950
20240123,12:01:26,8.9,150,74950
20240123,12:01:45,9.05,250,74950
20240123,12:01:57,9.0,200,74950
20240123,12:02:09,9.0,950,74950
20240123,12:03:37,9.55,650,75150
20240123,12:03:50,9.6,500,75150
20240123,12:04:16,9.65,550,75150
20240123,12:04:41,9.65,400,75150
20240123,12:04:51,9.65,2800,75150
20240123,12:04:55,9.4,200,75150
20240123,12:05:17,9.5,200,75150
20240123,12:05:25,9.5,700,75150
20240123,12:05:43,9.6,300,75150
20240123,12:05:51,9.5,100,75150
20240123,12:05:58,9.45,50,75200
20240123,12:06:18,9.55,250,75200
20240123,12:06:27,9.7,850,75200
20240123,12:06:43,9.8,1100,75200
20240123,12:06:57,10.35,3900,75200
20240123,12:07:10,10.55,2950,75200
20240123,12:07:20,10.45,300,75200
20240123,12:07:33,10.55,2250,75200
20240123,12:07:48,11.0,900,75200
20240123,12:07:53,11.0,50,75200
20240123,12:08:14,10.95,1000,75200
20240123,12:08:24,10.7,3400,75200
20240123,12:08:39,10.6,600,75200
20240123,12:08:52,10.0,4400,75200
20240123,12:09:04,10.05,4300,75900
20240123,12:09:08,10.1,50,75900
20240123,12:09:27,10.6,4200,75900
20240123,12:09:33,10.55,50,75900
20240123,12:09:51,10.45,200,75900
20240123,12:10:04,10.3,2350,75900
20240123,12:10:15,10.0,4900,75900
20240123,12:10:27,10.0,650,75900
20240123,12:10:49,10.55,4850,75900
20240123,12:11:00,10.6,250,75900
20240123,12:11:13,10.5,100,75900
20240123,12:11:50,10.45,950,75900
20240123,12:12:00,10.6,650,75900
20240123,12:12:13,10.6,550,75900
20240123,12:12:26,10.55,400,75900
20240123,12:12:37,10.55,1950,75900
20240123,12:13:01,10.65,550,75900
20240123,12:13:17,10.65,1950,75900
20240123,12:14:06,10.5,650,75900
20240123,12:14:33,10.45,50,75900
20240123,12:14:50,10.45,400,75900
20240123,12:14:53,10.45,100,75900
20240123,12:15:15,10.8,1150,75850
20240123,12:15:21,10.65,1050,75850
20240123,12:15:49,9.9,5650,75850
20240123,12:16:05,9.2,400,75850
20240123,12:16:18,8.95,750,75850
20240123,12:16:31,8.55,4050,75850
20240123,12:16:40,8.65,650,75850
20240123,12:16:52,8.75,500,75850
20240123,12:17:00,8.6,300,75850
20240123,12:17:17,8.8,150,75850
20240123,12:17:27,8.65,100,75850
20240123,12:17:36,8.6,50,75850
20240123,12:17:59,8.8,600,77000
20240123,12:18:24,9.4,1000,77000
20240123,12:18:33,9.4,1300,77000
20240123,12:18:50,9.5,200,77000
20240123,12:18:59,9.55,350,77000
20240123,12:19:12,9.8,100,77000
20240123,12:19:24,9.95,150,77000
20240123,12:19:32,9.95,50,77000
20240123,12:19:48,9.85,200,77000
20240123,12:20:03,10.05,50,77000
20240123,12:20:12,9.9,250,77000
20240123,12:20:37,9.75,50,77000
20240123,12:20:48,9.75,200,77000
20240123,12:21:28,10.0,50,77550
20240123,12:21:59,9.85,100,77550
20240123,12:22:12,9.65,700,77550
20240123,12:22:52,9.6,300,77550
20240123,12:22:54,9.55,50,77550
20240123,12:23:12,9.55,100,77550
20240123,12:23:26,9.5,400,77550
20240123,12:23:28,9.5,50,77550
20240123,12:23:43,9.65,550,77550
20240123,12:24:15,9.8,1000,77450
20240123,12:24:36,10.1,750,77450
20240123,12:24:48,10.25,1700,77450
20240123,12:25:07,10.25,50,77450
20240123,12:25:20,10.1,1600,77450
20240123,12:25:30,10.05,350,77450
20240123,12:26:40,10.2,50,77450
20240123,12:26:46,10.15,100,77450
20240123,12:27:02,10.25,200,78500
20240123,12:27:17,10.1,200,78500
20240123,12:27:58,9.95,250,78500
20240123,12:28:57,9.8,50,78500
20240123,12:29:23,9.85,150,78500
20240123,12:29:54,9.8,50,78500
20240123,12:30:07,9.8,50,78700
20240123,12:30:34,9.55,50,78700
20240123,12:30:49,9.4,200,78700
20240123,12:31:04,9.35,1200,78700
20240123,12:31:23,9.4,50,78700
20240123,12:31:30,9.4,50,78700
20240123,12:32:59,9.3,250,78700
20240123,12:33:03,9.3,750,79700
20240123,12:33:13,9.4,350,79700
20240123,12:33:28,9.6,400,79700
20240123,12:34:00,9.1,850,79700
20240123,12:34:07,9.15,550,79700
20240123,12:34:15,9.1,100,79700
20240123,12:34:50,9.25,200,79700
20240123,12:34:55,9.15,150,79700
20240123,12:35:09,9.15,350,79700
20240123,12:35:19,9.25,50,79700
20240123,12:35:31,9.15,100,79700
20240123,12:36:00,9.1,650,79700
20240123,12:36:09,9.0,350,79650
20240123,12:36:20,8.85,200,79650
20240123,12:36:31,9.05,650,79650
20240123,12:36:43,9.1,350,79650
20240123,12:36:55,9.0,1450,79650
20240123,12:37:13,9.15,400,79650
20240123,12:37:31,9.15,100,79650
20240123,12:37:58,9.05,400,79650
20240123,12:38:06,9.25,50,79650
20240123,12:39:18,9.45,100,80500
20240123,12:39:28,9.65,400,80500
20240123,12:39:49,9.7,150,80500
20240123,12:40:48,10.15,50,80500
20240123,12:41:01,10.1,350,80500
20240123,12:41:12,10.25,50,80500
20240123,12:41:32,10.2,350,80500
20240123,12:41:42,10.0,50,80500
20240123,12:41:57,9.9,150,80500
20240123,12:42:24,10.05,250,79950
20240123,12:42:31,10.05,2050,79950
20240123,12:42:40,10.05,100,79950
20240123,12:42:50,9.95,150,79950
20240123,12:43:18,9.85,100,79950
20240123,12:43:53,9.9,100,79950
20240123,12:44:27,9.85,150,79950
20240123,12:45:24,9.9,100,80800
20240123,12:46:02,10.1,200,80800
20240123,12:46:14,10.35,100,80800
20240123,12:46:24,10.65,350,80800
20240123,12:46:44,11.05,1500,80800
20240123,12:46:54,11.05,250,80800
20240123,12:47:10,11.05,950,80800
20240123,12:47:12,11.05,300,80800
20240123,12:47:33,11.25,550,80800
20240123,12:47:38,11.3,200,80800
20240123,12:48:18,11.1,100,81400
20240123,12:48:37,10.65,50,81400
20240123,12:48:57,10.5,3850,81400
20240123,12:49:10,10.15,200,81400
20240123,12:49:23,10.05,550,81400
20240123,12:49:36,10.05,100,81400
20240123,12:49:42,10.05,100,81400
20240123,12:49:54,10.05,100,81400
20240123,12:51:29,9.9,50,81500
20240123,12:51:54,9.85,50,81500
20240123,12:52:03,10.05,100,81500
20240123,12:52:34,10.05,100,81500
20240123,12:52:40,10.1,100,81500
20240123,12:52:59,10.25,650,81500
20240123,12:53:17,10.6,50,81500
20240123,12:53:47,10.8,1600,81500
20240123,12:53:55,10.7,100,81500
20240123,12:54:45,10.6,200,81500
20240123,12:55:20,10.85,50,81500
20240123,12:55:49,11.05,250,81500
20240123,12:56:14,11.05,450,81500
20240123,12:56:35,11.0,300,81500
20240123,12:56:38,11.0,250,81500
20240123,12:57:09,11.05,350,81500
20240123,12:57:18,11.25,300,81500
20240123,12:57:29,11.45,150,81500
20240123,12:57:43,11.45,50,81500
20240123,12:57:56,11.3,250,81500
20240123,12:58:15,11.7,900,81500
20240123,12:58:31,11.8,100,81500
20240123,12:58:49,12.0,700,81500
20240123,12:59:01,12.05,200,81500
20240123,12:59:03,12.15,50,81500
20240123,12:59:25,12.1,400,81500
20240123,12:59:28,12.15,50,81500
20240123,13:00:34,11.9,100,81500
20240123,13:00:47,12.15,200,81500
20240123,13:00:52,11.8,400,81500
20240123,13:01:11,11.8,2050,81500
20240123,13:01:31,11.3,300,81500
20240123,13:01:41,11.25,100,81500
20240123,13:01:54,11.25,50,81500
20240123,13:02:14,11.65,100,81500
20240123,13:02:17,11.7,50,81500
20240123,13:02:35,11.65,50,81500
20240123,13:02:42,11.7,50,81500
20240123,13:03:15,11.25,4200,81550
20240123,13:03:50,11.35,100,81550
20240123,13:04:09,11.25,250,81550
20240123,13:04:15,11.35,450,81550
20240123,13:04:30,11.35,100,81550
20240123,13:04:43,11.25,200,81550
20240123,13:04:52,11.45,150,81550
20240123,13:05:11,11.4,300,81550
20240123,13:05:20,11.4,200,81550
20240123,13:05:54,11.4,200,81550
20240123,13:06:07,11.45,750,81550
20240123,13:06:18,11.4,350,81550
20240123,13:06:33,11.45,500,81550
20240123,13:07:12,11.7,100,81550
20240123,13:07:35,11.25,400,81550
20240123,13:07:45,11.2,200,81550
20240123,13:08:12,11.6,50,81550
20240123,13:08:32,11.4,150,81550
20240123,13:09:28,11.9,50,81400
20240123,13:11:00,12.1,1450,81400
20240123,13:11:13,12.0,2200,81400
20240123,13:11:23,12.05,150,81400
20240123,13:11:37,11.8,1050,81400
20240123,13:11:38,11.75,100,81400
20240123,13:11:50,11.7,50,81400
20240123,13:12:00,11.8,150,81400
20240123,13:12:19,11.55,400,81850
20240123,13:12:28,11.5,50,81850
20240123,13:12:43,11.25,600,81850
20240123,13:12:53,11.1,350,81850
20240123,13:13:06,10.9,50,81850
20240123,13:13:11,10.8,300,81850
20240123,13:13:25,11.05,400,81850
20240123,13:13:32,11.1,450,81850
20240123,13:13:44,11.15,50,81850
20240123,13:14:25,11.5,50,81850
20240123,13:14:37,11.5,50,81850
20240123,13:14:40,11.45,500,81850
20240123,13:16:07,11.35,200,81850
20240123,13:16:20,11.15,100,81850
20240123,13:16:31,11.05,2450,81850
20240123,13:16:37,11.15,100,81850
20240123,13:16:53,11.15,100,81850
20240123,13:17:26,11.4,100,81850
20240123,13:17:42,11.45,150,81850
20240123,13:18:04,10.75,200,81850
20240123,13:18:13,11.05,100,81750
20240123,13:18:26,11.25,250,81750
20240123,13:19:00,11.2,300,81750
20240123,13:19:14,11.05,50,81750
20240123,13:19:26,11.05,350,81750
20240123,13:19:37,10.9,250,81750
20240123,13:19:53,10.9,500,81750
20240123,13:20:05,10.65,250,81750
20240123,13:20:19,10.7,250,81750
20240123,13:20:28,10.85,600,81750
20240123,13:20:58,10.95,100,81750
20240123,13:21:07,10.95,100,81900
20240123,13:21:17,11.15,350,81900
20240123,13:21:47,11.3,1100,81900
20240123,13:22:11,11.45,750,81900
20240123,13:22:34,11.55,100,81900
20240123,13:22:51,11.3,1100,81900
20240123,13:23:34,11.4,50,81900
20240123,13:24:13,11.6,950,81900
20240123,13:24:29,11.7,550,81900
20240123,13:24:34,11.6,150,81900
20240123,13:24:53,11.55,250,81900
20240123,13:25:03,11.7,150,81900
20240123,13:25:28,11.9,550,81900
20240123,13:26:09,11.55,100,81900
20240123,13:26:22,11.65,500,81900
20240123,13:26:36,12.15,2950,81900
20240123,13:26:53,12.4,1700,81900
20240123,13:27:10,12.15,150,82350
20240123,13:27:21,12.15,100,82350
20240123,13:27:37,12.25,1400,82350
20240123,13:27:49,11.95,1000,82350
20240123,13:27:57,11.95,200,82350
20240123,13:28:05,11.85,350,82350
20240123,13:28:13,12.15,50,82350
20240123,13:28:28,11.8,500,82350
20240123,13:28:45,11.75,300,82350
20240123,13:28:56,11.7,1150,82350
20240123,13:29:05,11.6,150,82350
20240123,13:29:09,11.7,50,82350
20240123,13:29:34,11.75,300,82350
20240123,13:29:54,11.8,2850,82350
20240123,13:30:01,11.7,200,82350
20240123,13:30:13,11.85,50,84100
20240123,13:30:34,11.75,100,84100
20240123,13:31:06,11.45,3650,84100
20240123,13:31:23,11.45,300,84100
20240123,13:31:27,11.45,1000,84100
20240123,13:32:00,11.65,500,84100
20240123,13:32:09,11.7,50,84100
20240123,13:32:53,12.1,1900,84100
20240123,13:32:58,11.9,50,84100
20240123,13:33:25,12.15,200,85550
20240123,13:33:27,12.0,50,85550
20240123,13:33:46,12.15,200,85550
20240123,13:33:57,12.05,50,85550
20240123,13:34:09,12.0,50,85550
20240123,13:34:31,12.15,900,85550
20240123,13:35:40,11.95,50,85550
20240123,13:36:58,11.7,300,85550
20240123,13:37:32,12.05,50,85550
20240123,13:38:18,12.1,50,85550
20240123,13:39:58,12.0,50,85850
20240123,13:41:27,12.0,200,85850
20240123,13:41:28,11.95,200,85850
20240123,13:41:59,11.8,150,85850
20240123,13:42:22,11.75,1850,85900
20240123,13:42:51,11.8,550,85900
20240123,13:42:58,11.95,200,85900
20240123,13:43:08,11.95,150,85900
20240123,13:43:37,11.95,200,85900
20240123,13:43:51,11.95,450,85900
20240123,13:44:00,11.95,50,85900
20240123,13:44:58,11.75,50,85900
20240123,13:45:14,11.7,50,88300
20240123,13:45:27,11.9,50,88300
20240123,13:46:02,11.7,100,88300
20240123,13:46:13,11.6,50,88300
20240123,13:46:24,11.5,100,88300
20240123,13:46:47,11.5,200,88300
20240123,13:46:55,11.25,600,88300
20240123,13:47:20,11.0,250,88300
20240123,13:47:38,10.95,50,88300
20240123,13:48:05,11.15,100,88300
20240123,13:48:21,11.0,50,88350
20240123,13:48:42,10.95,1200,88350
20240123,13:49:08,10.95,300,88350
20240123,13:49:29,10.8,900,88350
20240123,13:49:49,10.75,50,88350
20240123,13:50:09,10.65,200,88350
20240123,13:50:20,10.7,1800,88350
20240123,13:50:33,10.9,1800,88350
20240123,13:50:39,11.1,500,88350
20240123,13:50:55,11.25,50,88350
20240123,13:51:13,11.65,1000,92350
20240123,13:51:21,11.85,300,92350
20240123,13:51:38,11.5,2200,92350
20240123,13:51:48,11.55,100,92350
20240123,13:52:26,11.75,100,92350
20240123,13:52:53,11.35,850,92350
20240123,13:53:04,11.5,250,92350
20240123,13:53:18,11.4,50,92350
20240123,13:53:40,11.1,50,92350
20240123,13:53:53,11.2,50,92350
20240123,13:54:27,11.6,100,92550
20240123,13:54:49,11.4,750,92550
20240123,13:54:58,11.4,100,92550
20240123,13:55:16,11.6,50,92550
20240123,13:55:23,11.65,50,92550
20240123,13:55:36,11.55,550,92550
20240123,13:55:41,11.65,50,92550
20240123,13:56:10,11.8,150,92550
20240123,13:56:21,11.85,200,92550
20240123,13:56:36,12.0,100,92550
20240123,13:56:44,12.05,50,92550
20240123,13:56:57,11.9,700,92550
20240123,13:57:05,11.95,2000,92550
20240123,13:57:16,11.95,50,92650
20240123,13:57:26,11.85,50,92650
20240123,13:57:36,11.9,1000,92650
20240123,13:57:51,11.9,50,92650
20240123,13:58:02,12.0,800,92650
20240123,13:58:04,12.0,700,92650
20240123,13:58:21,11.95,1100,92650
20240123,13:58:28,12.1,50,92650
20240123,13:58:57,11.85,1100,92650
20240123,13:59:06,12.15,1150,92650
20240123,13:59:09,12.05,200,92650
20240123,13:59:28,11.95,150,92650
20240123,13:59:38,11.75,200,92650
20240123,13:59:46,11.85,400,92650
20240123,14:00:32,11.9,900,94400
20240123,14:00:39,12.15,50,94400
20240123,14:01:30,12.0,400,94400
20240123,14:01:50,12.0,150,94400
20240123,14:02:05,11.75,50,94400
20240123,14:02:21,11.7,200,94400
20240123,14:02:53,11.65,200,94400
20240123,14:03:02,11.45,100,94400
20240123,14:03:43,11.45,50,94450
20240123,14:04:36,11.35,50,94450
20240123,14:05:01,11.25,800,94450
20240123,14:05:04,11.35,500,94450
20240123,14:05:17,11.15,100,94450
20240123,14:05:49,10.75,350,94450
20240123,14:06:03,10.85,750,94450
20240123,14:06:09,10.7,1100,94450
20240123,14:06:21,10.75,200,95600
20240123,14:06:26,10.7,150,95600
20240123,14:06:58,10.85,50,95600
20240123,14:07:15,11.0,100,95600
20240123,14:07:27,11.25,1350,95600
20240123,14:07:42,11.3,150,95600
20240123,14:07:56,11.4,150,95600
20240123,14:09:27,11.45,150,95800
20240123,14:09:47,11.45,50,95800
20240123,14:10:02,11.5,50,95800
20240123,14:10:20,11.7,300,95800
20240123,14:10:47,11.65,50,95800
20240123,14:11:19,11.4,50,95800
20240123,14:11:27,11.3,50,95800
20240123,14:11:46,11.25,600,95800
20240123,14:12:13,11.4,50,95800
20240123,14:12:54,11.85,850,96100
20240123,14:13:30,11.75,50,96100
20240123,14:13:37,11.65,200,96100
20240123,14:13:57,11.55,250,96100
20240123,14:14:05,11.85,50,96100
20240123,14:14:18,11.85,2050,96100
20240123,14:14:22,11.9,750,96100
20240123,14:14:35,11.95,250,96100
20240123,14:14:42,11.85,200,96100
20240123,14:14:52,11.95,1100,96100
20240123,14:15:09,12.0,1350,96100
20240123,14:15:23,11.95,1500,99100
20240123,14:15:30,12.1,100,99100
20240123,14:15:53,11.85,350,99100
20240123,14:16:34,12.15,200,99100
20240123,14:16:55,11.9,100,99100
20240123,14:17:01,11.8,200,99100
20240123,14:17:51,12.0,1300,99100
20240123,14:18:01,12.05,50,99100
20240123,14:18:26,12.1,400,99200
20240123,14:18:36,12.3,1800,99200
20240123,14:18:50,12.2,100,99200
20240123,14:18:58,12.25,1850,99200
20240123,14:19:08,12.15,150,99200
20240123,14:19:39,12.3,250,99200
20240123,14:20:15,12.3,50,99200
20240123,14:20:26,12.2,50,99200
20240123,14:20:40,12.5,50,99200
20240123,14:20:47,12.25,500,99200
20240123,14:21:14,12.9,100,99200
20240123,14:21:22,12.95,50,99550
20240123,14:21:41,12.85,150,99550
20240123,14:21:49,13.3,50,99550
20240123,14:22:05,13.3,150,99550
20240123,14:22:15,13.25,350,99550
20240123,14:22:22,13.35,150,99550
20240123,14:22:38,13.5,1800,99550
20240123,14:23:09,13.6,250,99550
20240123,14:23:21,13.2,2150,99550
20240123,14:23:37,13.25,1350,99550
20240123,14:23:49,13.3,100,99550
20240123,14:24:06,13.3,100,99550
20240123,14:24:27,13.7,50,100750
20240123,14:24:52,13.9,150,100750
20240123,14:25:05,14.2,950,100750
20240123,14:25:09,14.35,50,100750
20240123,14:25:28,14.65,600,100750
20240123,14:25:45,14.8,150,100750
20240123,14:25:53,14.65,100,100750
20240123,14:26:12,14.7,50,100750
20240123,14:26:19,14.65,150,100750
20240123,14:26:28,14.8,500,100750
20240123,14:26:49,15.45,200,100750
20240123,14:27:01,16.05,1900,100750
20240123,14:27:16,15.9,2300,100750
20240123,14:27:29,15.95,600,99250
20240123,14:27:51,15.65,450,99250
20240123,14:28:01,15.9,150,99250
20240123,14:28:15,16.15,2300,99250
20240123,14:28:27,15.8,8950,99250
20240123,14:28:39,15.7,2400,99250
20240123,14:28:51,15.45,1250,99250
20240123,14:29:03,15.7,450,99250
20240123,14:29:13,15.55,150,99250
20240123,14:29:25,15.8,350,99250
20240123,14:29:34,15.85,2550,99250
20240123,14:29:46,15.9,1850,99250
20240123,14:29:58,15.75,2950,99250
20240123,14:30:12,15.85,1950,99250
20240123,14:30:23,16.05,2150,102950
20240123,14:30:36,15.7,3950,102950
20240123,14:30:49,14.55,700,102950
20240123,14:31:02,14.95,1550,102950
20240123,14:31:08,14.7,950,102950
20240123,14:31:22,14.35,200,102950
20240123,14:31:39,14.15,300,102950
20240123,14:31:48,13.5,400,102950
20240123,14:32:03,13.55,750,102950
20240123,14:32:15,14.0,600,102950
20240123,14:32:24,14.2,1700,102950
20240123,14:32:42,14.05,250,102950
20240123,14:32:47,14.0,400,102950
20240123,14:33:01,14.0,1550,102950
20240123,14:33:15,14.25,2050,102950
20240123,14:33:23,14.1,850,102400
20240123,14:33:33,14.1,450,102400
20240123,14:33:50,14.4,1500,102400
20240123,14:33:59,14.3,200,102400
20240123,14:34:15,14.4,600,102400
20240123,14:34:20,14.65,200,102400
20240123,14:34:38,15.2,2350,102400
20240123,14:34:49,14.8,300,102400
20240123,14:35:03,15.2,250,102400
20240123,14:35:11,15.25,400,102400
20240123,14:35:40,15.5,950,102400
20240123,14:35:43,15.6,50,102400
20240123,14:36:06,15.5,200,102400
20240123,14:36:48,15.55,50,101800
20240123,14:37:04,15.5,150,101800
20240123,14:37:10,15.5,50,101800
20240123,14:37:50,15.75,600,101800
20240123,14:37:56,15.6,400,101800
20240123,14:38:13,15.65,150,101800
20240123,14:38:26,15.85,3350,101800
20240123,14:38:43,16.1,1950,101800
20240123,14:38:52,16.1,50,101800
20240123,14:39:10,16.45,2700,101800
20240123,14:39:15,16.65,200,101800
20240123,14:39:36,16.55,1150,104800
20240123,14:39:44,16.65,150,104800
20240123,14:39:57,16.6,200,104800
20240123,14:40:08,16.85,300,104800
20240123,14:40:25,16.3,400,104800
20240123,14:40:35,15.95,50,104800
20240123,14:40:50,16.2,1550,104800
20240123,14:40:59,16.05,50,104800
20240123,14:41:12,16.1,50,104800
20240123,14:41:23,15.95,450,104800
20240123,14:41:45,15.65,2300,104800
20240123,14:42:02,15.95,50,104800
20240123,14:42:35,16.1,500,102150
20240123,14:42:47,16.1,50,102150
20240123,14:43:05,16.5,650,102150
20240123,14:43:16,16.55,50,102150
20240123,14:43:27,16.65,50,102150
20240123,14:43:47,16.5,100,102150
20240123,14:44:07,16.8,700,102150
20240123,14:44:14,16.7,550,102150
20240123,14:44:30,17.0,1400,102150
20240123,14:44:52,17.05,950,102150
20240123,14:45:30,16.5,50,101150
20240123,14:45:56,16.6,550,101150
20240123,14:46:09,16.8,700,101150
20240123,14:46:21,16.75,100,101150
20240123,14:46:44,16.25,1050,101150
20240123,14:46:49,16.3,200,101150
20240123,14:47:10,16.5,50,101150
20240123,14:47:18,16.3,850,101150
20240123,14:47:39,16.5,50,101150
20240123,14:47:54,16.45,3600,101150
20240123,14:48:19,16.3,350,101150
20240123,14:48:33,15.8,1450,105550
20240123,14:48:45,15.7,850,105550
20240123,14:48:57,14.95,250,105550
20240123,14:49:08,14.9,350,105550
20240123,14:49:19,14.9,350,105550
20240123,14:49:44,15.35,150,105550
20240123,14:50:04,14.9,50,105550
20240123,14:50:18,14.45,100,105550
20240123,14:50:28,14.6,300,105550
20240123,14:50:36,14.55,100,105550
20240123,14:50:56,13.8,200,105550
20240123,14:50:58,13.95,50,105550
20240123,14:51:45,13.75,200,105800
20240123,14:51:49,13.8,50,105800
20240123,14:52:04,13.75,700,105800
20240123,14:52:17,13.65,500,105800
20240123,14:52:29,13.7,750,105800
20240123,14:52:37,13.6,100,105800
20240123,14:52:44,13.75,400,105800
20240123,14:53:00,14.1,50,105800
20240123,14:53:15,14.45,150,105800
20240123,14:53:27,14.8,1250,105800
20240123,14:53:36,14.65,400,105800
20240123,14:53:44,14.7,850,105800
20240123,14:54:05,15.05,100,105800
20240123,14:54:27,15.4,950,105850
20240123,14:54:31,15.4,950,105850
20240123,14:55:07,15.4,150,105850
20240123,14:55:31,15.4,250,105850
20240123,14:55:43,15.45,150,105850
20240123,14:56:11,15.65,150,105850
20240123,14:56:19,15.85,50,105850
20240123,14:56:34,15.5,1800,105850
20240123,14:56:37,15.5,150,105850
20240123,14:56:53,15.55,1150,105850
20240123,14:57:07,15.7,8300,105850
20240123,14:57:09,15.5,50,105850
20240123,14:57:32,15.6,50,115150
20240123,14:57:39,15.7,250,115150
20240123,14:57:57,15.75,100,115150
20240123,14:58:10,15.5,650,115150
20240123,14:58:32,16.05,150,115150
20240123,14:58:38,16.0,1000,115150
20240123,14:58:59,16.4,50,115150
20240123,14:59:21,16.4,550,115150
20240123,14:59:22,16.4,50,115150
20240123,14:59:26,16.35,200,115150
20240123,14:59:42,16.0,100,115150
20240123,14:59:55,15.85,50,115150
20240123,15:00:24,15.95,250,115250
20240123,15:00:36,16.1,1400,115250
20240123,15:00:48,15.9,100,115250
20240123,15:01:01,15.7,300,115250
20240123,15:01:11,14.85,500,115250
20240123,15:01:28,15.3,50,115250
20240123,15:01:37,15.2,50,115250
20240123,15:01:44,15.3,800,115250
20240123,15:02:05,15.95,900,115250
20240123,15:02:18,16.15,700,115250
20240123,15:02:31,16.35,2100,115250
20240123,15:02:41,15.75,1550,115250
20240123,15:02:52,16.1,5750,115250
20240123,15:03:22,16.05,1350,115250
20240123,15:03:33,15.75,550,118600
20240123,15:03:46,16.15,800,118600
20240123,15:03:53,16.2,1000,118600
20240123,15:04:10,16.3,700,118600
20240123,15:04:21,16.1,300,118600
20240123,15:04:27,16.0,500,118600
20240123,15:04:46,16.05,4700,118600
20240123,15:04:57,16.2,150,118600
20240123,15:05:01,16.35,50,118600
20240123,15:05:04,16.2,50,118600
20240123,15:05:05,16.25,50,118600
20240123,15:05:07,16.25,50,118600
20240123,15:05:09,16.35,450,118600
20240123,15:05:12,16.25,750,118600
20240123,15:05:18,16.2,50,118600
20240123,15:05:22,16.05,200,118600
20240123,15:05:24,16.1,50,118600
20240123,15:05:26,16.25,450,118600
20240123,15:05:28,16.25,350,118600
20240123,15:05:28,16.3,50,118600
20240123,15:05:30,16.45,100,118600
20240123,15:05:35,16.4,100,118600
20240123,15:05:37,16.4,300,118600
20240123,15:05:40,16.4,200,118600
20240123,15:05:51,16.35,200,118600
20240123,15:06:17,15.9,800,118600
20240123,15:06:20,16.05,50,118600
20240123,15:06:22,16.0,200,123950
20240123,15:06:25,15.95,50,123950
20240123,15:06:29,15.95,50,123950
20240123,15:06:31,16.0,350,123950
20240123,15:06:32,16.0,400,123950
20240123,15:06:44,16.15,800,123950
20240123,15:07:04,16.05,1100,123950
20240123,15:07:05,16.0,100,123950
20240123,15:07:11,15.85,50,123950
20240123,15:07:14,15.9,50,123950
20240123,15:07:17,16.1,100,123950
20240123,15:07:31,15.7,50,123950
20240123,15:07:39,15.55,50,123950
20240123,15:07:41,15.55,450,123950
20240123,15:07:43,15.4,350,123950
20240123,15:07:46,15.2,150,123950
20240123,15:07:49,15.05,100,123950
20240123,15:07:52,15.1,50,123950
20240123,15:07:54,15.05,500,123950
20240123,15:07:56,15.0,50,123950
20240123,15:08:00,15.1,600,123950
20240123,15:08:22,15.1,150,123950
20240123,15:08:32,14.7,150,123950
20240123,15:08:42,14.65,700,123950
20240123,15:08:53,14.4,800,123950
20240123,15:09:05,14.0,1150,123950
20240123,15:09:21,14.9,500,123950
20240123,15:09:35,14.8,250,123900
20240123,15:09:48,15.15,200,123900
20240123,15:10:03,14.75,50,123900
20240123,15:10:12,14.4,150,123900
20240123,15:10:34,14.4,200,123900
20240123,15:11:01,14.8,200,123900
20240123,15:11:12,14.75,1750,123900
20240123,15:11:27,15.25,50,123900
20240123,15:11:45,15.15,100,123900
20240123,15:11:52,15.25,100,123900
20240123,15:12:09,15.15,150,123900
20240123,15:12:11,15.15,100,123900
20240123,15:12:23,15.35,50,123900
20240123,15:12:40,15.3,200,123950
20240123,15:12:48,15.4,100,123950
20240123,15:13:05,15.3,650,123950
20240123,15:13:14,15.2,150,123950
20240123,15:13:26,15.25,50,123950
20240123,15:13:39,15.25,100,123950
20240123,15:13:47,15.35,50,123950
20240123,15:13:57,15.1,100,123950
20240123,15:14:14,15.05,50,123950
20240123,15:14:24,15.05,250,123950
20240123,15:14:29,15.0,50,123950
20240123,15:14:42,15.05,150,123950
20240123,15:15:20,15.45,1750,123950
20240123,15:15:50,15.35,50,124000
20240123,15:16:15,15.15,1400,124000
20240123,15:16:30,14.9,250,124000
20240123,15:17:00,15.0,700,124000
