date,time,tick_price,volume,open_interest
20240123,11:55:35,120.0,500,500
20240123,11:58:06,142.5,250,500
20240123,12:01:00,150.0,250,750
20240129,09:20:33,108.85,1,1000
20240129,09:20:33,108.85,100,1000
20240129,09:21:22,114.35,50,1000
20240129,09:25:04,114.35,100,1000
20240129,09:26:13,94.35,50,1000
20240129,09:36:48,114.0,50,1100
20240129,09:37:11,116.4,50,1100
20240129,09:47:13,116.4,50,1100
20240129,10:42:11,97.05,50,1100
20240129,10:43:49,110.4,50,1100
20240129,11:06:54,97.0,50,1100
20240129,11:14:08,99.85,50,1100
20240129,11:28:18,99.85,50,1100
20240129,11:33:02,99.45,50,1100
20240129,11:33:32,97.8,50,1100
20240129,12:44:18,86.55,100,1100
20240129,12:44:41,86.55,50,1100
20240129,12:45:35,92.1,400,1100
20240129,13:26:44,96.5,50,1100
20240129,13:27:09,94.85,50,1400
20240129,13:49:53,91.0,50,1350
20240129,13:50:23,94.2,50,1350
20240129,13:51:18,92.85,50,1450
20240129,14:14:01,93.0,50,1400
20240129,14:34:27,97.45,50,1400
20240129,14:34:44,93.85,50,1400
20240129,15:15:11,91.8,50,1450
20240130,11:57:58,106.45,1,1450
20240130,11:57:58,106.45,50,1450
20240130,12:27:57,96.8,200,1450
20240130,12:28:40,92.55,150,1450
20240130,12:33:09,92.55,50,1600
20240130,12:48:42,98.15,50,1600
20240130,12:57:34,90.15,250,1650
20240130,12:59:16,90.15,100,1650
20240130,13:41:09,92.6,50,1750
20240130,14:06:14,96.2,150,1750
20240130,14:11:12,101.4,50,1900
20240130,14:11:32,96.4,50,1900
20240130,14:23:58,93.3,50,1900
20240202,09:16:04,29.05,1,1900
20240202,09:16:04,29.05,100,1900
20240202,09:17:43,29.05,100,1900
20240202,09:17:53,28.3,6250,1900
20240202,09:17:58,28.45,1400,1900
20240202,09:18:07,28.1,1400,1900
20240202,09:18:18,28.05,300,1900
20240202,09:18:30,27.55,50,1900
20240202,09:18:41,27.55,1100,1900
20240202,09:18:52,27.9,200,1900
20240202,09:19:14,28.1,550,1900
20240202,09:19:21,28.7,100,1900
20240202,09:19:24,28.6,100,1900
20240202,09:19:28,28.75,300,1900
20240202,09:19:36,29.15,300,1900
20240202,09:19:38,29.25,150,1900
20240202,09:19:39,29.25,100,1900
20240202,09:19:46,28.5,100,1900
20240202,09:20:24,28.2,100,12250
20240202,09:20:32,28.35,100,12250
20240202,09:21:05,28.15,50,12250
20240202,09:21:15,27.95,50,12250
20240202,09:21:22,28.15,50,12250
20240202,09:21:25,28.4,100,12250
20240202,09:21:27,28.1,100,12250
20240202,09:21:29,28.1,500,12250
20240202,09:21:30,27.95,500,12250
20240202,09:21:35,28.3,150,12250
20240202,09:21:40,28.4,50,12250
20240202,09:21:47,28.0,100,12250
20240202,09:21:57,27.3,50,12250
20240202,09:22:03,26.85,200,12250
20240202,09:22:05,26.45,250,12250
20240202,09:22:12,26.45,100,12250
20240202,09:22:28,26.25,50,12250
20240202,09:22:30,26.25,100,12250
20240202,09:22:32,26.05,50,12250
20240202,09:22:35,26.0,100,12250
20240202,09:22:37,25.95,50,12250
20240202,09:22:40,25.65,50,12250
20240202,09:22:42,25.3,100,12250
20240202,09:22:43,25.3,350,12250
20240202,09:22:47,25.25,50,12250
20240202,09:22:50,25.0,50,12250
20240202,09:22:51,24.8,300,12250
20240202,09:22:55,24.65,150,12250
20240202,09:24:42,24.55,100,12200
20240202,09:25:02,24.15,100,12200
20240202,09:25:16,24.15,650,12200
20240202,09:25:29,24.9,50,12200
20240202,09:26:57,25.7,150,11900
20240202,09:27:03,25.6,100,11900
20240202,09:28:56,25.05,50,11900
20240202,09:29:59,25.1,200,11800
20240202,09:30:09,25.2,50,11800
20240202,09:30:31,25.0,300,11800
20240202,09:30:42,25.3,50,11800
20240202,09:31:41,25.3,50,11800
20240202,09:33:06,25.1,100,12000
20240202,09:33:16,24.9,100,12000
20240202,09:34:30,24.55,400,12000
20240202,09:35:01,24.5,100,12000
20240202,09:35:42,24.45,650,12000
20240202,09:36:12,24.45,50,12000
20240202,09:36:22,24.45,50,12000
20240202,09:36:33,24.2,250,12000
20240202,09:37:04,24.5,50,12000
20240202,09:37:36,24.3,150,12000
20240202,09:38:07,24.0,400,12000
20240202,09:38:17,24.0,50,11850
20240202,09:39:27,23.85,150,11850
20240202,09:39:59,23.75,50,11850
20240202,09:40:49,23.15,50,11850
20240202,09:42:31,23.15,50,11850
20240202,09:46:56,23.55,50,11850
20240202,09:47:35,23.3,100,11850
20240202,09:48:15,23.45,50,11850
20240202,09:50:53,23.05,100,11900
20240202,09:51:59,22.75,150,11900
20240202,09:52:20,22.75,50,11900
20240202,09:52:48,22.5,450,11900
20240202,09:53:58,22.35,50,12500
20240202,09:54:07,22.35,50,12500
20240202,09:54:47,22.8,300,12500
20240202,09:55:27,23.0,400,12500
20240202,09:57:00,22.85,50,12500
20240202,09:58:56,23.05,5300,12500
20240202,09:59:06,23.05,1200,12500
20240202,09:59:55,23.05,800,7200
20240202,10:00:02,22.65,50,7200
20240202,10:00:40,22.45,150,7200
20240202,10:00:41,22.6,50,7200
20240202,10:00:51,22.6,50,7200
20240202,10:01:03,22.25,100,7200
20240202,10:01:45,21.7,50,7200
20240202,10:02:16,21.7,300,7200
20240202,10:02:27,21.85,450,7100
20240202,10:05:28,22.0,200,7000
20240202,10:06:00,21.85,50,7000
20240202,10:06:02,21.75,100,7000
20240202,10:06:32,21.9,50,7000
20240202,10:09:02,21.95,100,7200
20240202,10:09:59,21.75,100,7200
20240202,10:10:18,21.85,150,7200
20240202,10:13:47,22.45,450,7100
20240202,10:16:53,22.75,50,7200
20240202,10:21:13,23.3,50,7250
20240202,10:26:39,22.7,50,7300
20240202,10:26:56,22.45,50,7300
20240202,10:29:14,22.45,200,7300
20240202,10:34:17,22.9,50,7450
20240202,10:37:15,22.95,300,7500
20240202,10:37:21,23.0,1100,7500
20240202,10:41:55,23.55,50,8300
20240202,10:42:03,23.5,50,8300
20240202,10:42:11,23.4,50,8300
20240202,10:43:19,23.4,50,8300
20240202,10:44:04,22.8,50,8300
20240202,10:48:44,22.75,50,8400
20240202,10:50:58,23.0,200,8450
20240202,10:53:02,22.9,50,8450
20240202,10:53:11,22.85,50,8450
20240202,10:53:29,22.9,50,8750
20240202,10:54:02,22.55,50,8750
20240202,10:58:23,21.95,100,8850
20240202,10:58:29,21.95,100,8850
20240202,10:58:41,21.75,50,8850
20240202,11:03:42,21.85,500,8750
20240202,11:03:49,21.85,300,8750
20240202,11:05:11,21.9,50,8750
20240202,11:06:10,22.1,50,9250
20240202,11:07:01,22.15,50,9250
20240202,11:13:13,22.1,200,9300
20240202,11:13:38,21.8,150,9300
20240202,11:13:47,21.35,350,9300
20240202,11:13:57,21.2,150,9300
20240202,11:14:07,21.3,100,9300
20240202,11:14:28,21.45,250,9300
20240202,11:14:49,21.25,100,8650
20240202,11:15:10,21.5,200,8650
20240202,11:15:21,21.4,200,8650
20240202,11:15:42,21.6,50,8650
20240202,11:16:02,21.6,200,8650
20240202,11:16:23,21.85,50,8650
20240202,11:16:47,22.05,100,8650
20240202,11:16:58,22.05,50,8650
20240202,11:17:20,22.05,100,8650
20240202,11:17:42,21.95,50,8000
20240202,11:17:53,22.0,350,8000
20240202,11:19:13,21.85,100,8000
20240202,11:19:24,21.55,400,8000
20240202,11:20:09,21.5,600,8000
20240202,11:20:42,21.55,1000,8550
20240202,11:22:29,21.8,100,8550
20240202,11:22:51,22.05,50,8550
20240202,11:23:12,22.2,100,8550
20240202,11:23:34,22.05,50,8550
20240202,11:23:45,22.05,50,9550
20240202,11:26:35,22.1,250,9500
20240202,11:27:49,21.8,200,9500
20240202,11:27:59,21.65,50,9500
20240202,11:28:09,21.9,50,9500
20240202,11:30:07,21.7,50,9950
20240202,11:30:29,21.8,50,9950
20240202,11:30:40,21.7,300,9950
20240202,11:31:40,21.55,300,9950
20240202,11:31:52,21.7,50,9950
20240202,11:37:33,21.4,50,10000
20240202,11:38:46,21.4,250,10000
20240202,11:38:58,21.4,250,10000
20240202,11:39:23,21.25,50,10000
20240202,11:40:11,21.5,150,10000
20240202,11:40:24,21.55,100,10000
20240202,11:40:49,21.8,50,10000
20240202,11:41:26,21.6,350,10000
20240202,11:43:09,22.0,50,9550
20240202,11:43:32,21.9,100,9550
20240202,11:43:44,22.05,150,9550
20240202,11:43:55,22.0,100,9550
20240202,11:44:18,22.0,100,9550
20240202,11:44:30,22.15,200,9550
20240202,11:44:42,22.3,50,9850
20240202,11:45:05,22.35,250,9850
20240202,11:46:48,22.75,50,9850
20240202,11:47:56,22.5,50,10000
20240202,11:48:05,22.5,50,10000
20240202,11:48:22,22.55,50,10000
20240202,11:48:28,22.5,50,10000
20240202,11:48:30,22.7,50,10000
20240202,11:49:00,22.45,350,10000
20240202,11:49:01,22.4,400,10000
20240202,11:49:04,22.45,500,10000
20240202,11:49:06,22.4,200,10000
20240202,11:49:08,22.25,100,10000
20240202,11:49:11,22.35,150,10000
20240202,11:49:13,22.35,50,10000
20240202,11:49:14,22.35,150,10000
20240202,11:49:18,22.35,50,10000
20240202,11:49:21,22.45,100,10000
20240202,11:49:23,22.5,100,10000
20240202,11:49:36,22.6,700,10000
20240202,11:49:46,22.8,100,10000
20240202,11:49:54,22.75,50,10000
20240202,11:50:14,22.8,50,10000
20240202,11:50:25,22.55,100,10000
20240202,11:50:37,22.6,50,10000
20240202,11:51:33,22.2,100,12700
20240202,11:51:45,22.0,200,12700
20240202,11:52:30,22.1,400,12700
20240202,11:53:25,22.25,50,12700
20240202,11:54:08,22.05,50,13200
20240202,11:56:18,21.7,50,13200
20240202,11:56:51,21.65,100,13250
20240202,11:57:13,21.6,50,13250
20240202,11:57:57,21.35,50,13250
20240202,11:58:52,21.55,50,13250
20240202,11:59:03,21.65,50,13250
20240202,12:00:56,21.05,50,13250
20240202,12:01:25,21.0,50,13250
20240202,12:03:24,21.0,150,13200
20240202,12:05:59,21.15,50,13250
20240202,12:07:31,21.2,50,13250
20240202,12:08:43,21.65,50,13300
20240202,12:08:51,21.75,50,13300
20240202,12:09:30,21.75,50,13300
20240202,12:09:38,21.75,50,13300
20240202,12:09:46,21.8,50,13300
20240202,12:10:09,21.55,50,13300
20240202,12:10:31,21.6,250,13300
20240202,12:11:29,21.5,150,13300
20240202,12:14:10,22.1,50,13500
20240202,12:14:25,22.0,600,13500
20240202,12:14:32,21.95,100,13500
20240202,12:16:29,21.6,300,13000
20240202,12:20:21,22.25,50,13250
20240202,12:20:28,22.2,50,13250
20240202,12:20:56,22.2,50,13250
20240202,12:21:46,22.2,650,13250
20240202,12:22:21,22.05,100,13250
20240202,12:23:12,22.1,50,13250
20240202,12:23:19,22.1,50,13250
20240202,12:23:33,22.2,50,13250
20240202,12:24:39,22.25,100,13600
20240202,12:24:47,22.25,1250,13600
20240202,12:25:35,22.3,100,13600
20240202,12:26:13,22.2,50,13600
20240202,12:26:55,21.9,50,14700
20240202,12:27:11,21.95,250,14700
20240202,12:27:27,22.35,100,14700
20240202,12:27:35,22.1,200,14700
20240202,12:27:44,22.35,200,14700
20240202,12:27:52,22.05,200,14700
20240202,12:28:00,22.2,400,14700
20240202,12:28:31,22.5,300,14700
20240202,12:28:39,22.45,50,14700
20240202,12:28:47,22.55,150,14700
20240202,12:29:03,22.6,150,14700
20240202,12:29:21,23.5,50,14700
20240202,12:29:39,23.4,500,14700
20240202,12:29:55,22.9,350,14150
20240202,12:30:14,23.5,650,14150
20240202,12:30:24,23.95,1650,14150
20240202,12:30:34,24.4,200,14150
20240202,12:30:45,24.6,150,14150
20240202,12:30:54,24.6,600,14150
20240202,12:31:03,24.3,550,14150
20240202,12:31:12,24.8,150,14150
20240202,12:31:21,25.0,50,14150
20240202,12:31:30,25.35,400,14150
20240202,12:31:40,26.15,150,14150
20240202,12:31:50,26.1,550,14150
20240202,12:32:00,26.2,650,14150
20240202,12:32:11,25.35,800,14150
20240202,12:32:21,25.25,950,14150
20240202,12:32:30,25.05,1150,14150
20240202,12:32:40,25.4,900,14150
20240202,12:32:50,26.15,700,16100
20240202,12:32:58,26.25,100,16100
20240202,12:33:08,26.7,700,16100
20240202,12:33:18,26.25,550,16100
20240202,12:33:27,26.45,700,16100
20240202,12:33:36,26.25,300,16100
20240202,12:33:45,26.25,300,16100
20240202,12:33:55,25.45,1000,16100
20240202,12:34:02,24.85,350,16100
20240202,12:34:04,25.1,200,16100
20240202,12:34:11,25.2,200,16100
20240202,12:34:12,24.75,50,16100
20240202,12:34:14,24.55,100,16100
20240202,12:34:16,24.1,100,16100
20240202,12:34:17,24.05,150,16100
20240202,12:34:19,24.35,100,16100
20240202,12:34:24,24.25,200,16100
20240202,12:34:31,23.6,100,16100
20240202,12:34:32,23.9,50,16100
20240202,12:34:36,24.1,50,16100
20240202,12:34:37,24.2,100,16100
20240202,12:34:41,23.95,50,16100
20240202,12:34:46,23.45,50,16100
20240202,12:34:47,23.15,50,16100
20240202,12:34:49,23.2,150,16100
20240202,12:34:52,23.4,50,16100
20240202,12:34:56,23.45,100,16100
20240202,12:34:59,23.95,150,16100
20240202,12:35:04,24.25,50,16100
20240202,12:35:05,24.25,300,16100
20240202,12:35:07,24.2,50,16100
20240202,12:35:09,24.6,150,16100
20240202,12:35:10,24.7,150,16100
20240202,12:35:14,24.85,200,16100
20240202,12:35:20,25.65,350,16100
20240202,12:35:24,25.95,100,16100
20240202,12:35:25,25.95,50,16100
20240202,12:35:27,26.15,200,16100
20240202,12:35:30,26.0,150,16100
20240202,12:35:34,25.95,50,16100
20240202,12:35:35,25.85,150,16100
20240202,12:35:37,26.05,200,16100
20240202,12:35:40,26.55,150,15600
20240202,12:35:42,26.55,50,15600
20240202,12:35:44,26.8,150,15600
20240202,12:35:45,26.75,100,15600
20240202,12:35:47,26.9,50,15600
20240202,12:35:50,27.25,50,15600
20240202,12:35:52,27.05,500,15600
20240202,12:35:55,27.05,50,15600
20240202,12:35:57,27.2,100,15600
20240202,12:35:58,27.15,50,15600
20240202,12:36:00,27.2,100,15600
20240202,12:36:03,28.1,100,15600
20240202,12:36:05,28.0,450,15600
20240202,12:36:07,27.9,50,15600
20240202,12:36:08,28.0,450,15600
20240202,12:36:10,28.05,50,15600
20240202,12:36:12,28.25,50,15600
20240202,12:36:13,28.25,150,15600
20240202,12:36:15,28.25,100,15600
20240202,12:36:17,28.35,100,15600
20240202,12:36:18,28.5,50,15600
20240202,12:36:22,28.8,50,15600
20240202,12:36:23,29.1,250,15600
20240202,12:36:27,29.25,50,15600
20240202,12:36:28,29.05,50,15600
20240202,12:36:33,28.4,150,15600
20240202,12:36:38,28.6,100,15600
20240202,12:36:40,28.45,50,15600
20240202,12:36:43,28.3,150,15600
20240202,12:36:45,27.9,300,15600
20240202,12:36:47,27.85,150,15600
20240202,12:36:48,27.95,550,15600
20240202,12:36:53,27.2,50,15600
20240202,12:36:55,26.8,250,15600
20240202,12:37:06,26.95,50,15600
20240202,12:37:13,27.3,250,15600
20240202,12:37:16,26.95,50,15600
20240202,12:37:20,27.35,200,15600
20240202,12:37:25,27.25,100,15600
20240202,12:37:26,27.2,100,15600
20240202,12:37:31,26.75,50,15600
20240202,12:37:33,26.35,200,15600
20240202,12:37:36,26.6,50,15600
20240202,12:37:38,26.75,50,15600
20240202,12:37:40,26.8,100,15600
20240202,12:37:48,26.4,100,15600
20240202,12:37:53,26.55,200,15600
20240202,12:37:56,26.5,300,15600
20240202,12:38:01,26.05,50,15600
20240202,12:38:03,25.65,100,15600
20240202,12:38:07,26.1,50,15600
20240202,12:38:08,25.95,100,15600
20240202,12:38:12,25.55,250,15600
20240202,12:38:13,25.05,200,15600
20240202,12:38:15,24.85,50,15600
20240202,12:38:17,24.9,50,15600
20240202,12:38:18,24.95,50,15600
20240202,12:38:22,25.0,50,15600
20240202,12:38:25,25.3,50,15600
20240202,12:38:27,25.5,50,15600
20240202,12:38:30,25.3,50,15600
20240202,12:38:40,24.95,100,15100
20240202,12:38:42,25.3,50,15100
20240202,12:38:45,25.5,250,15100
20240202,12:38:47,25.65,50,15100
20240202,12:38:55,25.7,100,15100
20240202,12:39:00,25.55,50,15100
20240202,12:39:11,25.15,100,15100
20240202,12:39:13,25.45,50,15100
20240202,12:39:15,25.8,150,15100
20240202,12:39:31,26.3,50,15100
20240202,12:39:40,25.95,100,15100
20240202,12:39:46,25.8,150,15100
20240202,12:39:53,25.65,50,15100
20240202,12:39:55,25.55,200,15100
20240202,12:40:01,25.05,50,15100
20240202,12:40:03,25.0,100,15100
20240202,12:40:05,25.3,100,15100
20240202,12:40:08,25.45,250,15100
20240202,12:40:10,24.85,50,15100
20240202,12:40:12,24.7,150,15100
20240202,12:40:13,24.5,50,15100
20240202,12:40:15,24.45,50,15100
20240202,12:40:17,24.15,200,15100
20240202,12:40:20,24.3,1150,15100
20240202,12:40:22,24.8,50,15100
20240202,12:40:23,24.6,900,15100
20240202,12:40:28,24.55,100,15100
20240202,12:40:32,24.5,350,15100
20240202,12:40:33,24.7,600,15100
20240202,12:40:35,24.75,500,15100
20240202,12:40:40,24.55,400,15100
20240202,12:40:50,24.0,400,15100
20240202,12:40:57,24.35,100,15100
20240202,12:41:00,24.45,150,15100
20240202,12:41:02,24.95,100,15100
20240202,12:41:04,24.85,450,15100
20240202,12:41:07,24.95,300,15100
20240202,12:41:09,25.1,50,15100
20240202,12:41:10,25.25,50,15100
20240202,12:41:12,25.3,150,15100
20240202,12:41:17,25.35,50,15100
20240202,12:41:19,25.4,100,15100
20240202,12:41:24,25.75,100,15100
20240202,12:41:25,25.9,350,15100
20240202,12:41:27,25.9,700,15100
20240202,12:41:30,25.85,100,15100
20240202,12:41:32,26.1,50,15100
20240202,12:41:35,25.85,50,15100
20240202,12:41:37,25.6,50,15100
20240202,12:41:39,25.6,300,15100
20240202,12:41:44,25.7,50,15300
20240202,12:41:45,25.65,400,15300
20240202,12:41:47,25.75,50,15300
20240202,12:41:50,25.55,200,15300
20240202,12:41:54,25.5,900,15300
20240202,12:42:02,25.5,50,15300
20240202,12:42:04,25.5,50,15300
20240202,12:42:10,25.85,200,15300
20240202,12:42:12,26.05,200,15300
20240202,12:42:14,26.15,100,15300
20240202,12:42:15,26.05,300,15300
20240202,12:42:17,26.25,550,15300
20240202,12:42:20,26.5,800,15300
20240202,12:42:22,26.35,150,15300
20240202,12:42:25,26.3,100,15300
20240202,12:42:27,26.25,100,15300
20240202,12:42:28,26.2,450,15300
20240202,12:42:30,26.05,150,15300
20240202,12:42:38,25.7,200,15300
20240202,12:42:42,25.95,100,15300
20240202,12:42:53,26.0,500,15300
20240202,12:43:07,25.55,150,15300
20240202,12:43:09,25.6,100,15300
20240202,12:43:10,25.75,50,15300
20240202,12:43:14,25.85,150,15300
20240202,12:43:15,25.9,50,15300
20240202,12:43:19,26.0,50,15300
20240202,12:43:20,25.85,300,15300
20240202,12:43:27,25.5,900,15300
20240202,12:43:30,25.45,400,15300
20240202,12:43:32,25.45,250,15300
20240202,12:43:37,25.7,250,15300
20240202,12:43:57,26.3,150,15300
20240202,12:44:10,25.85,50,15300
20240202,12:44:12,25.75,100,15300
20240202,12:44:20,26.0,150,15300
20240202,12:44:30,26.2,300,15300
20240202,12:44:38,25.65,150,15300
20240202,12:44:43,25.4,50,14400
20240202,12:44:48,25.45,100,14400
20240202,12:44:55,25.0,250,14400
20240202,12:45:15,25.45,200,14400
20240202,12:45:16,25.7,250,14400
20240202,12:45:20,26.1,50,14400
20240202,12:45:23,26.05,50,14400
20240202,12:45:28,25.9,900,14400
20240202,12:45:30,26.0,100,14400
20240202,12:45:41,26.1,300,14400
20240202,12:45:45,25.9,100,14400
20240202,12:46:01,26.0,300,14400
20240202,12:46:08,25.8,150,14400
20240202,12:46:15,25.7,600,14400
20240202,12:46:16,25.9,100,14400
20240202,12:46:24,26.15,50,14400
20240202,12:46:26,26.2,150,14400
20240202,12:46:28,26.2,50,14400
20240202,12:46:36,26.5,150,14400
20240202,12:47:13,27.45,100,14400
20240202,12:47:16,27.2,50,14400
20240202,12:47:18,27.15,150,14400
20240202,12:47:24,27.0,100,14400
20240202,12:47:35,26.55,350,14400
20240202,12:47:36,26.5,100,14400
20240202,12:47:53,27.35,50,13850
20240202,12:47:56,27.45,350,13850
20240202,12:47:59,27.5,300,13850
20240202,12:48:11,27.3,500,13850
20240202,12:48:13,27.4,400,13850
20240202,12:48:24,28.0,250,13850
20240202,12:48:36,28.0,600,13850
20240202,12:48:38,28.15,450,13850
20240202,12:48:39,28.05,50,13850
20240202,12:48:46,28.3,250,13850
20240202,12:48:49,28.3,250,13850
20240202,12:48:58,27.8,200,13850
20240202,12:49:04,27.55,100,13850
20240202,12:49:09,27.85,100,13850
20240202,12:49:11,28.05,150,13850
20240202,12:49:14,28.35,200,13850
20240202,12:49:16,28.55,100,13850
20240202,12:49:21,28.75,50,13850
20240202,12:49:34,28.1,50,13850
20240202,12:49:41,28.2,50,13850
20240202,12:49:48,28.5,50,13850
20240202,12:49:59,28.5,100,13850
20240202,12:50:01,28.25,50,13850
20240202,12:50:04,28.3,100,13850
20240202,12:50:19,29.2,200,13850
20240202,12:50:28,29.7,500,13850
20240202,12:50:31,29.75,100,13850
20240202,12:50:36,30.0,100,13850
20240202,12:50:38,29.55,100,13850
20240202,12:50:39,29.65,50,13850
20240202,12:50:56,28.9,100,12650
20240202,12:50:59,28.55,50,12650
20240202,12:51:01,28.55,100,12650
20240202,12:51:02,28.55,50,12650
20240202,12:51:14,28.15,150,12650
20240202,12:51:16,28.1,500,12650
20240202,12:51:17,27.95,100,12650
20240202,12:51:29,27.35,50,12650
20240202,12:51:34,27.3,150,12650
20240202,12:51:36,27.4,250,12650
20240202,12:51:44,27.2,450,12650
20240202,12:51:46,26.95,150,12650
20240202,12:51:47,27.0,200,12650
20240202,12:52:08,26.7,650,12650
20240202,12:52:20,26.75,150,12650
20240202,12:52:30,27.05,150,12650
20240202,12:52:44,27.35,250,12650
20240202,12:52:49,27.0,50,12650
20240202,12:52:58,27.0,300,12650
20240202,12:53:08,27.1,550,12650
20240202,12:53:18,26.55,100,12650
20240202,12:53:39,26.2,100,12650
20240202,12:53:41,26.4,100,12650
20240202,12:53:49,26.95,50,12900
20240202,12:54:01,26.6,650,12900
20240202,12:54:11,26.05,100,12900
20240202,12:54:20,26.45,200,12900
20240202,12:54:44,26.6,50,12900
20240202,12:54:48,26.55,50,12900
20240202,12:54:49,26.45,50,12900
20240202,12:54:51,26.4,50,12900
20240202,12:54:59,26.55,250,12900
20240202,12:55:19,26.4,100,12900
20240202,12:55:23,26.5,250,12900
20240202,12:55:28,26.4,100,12900
20240202,12:55:44,26.5,300,12900
20240202,12:56:36,26.0,500,12900
20240202,12:56:38,26.05,50,12900
20240202,12:57:07,26.55,50,12300
20240202,12:57:12,26.6,50,12300
20240202,12:57:42,26.7,150,12300
20240202,12:58:08,26.4,250,12300
20240202,12:58:22,26.8,50,12300
20240202,12:58:37,27.15,100,12300
20240202,12:58:40,27.05,50,12300
20240202,12:58:42,26.9,100,12300
20240202,12:59:05,27.15,150,12300
20240202,12:59:25,27.7,100,12300
20240202,12:59:28,27.65,50,12300
20240202,12:59:40,27.5,50,12300
20240202,12:59:47,27.65,150,12450
20240202,13:00:33,28.55,50,12450
20240202,13:00:53,28.1,250,12450
20240202,13:01:14,27.65,50,12450
20240202,13:01:27,27.25,50,12450
20240202,13:01:45,27.05,200,12450
20240202,13:01:59,26.75,50,12450
20240202,13:02:02,26.85,50,12450
20240202,13:03:06,25.7,100,12750
20240202,13:03:15,26.0,50,12750
20240202,13:03:24,26.1,400,12750
20240202,13:04:07,25.9,800,12750
20240202,13:04:34,26.25,50,12750
20240202,13:06:09,27.3,150,11450
20240202,13:06:14,27.3,400,11450
20240202,13:07:15,26.4,150,11450
20240202,13:07:48,26.35,50,11450
20240202,13:07:50,26.35,150,11450
20240202,13:08:20,26.95,50,11450
20240202,13:08:45,27.05,50,11750
20240202,13:09:22,28.2,350,11750
20240202,13:09:39,28.1,350,11750
20240202,13:10:22,27.5,50,11750
20240202,13:11:49,27.7,200,11750
20240202,13:12:10,28.55,50,11900
20240202,13:13:07,28.8,100,11900
20240202,13:13:20,29.0,250,11900
20240202,13:13:51,29.45,100,11900
20240202,13:13:58,30.05,200,11900
20240202,13:14:01,29.65,50,11900
20240202,13:14:12,30.3,1150,11900
20240202,13:14:30,30.05,50,11900
20240202,13:15:06,31.75,650,12200
20240202,13:15:23,32.95,400,12200
20240202,13:15:32,33.2,250,12200
20240202,13:15:41,33.75,50,12200
20240202,13:15:51,34.3,100,12200
20240202,13:16:01,34.55,100,12200
20240202,13:16:10,34.25,150,12200
20240202,13:16:19,33.05,100,12200
20240202,13:16:29,33.15,300,12200
20240202,13:16:38,32.8,100,12200
20240202,13:16:48,31.7,100,12200
20240202,13:16:57,31.75,50,12200
20240202,13:17:07,30.6,1200,12200
20240202,13:17:17,30.85,100,12200
20240202,13:18:13,31.7,400,12200
20240202,13:18:39,30.95,50,11800
20240202,13:18:48,30.6,400,11800
20240202,13:19:02,30.45,100,11800
20240202,13:19:13,30.05,100,11800
20240202,13:19:23,30.35,50,11800
20240202,13:19:24,30.65,250,11800
20240202,13:20:08,30.9,250,11800
20240202,13:20:16,31.3,50,11800
20240202,13:20:32,31.2,250,11800
20240202,13:20:49,31.7,800,11900
20240202,13:21:13,32.2,100,11900
20240202,13:21:21,31.7,850,11900
20240202,13:22:01,32.7,900,11900
20240202,13:22:09,32.8,600,11900
20240202,13:22:31,33.4,150,11900
20240202,13:22:46,33.2,200,11900
20240202,13:23:01,32.4,150,11900
20240202,13:23:25,32.4,50,11900
20240202,13:23:40,32.9,250,11900
20240202,13:24:04,33.2,50,12000
20240202,13:24:56,34.3,250,12000
20240202,13:25:05,34.65,200,12000
20240202,13:25:13,34.55,100,12000
20240202,13:25:28,34.95,50,12000
20240202,13:26:02,36.85,50,12000
20240202,13:26:12,36.85,50,12000
20240202,13:26:21,36.85,100,12000
20240202,13:26:29,35.3,50,12000
20240202,13:26:38,34.55,50,12000
20240202,13:26:54,34.15,50,11750
20240202,13:27:03,34.7,150,11750
20240202,13:27:18,35.45,400,11750
20240202,13:27:26,35.85,50,11750
20240202,13:27:34,35.55,50,11750
20240202,13:27:55,35.7,400,11750
20240202,13:28:05,34.85,250,11750
20240202,13:28:07,34.8,100,11750
20240202,13:28:09,34.75,200,11750
20240202,13:28:34,33.9,100,11750
20240202,13:28:40,33.4,400,11750
20240202,13:28:42,33.5,250,11750
20240202,13:28:49,33.4,50,11750
20240202,13:28:57,33.65,50,11750
20240202,13:29:23,32.7,100,11750
20240202,13:29:31,32.45,150,11750
20240202,13:29:40,33.2,50,11750
20240202,13:29:48,33.4,50,11750
20240202,13:30:04,33.15,50,12350
20240202,13:30:35,33.85,100,12350
20240202,13:30:43,33.45,400,12350
20240202,13:30:51,34.25,50,12350
20240202,13:31:22,34.5,100,12350
20240202,13:31:37,35.0,650,12350
20240202,13:32:01,36.0,50,12350
20240202,13:32:16,35.9,50,12350
20240202,13:32:39,35.9,350,12350
20240202,13:32:48,36.65,100,11700
20240202,13:33:04,36.35,150,11700
20240202,13:33:12,35.95,950,11700
20240202,13:33:20,35.75,50,11700
20240202,13:33:27,35.45,50,11700
20240202,13:33:35,35.25,50,11700
20240202,13:33:43,35.0,1000,11700
20240202,13:33:50,35.4,200,11700
20240202,13:33:58,35.0,50,11700
20240202,13:34:06,34.7,250,11700
20240202,13:34:30,34.7,100,11700
20240202,13:34:46,34.25,100,11700
20240202,13:35:02,34.35,100,11700
20240202,13:35:10,34.65,200,11700
20240202,13:35:17,34.75,50,11700
20240202,13:35:25,33.65,50,11700
20240202,13:35:42,33.55,50,11700
20240202,13:36:00,32.7,100,12500
20240202,13:36:04,32.8,250,12500
20240202,13:36:07,33.25,350,12500
20240202,13:36:09,33.25,400,12500
20240202,13:36:24,33.1,350,12500
20240202,13:36:47,32.9,100,12500
20240202,13:36:53,32.7,300,12500
20240202,13:37:00,32.8,50,12500
20240202,13:37:05,33.05,100,12500
20240202,13:37:10,33.2,50,12500
20240202,13:37:38,32.5,50,12500
20240202,13:38:10,30.95,50,12500
20240202,13:38:16,31.35,350,12500
20240202,13:38:53,30.8,50,12000
20240202,13:39:23,30.0,100,12000
20240202,13:39:26,29.55,50,12000
20240202,13:39:33,29.6,50,12000
20240202,13:39:54,29.2,50,12000
20240202,13:40:12,28.95,50,12000
20240202,13:40:19,29.5,100,12000
20240202,13:40:21,29.55,50,12000
20240202,13:40:22,29.55,100,12000
20240202,13:40:34,29.65,50,12000
20240202,13:41:23,31.1,350,12000
20240202,13:41:35,31.4,800,12000
20240202,13:41:55,31.2,50,10900
20240202,13:42:23,30.5,50,10900
20240202,13:42:43,31.15,50,10900
20240202,13:43:32,31.55,100,10900
20240202,13:44:25,31.2,500,10900
20240202,13:45:16,30.85,50,11550
20240202,13:45:51,30.75,50,11550
20240202,13:46:06,30.25,50,11550
20240202,13:47:01,29.45,50,11550
20240202,13:47:16,29.45,50,11550
20240202,13:49:06,30.0,50,11600
20240202,13:49:50,31.85,50,11600
20240202,13:50:28,31.35,50,11600
20240202,13:50:43,31.55,50,11600
20240202,13:54:08,29.55,50,11600
20240202,13:56:22,28.65,50,11600
20240202,13:59:41,28.6,200,11650
20240202,14:00:53,29.9,50,11800
20240202,14:03:47,28.9,50,11800
20240202,14:05:58,26.85,50,11750
20240202,14:06:06,27.05,100,11750
20240202,14:06:49,27.45,100,11750
20240202,14:07:02,27.1,150,11750
20240202,14:07:10,27.2,50,11750
20240202,14:07:17,26.55,100,11750
20240202,14:07:24,26.4,100,11750
20240202,14:07:32,26.6,100,11750
20240202,14:10:22,26.25,50,11550
20240202,14:11:20,26.85,50,11550
20240202,14:11:55,27.3,100,11450
20240202,14:12:18,27.75,150,11450
20240202,14:12:34,27.9,100,11450
20240202,14:12:41,28.1,50,11450
20240202,14:12:57,27.2,100,11450
20240202,14:13:05,28.0,200,11450
20240202,14:13:27,28.25,50,11450
20240202,14:14:41,27.25,100,11450
20240202,14:15:04,27.35,850,10900
20240202,14:15:19,27.55,250,10900
20240202,14:15:22,27.5,100,10900
20240202,14:15:24,27.4,50,10900
20240202,14:15:35,27.75,150,10900
20240202,14:15:37,27.65,100,10900
20240202,14:15:39,27.85,250,10900
20240202,14:15:40,27.85,50,10900
20240202,14:15:42,27.85,100,10900
20240202,14:15:49,27.65,50,10900
20240202,14:15:50,27.75,50,10900
20240202,14:15:53,27.95,200,10900
20240202,14:15:55,28.0,450,10900
20240202,14:15:57,27.85,50,10900
20240202,14:16:03,27.95,100,10900
20240202,14:16:10,28.2,50,10900
20240202,14:16:11,27.95,100,10900
20240202,14:16:15,28.2,50,10900
20240202,14:16:23,28.1,50,10900
20240202,14:18:01,26.9,50,11500
20240202,14:19:03,28.0,100,11500
20240202,14:19:41,28.6,50,11500
20240202,14:19:55,28.5,50,11500
20240202,14:21:35,27.55,50,11450
20240202,14:22:09,27.65,50,11450
20240202,14:22:59,28.25,50,11450
20240202,14:23:26,27.8,50,11450
20240202,14:23:47,28.25,50,11450
20240202,14:24:09,28.25,50,11400
20240202,14:24:17,28.5,50,11400
20240202,14:24:32,27.75,50,11400
20240202,14:24:59,27.15,50,11400
20240202,14:25:06,26.95,100,11400
20240202,14:25:20,26.85,50,11400
20240202,14:25:35,26.6,200,11400
20240202,14:25:51,26.15,100,11400
20240202,14:26:01,26.25,400,11400
20240202,14:26:32,26.6,50,11400
20240202,14:26:47,26.45,50,11400
20240202,14:26:54,26.7,100,11400
20240202,14:27:48,27.85,100,11700
20240202,14:28:09,27.45,50,11700
20240202,14:28:37,28.15,50,11700
20240202,14:28:44,28.15,200,11700
20240202,14:29:04,28.3,50,11700
20240202,14:29:18,28.1,150,11700
20240202,14:31:18,27.25,50,11500
20240202,14:31:44,27.35,50,11500
20240202,14:31:52,27.15,100,11500
20240202,14:31:59,27.1,100,11500
20240202,14:32:04,27.05,50,11500
20240202,14:32:32,27.8,50,11500
20240202,14:32:52,27.25,50,11500
20240202,14:33:11,27.15,50,11650
20240202,14:33:59,27.0,50,11650
20240202,14:34:05,27.15,100,11650
20240202,14:37:03,26.15,200,11600
20240202,14:37:16,25.85,50,11600
20240202,14:37:53,25.8,400,11600
20240202,14:38:00,25.35,100,11600
20240202,14:38:22,25.6,50,11600
20240202,14:39:23,25.85,50,11700
20240202,14:39:36,26.0,50,11700
20240202,14:40:38,26.15,50,11700
20240202,14:41:21,25.65,100,11700
20240202,14:43:20,24.85,150,11650
20240202,14:43:38,24.15,150,11650
20240202,14:44:55,23.6,50,11650
20240202,14:45:01,23.5,50,11850
20240202,14:45:38,23.3,150,11850
20240202,14:47:00,24.2,150,11850
20240202,14:47:13,24.1,100,11850
20240202,14:47:25,24.4,50,11850
20240202,14:47:50,24.45,850,11850
20240202,14:50:29,24.1,50,12350
20240202,14:50:36,24.25,50,12350
20240202,14:51:04,25.0,50,12350
20240202,14:51:11,25.35,50,12350
20240202,14:51:54,25.25,50,12350
20240202,14:52:54,26.0,750,12350
20240202,14:53:03,26.5,100,12350
20240202,14:53:44,27.15,250,12350
20240202,14:54:11,27.45,50,11850
20240202,14:55:06,27.5,50,11850
20240202,14:55:22,28.0,400,11850
20240202,14:55:39,28.9,50,11850
20240202,14:55:48,28.25,50,11850
20240202,14:56:05,28.45,50,11850
20240202,14:56:15,28.2,100,11850
20240202,14:56:43,29.25,100,11850
20240202,14:57:03,30.0,50,11850
20240202,14:57:12,30.5,100,11850
20240202,14:57:30,30.1,50,11850
20240202,14:58:17,31.2,50,11850
20240202,14:58:26,31.05,50,11850
20240202,14:58:36,30.5,50,11850
20240202,15:00:06,28.7,100,12050
20240202,15:01:35,27.5,50,12050
20240202,15:01:44,28.2,150,12050
20240202,15:01:54,28.3,150,12050
20240202,15:02:12,28.5,50,12050
20240202,15:02:21,29.3,50,12050
20240202,15:02:30,29.95,200,12050
20240202,15:02:50,30.1,100,12050
20240202,15:02:59,30.15,50,12050
20240202,15:03:35,30.65,100,11850
20240202,15:03:45,30.4,50,11850
20240202,15:03:54,29.8,50,11850
20240202,15:05:14,29.0,250,11850
20240202,15:05:23,28.8,50,11850
20240202,15:05:58,28.75,50,11850
20240202,15:06:16,28.3,50,12300
20240202,15:06:24,28.0,150,12300
20240202,15:07:18,26.8,100,12300
20240202,15:08:23,27.2,150,12300
20240202,15:08:33,27.45,150,12300
20240202,15:09:27,27.05,50,12300
20240202,15:10:29,27.55,50,12300
20240202,15:11:15,26.75,50,12300
20240202,15:12:07,26.75,150,12350
20240202,15:12:33,27.2,50,12350
20240202,15:12:41,27.25,50,12350
20240202,15:12:59,27.5,50,12350
20240202,15:13:08,27.75,50,12350
20240202,15:13:26,27.95,50,12350
20240202,15:13:35,28.6,50,12350
20240202,15:14:54,28.55,150,12350
20240202,15:15:13,29.2,100,12400
20240202,15:15:22,29.25,50,12400
20240202,15:17:10,28.85,50,12400
20240202,15:17:54,28.6,550,12400
20240202,15:18:21,28.9,200,12400
20240202,15:18:31,28.65,400,12400
20240202,15:18:48,29.0,100,12400
20240202,15:19:05,29.25,50,12400
20240202,15:19:40,29.25,100,12400
20240202,15:20:06,29.1,200,12400
20240202,15:21:05,29.2,50,12400
20240202,15:21:30,28.8,50,12400
20240202,15:24:39,29.55,200,12350
20240202,15:24:47,29.4,50,12350
20240202,15:24:56,29.25,900,12350
20240202,15:25:04,29.5,100,12350
20240202,15:25:38,29.65,600,12350
20240202,15:25:47,29.4,50,12350
20240202,15:26:12,29.75,50,12350
20240202,15:26:21,29.8,50,12350
20240202,15:26:29,29.8,100,12350
20240202,15:26:37,29.6,150,12350
20240202,15:27:10,28.75,300,13450
20240202,15:27:18,28.8,100,13450
20240202,15:27:26,28.3,350,13450
20240202,15:27:49,28.0,500,13450
20240202,15:28:28,27.8,100,13450
20240202,15:28:45,27.95,500,13450
20240202,15:29:34,28.2,50,13450
20240202,15:29:43,27.1,450,13450
20240205,09:15:20,31.0,1,12950
20240205,09:15:20,31.45,1,12950
20240205,09:15:20,31.15,250,12950
20240205,09:15:51,32.3,1150,12950
20240205,09:16:07,29.85,750,12950
20240205,09:16:18,29.45,200,15000
20240205,09:16:36,31.2,100,15000
20240205,09:16:44,31.1,200,15000
20240205,09:16:55,31.25,50,15000
20240205,09:17:04,31.15,350,15000
20240205,09:17:13,30.9,400,15000
20240205,09:17:21,31.35,650,15000
20240205,09:17:31,31.65,250,15000
20240205,09:17:40,32.15,50,15000
20240205,09:17:48,32.25,100,15000
20240205,09:17:56,32.9,100,15000
20240205,09:18:03,32.5,50,15000
20240205,09:18:05,32.65,50,15000
20240205,09:18:10,33.25,100,15000
20240205,09:18:20,33.25,50,15000
20240205,09:18:21,33.05,100,15000
20240205,09:18:23,33.25,50,15000
20240205,09:18:25,33.6,1000,15000
20240205,09:18:26,33.6,600,15000
20240205,09:18:30,33.35,200,15000
20240205,09:18:31,33.8,150,15000
20240205,09:18:36,33.8,100,15000
20240205,09:18:38,33.25,100,15000
20240205,09:18:45,33.45,100,15000
20240205,09:18:50,33.6,100,15000
20240205,09:18:55,34.15,50,15000
20240205,09:19:08,34.15,50,15000
20240205,09:19:13,33.95,150,16450
20240205,09:19:15,34.25,50,16450
20240205,09:19:21,34.75,1000,16450
20240205,09:19:25,34.75,150,16450
20240205,09:19:26,34.6,200,16450
20240205,09:19:30,34.65,50,16450
20240205,09:19:31,34.6,100,16450
20240205,09:19:38,35.0,300,16450
20240205,09:19:41,35.2,50,16450
20240205,09:19:46,35.3,50,16450
20240205,09:19:55,35.3,400,16450
20240205,09:19:56,34.55,100,16450
20240205,09:20:02,33.25,350,16450
20240205,09:20:06,33.3,250,16450
20240205,09:20:09,33.85,450,16450
20240205,09:20:21,33.9,50,16450
20240205,09:20:22,33.65,350,16450
20240205,09:20:27,33.0,50,16450
20240205,09:20:31,33.1,200,16450
20240205,09:20:32,32.95,50,16450
20240205,09:20:34,33.15,150,16450
20240205,09:20:36,32.95,50,16450
20240205,09:20:37,33.0,100,16450
20240205,09:20:39,33.15,100,16450
20240205,09:20:41,33.4,150,16450
20240205,09:20:42,33.1,200,16450
20240205,09:20:51,32.7,150,16450
20240205,09:20:54,32.6,100,16450
20240205,09:20:56,32.5,50,16450
20240205,09:20:57,32.9,150,16450
20240205,09:20:59,33.05,50,16450
20240205,09:21:01,32.9,50,16450
20240205,09:21:03,32.8,150,16450
20240205,09:21:09,32.05,50,16450
20240205,09:21:11,32.3,100,16450
20240205,09:21:16,32.2,50,16450
20240205,09:21:19,32.5,100,16450
20240205,09:21:24,32.45,100,16450
20240205,09:21:34,33.15,250,16450
20240205,09:21:37,33.35,50,16450
20240205,09:21:39,33.5,150,16450
20240205,09:21:41,33.5,300,16450
20240205,09:21:49,34.05,150,16450
20240205,09:21:52,34.35,50,16450
20240205,09:21:56,34.05,100,16450
20240205,09:21:57,33.85,150,16450
20240205,09:21:59,33.9,50,16450
20240205,09:22:02,33.65,100,16450
20240205,09:22:04,33.5,600,16450
20240205,09:22:06,33.45,100,16450
20240205,09:22:07,33.2,50,16450
20240205,09:22:11,33.55,100,16450
20240205,09:22:12,33.6,200,15100
20240205,09:22:14,33.9,150,15100
20240205,09:22:17,33.8,50,15100
20240205,09:22:19,34.0,50,15100
20240205,09:22:21,33.6,200,15100
20240205,09:22:22,33.35,50,15100
20240205,09:22:29,33.85,100,15100
20240205,09:22:37,33.85,100,15100
20240205,09:22:39,33.5,50,15100
20240205,09:22:44,33.25,150,15100
20240205,09:22:49,33.35,100,15100
20240205,09:22:55,33.55,150,15100
20240205,09:23:02,33.65,300,15100
20240205,09:23:06,33.35,100,15100
20240205,09:23:07,33.3,50,15100
20240205,09:23:11,33.4,50,15100
20240205,09:23:12,33.35,50,15100
20240205,09:23:17,33.05,100,15100
20240205,09:23:21,32.65,50,15100
20240205,09:23:24,32.65,50,15100
20240205,09:23:34,32.25,100,15100
20240205,09:23:44,31.9,900,15100
20240205,09:23:47,31.85,200,15100
20240205,09:23:54,31.7,50,15100
20240205,09:24:01,31.9,400,15100
20240205,09:24:12,31.95,350,15100
20240205,09:24:17,31.5,1000,15100
20240205,09:24:19,31.55,100,15100
20240205,09:24:29,31.7,50,15100
20240205,09:24:31,32.0,300,15100
20240205,09:24:36,32.0,50,15100
20240205,09:24:37,31.85,50,15100
20240205,09:24:57,30.6,200,15100
20240205,09:25:01,30.45,50,15100
20240205,09:25:04,30.4,50,15100
20240205,09:25:09,30.35,150,15100
20240205,09:25:11,30.45,50,15100
20240205,09:25:14,30.35,50,13700
20240205,09:25:17,30.25,450,13700
20240205,09:25:19,30.25,50,13700
20240205,09:25:21,30.25,100,13700
20240205,09:25:22,30.15,50,13700
20240205,09:25:39,30.35,100,13700
20240205,09:25:51,30.0,150,13700
20240205,09:25:56,29.35,50,13700
20240205,09:26:03,29.15,250,13700
20240205,09:26:04,29.0,450,13700
20240205,09:26:11,29.0,50,13700
20240205,09:26:13,28.95,50,13700
20240205,09:26:18,28.9,250,13700
20240205,09:26:28,28.15,150,13700
20240205,09:26:43,28.3,50,13700
20240205,09:26:46,28.2,300,13700
20240205,09:26:49,27.9,200,13700
20240205,09:26:53,27.9,100,13700
20240205,09:26:54,28.05,100,13700
20240205,09:26:56,27.75,100,13700
20240205,09:26:59,27.75,250,13700
20240205,09:27:01,28.15,100,13700
20240205,09:27:02,28.15,50,13700
20240205,09:27:12,28.55,50,13700
20240205,09:27:31,28.05,50,13700
20240205,09:27:34,28.1,200,13700
20240205,09:27:41,28.35,150,13700
20240205,09:27:54,28.6,150,13700
20240205,09:28:04,28.6,100,13700
20240205,09:28:11,28.65,100,13700
20240205,09:28:24,28.75,50,12700
20240205,09:28:26,28.9,50,12700
20240205,09:28:31,29.0,100,12700
20240205,09:29:09,29.5,150,12700
20240205,09:29:11,29.5,50,12700
20240205,09:29:14,29.25,50,12700
20240205,09:29:18,29.2,50,12700
20240205,09:29:28,29.1,500,12700
20240205,09:29:31,28.95,50,12700
20240205,09:29:59,28.7,250,12700
20240205,09:30:08,29.25,50,12700
20240205,09:30:11,29.25,50,12700
20240205,09:30:23,29.8,100,12700
20240205,09:30:28,30.2,350,12700
20240205,09:30:31,30.45,50,12700
20240205,09:30:34,30.6,150,12700
20240205,09:30:36,30.5,50,12700
20240205,09:30:41,30.55,150,12700
20240205,09:30:44,30.8,100,12700
20240205,09:31:04,30.75,50,12700
20240205,09:31:14,31.0,100,13000
20240205,09:31:16,30.8,200,13000
20240205,09:31:17,30.65,50,13000
20240205,09:31:21,30.3,850,13000
20240205,09:31:22,30.35,350,13000
20240205,09:31:24,30.35,50,13000
20240205,09:31:29,30.6,100,13000
20240205,09:31:32,30.5,50,13000
20240205,09:31:34,30.5,50,13000
20240205,09:31:42,30.6,100,13000
20240205,09:31:44,30.45,50,13000
20240205,09:32:02,29.6,50,13000
20240205,09:32:04,29.75,100,13000
20240205,09:32:11,30.25,50,13000
20240205,09:32:17,30.65,100,13000
20240205,09:32:39,30.85,50,13000
20240205,09:32:44,30.85,50,13000
20240205,09:32:54,30.85,100,13000
20240205,09:32:57,30.9,50,13000
20240205,09:33:04,31.05,50,13000
20240205,09:33:07,31.25,100,13000
20240205,09:33:24,31.15,50,13000
20240205,09:33:29,31.1,100,13000
20240205,09:33:46,30.45,50,13000
20240205,09:33:49,30.55,50,13000
20240205,09:33:51,30.7,50,13000
20240205,09:33:54,30.6,150,13000
20240205,09:34:26,30.65,100,13000
20240205,09:34:29,30.8,50,14100
20240205,09:35:19,31.75,150,14100
20240205,09:35:26,31.25,100,14100
20240205,09:35:34,31.05,50,14100
20240205,09:35:55,30.55,100,14100
20240205,09:36:03,30.7,100,14100
20240205,09:36:06,31.05,50,14100
20240205,09:36:08,31.0,50,14100
20240205,09:36:14,31.3,100,14100
20240205,09:36:16,31.55,50,14100
20240205,09:36:18,31.25,50,14100
20240205,09:36:19,31.55,100,14100
20240205,09:36:23,31.25,50,14100
20240205,09:36:24,31.0,50,14100
20240205,09:36:33,31.0,50,14100
20240205,09:36:48,30.75,50,14100
20240205,09:36:56,30.2,50,14100
20240205,09:37:03,29.95,100,14100
20240205,09:37:06,30.55,50,14100
20240205,09:37:24,30.3,50,13700
20240205,09:37:36,30.35,50,13700
20240205,09:38:08,29.35,100,13700
20240205,09:38:34,28.95,100,13700
20240205,09:38:36,29.25,50,13700
20240205,09:38:44,28.9,500,13700
20240205,09:38:51,29.25,50,13700
20240205,09:38:54,29.3,300,13700
20240205,09:38:58,29.4,50,13700
20240205,09:39:04,29.15,50,13700
20240205,09:39:16,29.25,100,13700
20240205,09:39:47,29.2,350,13700
20240205,09:39:51,28.85,50,13700
20240205,09:40:07,28.5,100,13700
20240205,09:40:13,28.25,50,13700
20240205,09:40:47,28.6,350,14000
20240205,09:41:05,28.5,50,14000
20240205,09:41:10,28.55,150,14000
20240205,09:41:13,28.75,50,14000
20240205,09:41:20,28.85,50,14000
20240205,09:41:22,28.8,50,14000
20240205,09:41:53,29.75,50,14000
20240205,09:42:02,29.8,150,14000
20240205,09:42:10,29.65,50,14000
20240205,09:42:12,29.8,50,14000
20240205,09:42:13,29.85,50,14000
20240205,09:42:27,29.65,50,14000
20240205,09:42:32,29.4,50,14000
20240205,09:42:37,29.3,50,14000
20240205,09:42:43,28.9,50,14000
20240205,09:43:15,28.95,100,13650
20240205,09:43:18,29.0,50,13650
20240205,09:43:38,29.25,50,13650
20240205,09:44:01,29.95,100,13650
20240205,09:44:55,30.05,50,13650
20240205,09:46:38,29.3,100,13650
20240205,09:46:59,29.25,50,13650
20240205,09:47:01,29.15,50,13650
20240205,09:47:28,29.05,450,13650
20240205,09:47:41,29.2,350,13650
20240205,09:47:49,28.8,500,13650
20240205,09:47:58,28.95,50,13650
20240205,09:47:59,28.95,50,13650
20240205,09:48:31,28.15,50,13650
20240205,09:48:33,28.0,200,13650
20240205,09:48:34,27.85,50,13650
20240205,09:48:53,27.95,50,13650
20240205,09:49:01,27.9,50,13650
20240205,09:49:04,27.65,50,13650
20240205,09:49:12,27.65,600,13650
20240205,09:49:59,27.35,50,14300
20240205,09:50:01,27.25,50,14300
20240205,09:50:09,27.25,100,14300
20240205,09:50:21,27.35,100,14300
20240205,09:50:23,27.25,250,14300
20240205,09:50:28,27.4,200,14300
20240205,09:50:48,27.2,150,14300
20240205,09:50:54,27.0,100,14300
20240205,09:51:01,26.9,100,14300
20240205,09:51:06,27.1,100,14300
20240205,09:51:17,27.1,200,14300
20240205,09:51:29,27.0,50,14300
20240205,09:51:32,26.85,50,14300
20240205,09:51:39,26.85,50,14300
20240205,09:51:43,27.15,50,14300
20240205,09:51:51,26.7,50,14300
20240205,09:51:53,26.7,50,14300
20240205,09:51:59,26.85,100,14300
20240205,09:52:09,27.1,50,14300
20240205,09:52:14,27.1,50,14300
20240205,09:52:29,26.7,50,14200
20240205,09:52:42,26.65,50,14200
20240205,09:52:56,26.5,50,14200
20240205,09:53:04,26.5,50,14200
20240205,09:53:24,26.3,50,14200
20240205,09:53:39,26.3,50,14200
20240205,09:53:44,26.8,100,14200
20240205,09:53:51,26.85,50,14200
20240205,09:53:54,27.05,50,14200
20240205,09:54:01,27.05,50,14200
20240205,09:54:02,27.05,50,14200
20240205,09:54:04,26.95,50,14200
20240205,09:54:11,26.9,50,14200
20240205,09:54:32,27.1,50,14200
20240205,09:55:43,27.4,200,14200
20240205,09:56:12,27.25,50,14400
20240205,09:56:32,27.35,50,14400
20240205,09:57:15,27.65,50,14400
20240205,09:57:43,27.9,50,14400
20240205,09:58:21,27.25,100,14200
20240205,09:58:52,27.05,50,14200
20240205,09:58:57,27.05,50,14200
20240205,09:59:03,27.15,50,14200
20240205,09:59:53,27.6,400,14200
20240205,09:59:54,27.6,800,14200
20240205,10:00:05,27.15,50,14200
20240205,10:00:53,27.6,50,14200
20240205,10:01:11,27.8,50,14200
20240205,10:01:18,28.0,150,14200
20240205,10:02:01,26.4,600,15100
20240205,10:02:05,26.6,50,15100
20240205,10:02:15,26.9,50,15100
20240205,10:03:00,27.35,100,15100
20240205,10:03:22,27.5,50,15100
20240205,10:03:25,27.7,150,15100
20240205,10:04:17,28.35,100,14500
20240205,10:04:32,28.2,50,14500
20240205,10:04:40,28.55,50,14500
20240205,10:04:45,28.55,50,14500
20240205,10:04:47,28.8,100,14500
20240205,10:04:53,28.75,50,14500
20240205,10:05:00,28.65,50,14500
20240205,10:05:07,28.55,50,14500
20240205,10:05:43,27.3,100,14500
20240205,10:05:47,27.35,50,14500
20240205,10:06:51,28.45,50,14500
20240205,10:07:23,27.8,50,14600
20240205,10:07:28,27.5,50,14600
20240205,10:08:21,27.45,100,14600
20240205,10:09:33,27.1,50,14600
20240205,10:09:41,27.25,50,14600
20240205,10:09:46,27.35,50,14600
20240205,10:09:48,27.3,50,14600
20240205,10:09:56,27.2,50,14600
20240205,10:10:28,27.0,1100,14550
20240205,10:11:01,27.5,100,14550
20240205,10:12:03,27.55,50,14550
20240205,10:12:05,27.6,50,14550
20240205,10:12:26,27.85,50,14550
20240205,10:12:31,27.9,150,14550
20240205,10:12:33,27.75,50,14550
20240205,10:12:45,27.75,50,14550
20240205,10:12:51,27.3,150,14550
20240205,10:13:08,27.45,100,14550
20240205,10:13:15,27.35,50,14550
20240205,10:13:33,27.55,50,13700
20240205,10:13:45,27.5,300,13700
20240205,10:14:03,27.75,100,13700
20240205,10:14:46,27.9,50,13700
20240205,10:14:48,27.8,50,13700
20240205,10:14:59,27.85,50,13700
20240205,10:15:09,27.8,50,13700
20240205,10:15:19,27.55,50,13700
20240205,10:15:31,27.35,50,13700
20240205,10:15:34,27.35,100,13700
20240205,10:15:47,28.05,700,13700
20240205,10:16:02,28.15,50,13700
20240205,10:16:37,27.45,50,14000
20240205,10:17:21,28.4,250,14000
20240205,10:17:31,29.2,300,14000
20240205,10:17:41,29.5,100,14000
20240205,10:17:51,29.25,50,14000
20240205,10:18:02,29.65,150,14000
20240205,10:18:09,30.1,100,14000
20240205,10:18:10,29.9,50,14000
20240205,10:18:14,30.1,50,14000
20240205,10:18:15,30.2,100,14000
20240205,10:18:17,30.35,150,14000
20240205,10:18:27,31.15,50,14000
20240205,10:18:28,31.45,50,14000
20240205,10:18:30,31.25,150,14000
20240205,10:18:40,30.65,50,14000
20240205,10:19:11,31.45,1050,14000
20240205,10:19:16,32.1,300,14000
20240205,10:19:18,32.1,250,14000
20240205,10:19:23,32.15,50,13500
20240205,10:19:28,32.45,50,13500
20240205,10:19:38,33.05,100,13500
20240205,10:19:55,32.15,100,13500
20240205,10:19:56,32.55,50,13500
20240205,10:19:58,32.85,50,13500
20240205,10:20:02,32.7,50,13500
20240205,10:20:03,33.2,50,13500
20240205,10:20:10,33.35,100,13500
20240205,10:20:17,33.35,100,13500
20240205,10:20:18,32.9,100,13500
20240205,10:20:23,31.65,150,13500
20240205,10:20:25,31.5,400,13500
20240205,10:20:28,31.65,150,13500
20240205,10:20:35,31.95,250,13500
20240205,10:20:38,31.25,50,13500
20240205,10:20:45,30.9,50,13500
20240205,10:20:47,31.15,100,13500
20240205,10:20:48,30.65,150,13500
20240205,10:20:50,30.55,100,13500
20240205,10:20:57,31.05,50,13500
20240205,10:20:58,31.25,50,13500
20240205,10:21:00,31.65,100,13500
20240205,10:21:03,31.75,50,13500
20240205,10:21:04,32.15,150,13500
20240205,10:21:06,32.15,50,13500
20240205,10:21:11,32.3,300,13500
20240205,10:21:13,32.7,300,13500
20240205,10:21:19,33.15,100,13500
20240205,10:21:24,33.3,100,13500
20240205,10:21:26,32.85,50,13500
20240205,10:21:31,32.85,100,13500
20240205,10:21:33,32.85,100,13500
20240205,10:21:34,33.05,50,13500
20240205,10:21:38,32.9,100,13500
20240205,10:21:41,33.05,500,13500
20240205,10:21:48,33.05,100,13500
20240205,10:21:51,32.85,50,13500
20240205,10:22:01,32.65,400,13500
20240205,10:22:06,32.3,100,13500
20240205,10:22:10,31.55,50,13500
20240205,10:22:11,31.6,50,13500
20240205,10:22:13,31.6,50,13500
20240205,10:22:18,31.15,100,13500
20240205,10:22:21,31.35,100,12800
20240205,10:22:33,31.8,150,12800
20240205,10:22:35,31.5,50,12800
20240205,10:22:38,31.9,500,12800
20240205,10:22:43,31.7,50,12800
20240205,10:22:46,31.65,50,12800
20240205,10:22:48,31.55,100,12800
20240205,10:22:49,31.35,50,12800
20240205,10:22:54,31.05,50,12800
20240205,10:22:58,31.25,300,12800
20240205,10:22:59,31.35,50,12800
20240205,10:23:35,31.6,1250,12800
20240205,10:23:43,31.8,50,12800
20240205,10:23:45,32.05,450,12800
20240205,10:24:00,31.55,300,12800
20240205,10:24:34,30.45,100,12800
20240205,10:24:37,30.35,50,12800
20240205,10:24:39,30.1,100,12800
20240205,10:24:42,29.85,150,12800
20240205,10:24:44,29.6,50,12800
20240205,10:24:47,29.9,200,12800
20240205,10:24:56,29.9,50,12800
20240205,10:25:11,29.5,50,12800
20240205,10:25:32,30.35,50,12750
20240205,10:25:37,30.45,100,12750
20240205,10:25:44,30.35,50,12750
20240205,10:25:46,30.3,50,12750
20240205,10:26:01,29.55,250,12750
20240205,10:26:04,29.1,100,12750
20240205,10:26:07,29.35,50,12750
20240205,10:26:09,29.5,50,12750
20240205,10:26:54,29.8,100,12750
20240205,10:26:55,29.7,50,12750
20240205,10:27:37,29.95,50,12750
20240205,10:28:17,29.05,150,12750
20240205,10:29:10,29.4,200,12800
20240205,10:29:19,29.5,100,12800
20240205,10:29:33,29.4,100,12800
20240205,10:30:13,29.3,200,12800
20240205,10:30:18,29.3,250,12800
20240205,10:30:19,29.5,250,12800
20240205,10:30:24,29.4,100,12800
20240205,10:31:00,30.1,350,12800
20240205,10:31:02,30.15,50,12800
20240205,10:31:05,30.55,50,12800
20240205,10:31:10,30.7,150,12800
20240205,10:31:29,31.4,100,12750
20240205,10:31:32,31.35,50,12750
20240205,10:32:04,31.4,50,12750
20240205,10:32:12,31.9,100,12750
20240205,10:32:25,30.9,50,12750
20240205,10:32:37,30.85,50,12750
20240205,10:32:39,30.85,50,12750
20240205,10:32:59,31.8,150,12750
20240205,10:33:07,31.1,100,12750
20240205,10:33:42,31.7,100,12750
20240205,10:34:15,31.2,100,12750
20240205,10:34:45,31.3,50,12850
20240205,10:35:09,31.2,100,12850
20240205,10:35:29,31.6,50,12850
20240205,10:35:45,31.6,100,12850
20240205,10:35:47,31.8,400,12850
20240205,10:35:54,32.0,100,12850
20240205,10:35:59,31.7,150,12850
20240205,10:36:17,31.35,50,12850
20240205,10:36:37,30.8,200,12850
20240205,10:36:39,30.7,100,12850
20240205,10:36:52,30.7,100,12850
20240205,10:37:05,30.55,250,12850
20240205,10:37:12,30.3,150,12850
20240205,10:37:14,30.35,750,12850
20240205,10:37:24,30.15,50,14150
20240205,10:39:09,29.15,50,14150
20240205,10:39:11,29.05,50,14150
20240205,10:39:14,29.1,100,14150
20240205,10:39:32,29.45,50,14150
20240205,10:39:50,30.0,100,14150
20240205,10:39:51,29.9,50,14150
20240205,10:40:36,29.1,400,13950
20240205,10:40:41,28.9,250,13950
20240205,10:40:42,29.3,150,13950
20240205,10:42:17,28.9,50,13950
20240205,10:42:18,28.65,50,13950
20240205,10:42:23,28.95,50,13950
20240205,10:42:27,29.25,100,13950
20240205,10:42:37,29.6,250,13950
20240205,10:43:14,28.85,50,13950
20240205,10:43:22,28.25,150,13950
20240205,10:43:35,28.25,50,14500
20240205,10:43:58,27.6,150,14500
20240205,10:44:08,27.65,50,14500
20240205,10:44:24,27.45,50,14500
20240205,10:44:43,27.05,50,14500
20240205,10:45:01,26.95,50,14500
20240205,10:45:13,27.1,50,14500
20240205,10:45:21,27.1,200,14500
20240205,10:45:39,27.0,100,14500
20240205,10:45:56,26.75,50,14500
20240205,10:46:05,26.6,100,14500
20240205,10:46:14,26.55,100,14500
20240205,10:46:31,27.05,50,14550
20240205,10:46:39,26.85,50,14550
20240205,10:46:48,26.85,50,14550
20240205,10:47:16,27.35,50,14550
20240205,10:48:38,28.0,100,14550
20240205,10:49:03,27.85,50,14550
20240205,10:49:11,27.4,50,14550
20240205,10:49:16,27.45,50,14550
20240205,10:50:16,27.75,50,14550
20240205,10:50:30,27.5,50,14550
20240205,10:50:51,27.85,50,14550
20240205,10:51:03,28.25,50,14550
20240205,10:51:13,28.05,50,14550
20240205,10:51:19,28.15,50,14550
20240205,10:51:21,28.25,50,14550
20240205,10:51:49,28.5,50,14550
20240205,10:51:53,28.85,100,14550
20240205,10:52:57,28.65,200,14550
20240205,10:52:59,28.5,50,14550
20240205,10:53:42,27.3,50,14550
20240205,10:54:13,27.4,100,14550
20240205,10:54:27,27.55,50,14550
20240205,10:54:46,27.95,50,14550
20240205,10:54:59,27.35,50,14550
20240205,10:55:02,27.35,50,14550
20240205,10:55:12,27.1,200,14550
20240205,10:55:32,26.7,50,14700
20240205,10:55:35,26.95,50,14700
20240205,10:56:08,27.35,50,14700
20240205,10:56:29,27.35,150,14700
20240205,10:57:07,27.0,50,14700
20240205,10:58:00,26.75,50,14700
20240205,10:58:46,26.95,100,14600
20240205,10:59:17,27.25,50,14600
20240205,10:59:19,27.3,50,14600
20240205,10:59:26,27.35,50,14600
20240205,10:59:32,27.25,50,14600
20240205,10:59:36,27.05,50,14600
20240205,11:00:37,27.3,550,14600
20240205,11:01:02,27.55,50,14600
20240205,11:01:40,26.75,50,14600
20240205,11:01:50,26.5,450,14600
20240205,11:02:05,26.6,50,14600
20240205,11:03:04,26.55,50,14600
20240205,11:03:08,26.4,50,14600
20240205,11:03:24,26.65,50,14600
20240205,11:04:01,27.05,50,14600
20240205,11:04:11,27.05,50,14600
20240205,11:04:22,26.95,50,14600
20240205,11:04:42,27.25,50,14650
20240205,11:05:19,27.5,50,14650
20240205,11:05:29,27.3,50,14650
20240205,11:05:36,27.25,100,14650
20240205,11:06:14,27.85,50,14650
20240205,11:06:29,27.75,50,14650
20240205,11:06:42,27.45,50,14650
20240205,11:07:00,27.55,50,14650
20240205,11:07:02,27.65,50,14650
20240205,11:07:05,27.75,50,14650
20240205,11:07:14,27.8,50,14650
20240205,11:07:24,27.75,50,14650
20240205,11:08:07,27.35,50,14700
20240205,11:08:08,27.45,150,14700
20240205,11:08:32,27.25,150,14700
20240205,11:08:35,27.35,50,14700
20240205,11:08:37,27.6,250,14700
20240205,11:08:53,27.75,50,14700
20240205,11:09:07,28.0,50,14700
20240205,11:09:08,27.95,50,14700
20240205,11:09:18,27.75,50,14700
20240205,11:09:30,27.95,50,14700
20240205,11:09:32,27.95,50,14700
20240205,11:09:37,28.45,100,14700
20240205,11:09:40,28.4,50,14700
20240205,11:09:52,28.55,50,14700
20240205,11:10:03,27.9,50,14700
20240205,11:10:15,28.05,100,14700
20240205,11:11:01,27.45,50,14650
20240205,11:11:34,27.2,50,14650
20240205,11:11:52,27.35,50,14650
20240205,11:12:24,26.65,50,14650
20240205,11:13:03,26.5,100,14650
20240205,11:13:31,25.7,250,14650
20240205,11:13:36,25.7,200,14650
20240205,11:14:24,26.15,50,14650
20240205,11:14:36,26.1,50,14650
20240205,11:15:16,25.75,250,14650
20240205,11:16:03,26.15,350,14650
20240205,11:16:51,25.85,50,14900
20240205,11:17:20,25.7,50,14900
20240205,11:17:29,25.7,50,14900
20240205,11:17:40,25.6,50,14900
20240205,11:17:49,25.6,750,14900
20240205,11:17:58,25.4,50,14900
20240205,11:18:40,25.4,50,14900
20240205,11:18:48,26.1,650,14900
20240205,11:19:23,26.1,200,14900
20240205,11:19:36,26.2,100,14250
20240205,11:19:45,26.3,100,14250
20240205,11:20:35,26.15,200,14250
20240205,11:20:48,26.35,50,14250
20240205,11:21:53,26.3,50,14250
20240205,11:23:16,26.8,50,14650
20240205,11:23:47,26.75,100,14650
20240205,11:24:28,26.5,50,14650
20240205,11:24:48,26.4,100,14650
20240205,11:25:14,26.85,50,14650
20240205,11:25:45,26.95,150,14700
20240205,11:25:59,26.45,250,14700
20240205,11:26:17,26.7,50,14700
20240205,11:27:47,27.2,50,14700
20240205,11:29:29,26.5,50,15050
20240205,11:29:39,26.6,50,15050
20240205,11:29:53,26.8,50,15050
20240205,11:29:57,26.7,50,15050
20240205,11:30:26,26.2,50,15050
20240205,11:30:46,26.3,50,15050
20240205,11:30:50,26.4,50,15050
20240205,11:32:38,26.25,50,15050
20240205,11:32:42,26.0,150,15050
20240205,11:33:00,25.95,150,15050
20240205,11:33:49,25.9,50,15050
20240205,11:34:26,25.8,50,15050
20240205,11:34:33,25.55,50,15350
20240205,11:35:07,25.7,50,15350
20240205,11:35:19,25.55,50,15350
20240205,11:36:21,25.65,100,15350
20240205,11:36:31,25.9,50,15350
20240205,11:37:16,25.4,600,15350
20240205,11:37:50,24.9,3100,16000
20240205,11:37:58,24.9,50,16000
20240205,11:38:14,24.55,300,16000
20240205,11:38:29,24.55,50,16000
20240205,11:38:35,24.7,50,16000
20240205,11:38:37,24.95,50,16000
20240205,11:39:11,24.6,300,16000
20240205,11:39:21,24.6,50,16000
20240205,11:39:23,24.25,1050,16000
20240205,11:39:25,24.25,300,16000
20240205,11:39:26,24.6,250,16000
20240205,11:39:36,24.6,250,16000
20240205,11:39:46,24.5,50,16000
20240205,11:39:55,24.6,50,16000
20240205,11:40:10,24.5,50,16000
20240205,11:40:16,24.6,600,16000
20240205,11:40:23,24.55,50,16000
20240205,11:40:26,24.4,50,16000
20240205,11:40:30,24.4,150,16000
20240205,11:40:31,24.65,50,16000
20240205,11:40:33,24.75,1350,21700
20240205,11:40:58,25.2,50,21700
20240205,11:41:00,25.25,300,21700
20240205,11:41:01,25.25,250,21700
20240205,11:41:06,25.45,100,21700
20240205,11:42:11,25.15,100,21700
20240205,11:43:14,25.35,50,21700
20240205,11:43:37,25.45,100,21800
20240205,11:43:47,25.75,50,21800
20240205,11:44:05,25.75,50,21800
20240205,11:44:08,25.95,50,21800
20240205,11:44:17,25.6,50,21800
20240205,11:44:37,25.95,50,21800
20240205,11:44:42,26.05,50,21800
20240205,11:45:04,25.95,50,21800
20240205,11:45:24,25.7,50,21800
20240205,11:45:47,26.2,100,21800
20240205,11:45:53,26.25,50,21800
20240205,11:46:05,26.3,300,21800
20240205,11:46:25,26.7,50,21800
20240205,11:46:27,26.75,100,21800
20240205,11:46:48,26.5,100,21700
20240205,11:47:33,26.15,50,21700
20240205,11:48:33,26.35,50,21700
20240205,11:48:53,26.4,100,21700
20240205,11:50:10,25.75,100,21550
20240205,11:51:11,25.5,100,21550
20240205,11:51:27,25.85,100,21550
20240205,11:52:53,25.2,1100,21550
20240205,11:52:55,25.55,50,21550
20240205,11:52:59,25.5,50,21550
20240205,11:53:30,25.45,50,21550
20240205,11:55:47,25.55,50,22600
20240205,11:55:51,25.75,50,22600
20240205,11:56:40,25.55,100,22600
20240205,11:57:00,25.3,50,22600
20240205,11:57:30,25.25,50,22600
20240205,11:57:40,25.55,50,22600
20240205,11:58:06,25.35,50,22600
20240205,11:58:48,25.25,50,22650
20240205,11:59:03,24.95,100,22650
20240205,11:59:30,24.6,50,22650
20240205,11:59:40,24.55,50,22650
20240205,11:59:50,24.35,50,22650
20240205,11:59:59,24.25,50,22650
20240205,12:00:46,24.6,100,22650
20240205,12:01:56,24.95,200,22650
20240205,12:02:50,25.05,50,22700
20240205,12:04:11,25.7,150,22700
20240205,12:04:49,25.95,50,23100
20240205,12:05:29,25.9,200,23100
20240205,12:05:32,26.15,100,23100
20240205,12:05:43,26.2,50,23100
20240205,12:06:27,26.65,100,23100
20240205,12:06:32,26.65,50,23100
20240205,12:07:14,26.5,50,23100
20240205,12:07:23,26.25,50,23100
20240205,12:07:36,26.4,50,23400
20240205,12:07:57,26.35,50,23400
20240205,12:08:02,26.45,50,23400
20240205,12:08:45,26.85,100,23400
20240205,12:09:01,26.95,600,23400
20240205,12:09:14,27.15,50,23400
20240205,12:09:16,27.25,50,23400
20240205,12:09:32,27.45,100,23400
20240205,12:09:56,27.05,50,23400
20240205,12:10:01,26.75,50,23400
20240205,12:10:07,26.65,50,23400
20240205,12:10:50,27.1,100,23350
20240205,12:10:54,26.85,50,23350
20240205,12:12:32,26.1,50,23350
20240205,12:12:42,25.75,50,23350
20240205,12:12:47,25.65,50,23350
20240205,12:13:12,25.25,300,23350
20240205,12:13:17,25.4,50,23350
20240205,12:13:22,25.6,50,23350
20240205,12:13:49,25.4,50,23450
20240205,12:13:58,25.4,300,23450
20240205,12:14:02,25.4,150,23450
20240205,12:14:29,24.75,1050,23450
20240205,12:15:39,24.45,50,23450
20240205,12:16:15,24.15,50,23450
20240205,12:17:55,24.15,100,24500
20240205,12:18:19,24.0,100,24500
20240205,12:19:22,24.0,200,24500
20240205,12:19:30,24.15,50,24500
20240205,12:21:35,24.4,100,24450
20240205,12:22:26,24.1,50,24450
20240205,12:22:42,24.35,50,24400
20240205,12:23:03,24.45,100,24400
20240205,12:24:33,24.65,100,24400
20240205,12:26:17,25.5,50,24400
20240205,12:26:29,25.7,50,24400
20240205,12:26:57,25.7,100,24400
20240205,12:30:36,26.05,100,24350
20240205,12:31:05,25.9,200,24350
20240205,12:31:10,25.95,50,24350
20240205,12:31:17,26.25,50,24350
20240205,12:32:29,26.15,50,24500
20240205,12:33:02,26.35,150,24500
20240205,12:33:04,26.55,100,24500
20240205,12:33:09,26.4,50,24500
20240205,12:33:14,26.45,100,24500
20240205,12:33:52,26.55,50,24500
20240205,12:34:09,26.65,50,24500
20240205,12:34:38,26.75,50,24400
20240205,12:34:40,26.55,50,24400
20240205,12:35:08,26.35,50,24400
20240205,12:35:21,26.25,50,24400
20240205,12:35:28,25.9,100,24400
20240205,12:36:08,25.45,100,24400
20240205,12:36:33,25.25,50,24400
20240205,12:36:34,25.15,50,24400
20240205,12:36:54,25.7,50,24400
20240205,12:37:09,25.75,50,24400
20240205,12:38:08,25.45,50,24350
20240205,12:38:39,25.25,100,24350
20240205,12:38:43,25.45,50,24350
20240205,12:40:24,25.85,50,24350
20240205,12:41:16,25.25,50,24400
20240205,12:43:15,24.6,100,24400
20240205,12:43:20,24.75,50,24400
20240205,12:43:43,24.75,50,24500
20240205,12:43:51,24.75,50,24500
20240205,12:43:59,24.75,50,24500
20240205,12:44:11,24.6,50,24500
20240205,12:44:24,24.5,100,24500
20240205,12:44:58,24.3,350,24500
20240205,12:45:24,24.55,450,24500
20240205,12:45:29,24.4,300,24500
20240205,12:45:37,24.5,50,24500
20240205,12:45:47,24.65,50,24500
20240205,12:46:02,24.8,50,24500
20240205,12:47:20,24.8,50,24550
20240205,12:48:02,24.8,1800,24550
20240205,12:49:02,24.4,250,24550
20240205,12:49:38,24.7,50,24550
20240205,12:49:49,24.4,50,26400
20240205,12:49:58,24.6,200,26400
20240205,12:50:07,24.8,50,26400
20240205,12:50:33,24.95,250,26400
20240205,12:50:37,25.05,50,26400
20240205,12:50:48,25.15,50,26400
20240205,12:50:50,25.1,50,26400
20240205,12:51:11,25.15,200,26400
20240205,12:51:24,25.25,800,26400
20240205,12:51:38,25.1,600,26400
20240205,12:52:10,25.15,50,26400
20240205,12:52:21,24.65,50,26400
20240205,12:52:34,24.7,50,26400
20240205,12:52:36,24.65,50,26400
20240205,12:52:38,24.7,50,26400
20240205,12:52:44,24.95,100,28600
20240205,12:52:56,24.8,50,28600
20240205,12:52:59,25.0,50,28600
20240205,12:53:09,25.05,50,28600
20240205,12:53:14,24.95,50,28600
20240205,12:53:19,24.85,400,28600
20240205,12:53:21,25.0,50,28600
20240205,12:53:59,24.85,50,28600
20240205,12:54:01,24.9,50,28600
20240205,12:54:10,25.05,50,28600
20240205,12:54:17,24.75,100,28600
20240205,12:54:36,25.2,150,28600
20240205,12:54:40,25.0,50,28600
20240205,12:54:43,25.05,50,28600
20240205,12:55:07,25.15,100,28600
20240205,12:55:09,25.2,250,28600
20240205,12:55:16,25.2,650,28600
20240205,12:55:17,25.35,50,28600
20240205,12:55:37,24.8,50,28600
20240205,12:55:59,24.6,50,29300
20240205,12:56:00,24.75,50,29300
20240205,12:56:39,24.9,50,29300
20240205,12:56:59,24.75,150,29300
20240205,12:57:01,24.7,50,29300
20240205,12:57:15,24.55,50,29300
20240205,12:57:27,25.05,50,29300
20240205,12:58:09,24.45,50,29300
20240205,12:58:13,24.5,50,29300
20240205,12:58:53,24.5,50,29600
20240205,12:59:41,24.7,250,29600
20240205,13:00:09,24.4,50,29600
20240205,13:02:09,24.25,50,29600
20240205,13:02:20,24.3,50,29600
20240205,13:02:43,24.25,50,29600
20240205,13:04:01,24.75,400,29600
20240205,13:04:03,24.7,50,29600
20240205,13:04:27,24.85,50,29600
20240205,13:04:30,24.7,50,29600
20240205,13:04:40,24.6,100,29600
20240205,13:05:22,24.3,50,29350
20240205,13:06:17,24.15,50,29350
20240205,13:06:42,23.65,50,29350
20240205,13:06:52,23.2,2100,29350
20240205,13:07:08,23.2,150,29350
20240205,13:07:43,22.7,1150,29350
20240205,13:08:48,22.85,200,32450
20240205,13:09:02,22.8,100,32450
20240205,13:09:30,22.85,50,32450
20240205,13:10:04,23.25,50,32450
20240205,13:10:18,23.15,50,32450
20240205,13:10:24,23.0,100,32450
20240205,13:11:01,23.3,150,32200
20240205,13:11:20,23.3,300,32200
20240205,13:11:48,23.6,450,32200
20240205,13:12:16,23.5,500,32200
20240205,13:13:33,23.9,250,32200
20240205,13:16:49,23.8,50,32650
20240205,13:17:32,24.3,50,32650
20240205,13:17:55,24.45,250,32650
20240205,13:19:59,23.65,50,32850
20240205,13:20:28,23.65,150,32850
20240205,13:20:35,23.55,200,32850
20240205,13:20:45,23.55,50,32850
20240205,13:27:01,24.3,100,33250
20240205,13:27:21,24.4,250,33250
20240205,13:27:24,24.3,1000,33250
20240205,13:27:38,24.5,200,33250
20240205,13:27:52,24.35,350,33250
20240205,13:28:13,24.4,100,33250
20240205,13:28:22,24.7,100,33250
20240205,13:28:47,24.65,100,34600
20240205,13:28:50,24.85,250,34600
20240205,13:28:59,25.0,50,34600
20240205,13:29:30,25.35,50,34600
20240205,13:29:55,25.3,700,34600
20240205,13:30:05,25.05,100,34600
20240205,13:30:06,25.15,50,34600
20240205,13:30:08,25.15,50,34600
20240205,13:30:54,24.9,250,34600
20240205,13:33:40,23.9,50,35250
20240205,13:33:43,24.05,50,35250
20240205,13:34:03,23.65,50,35250
20240205,13:34:05,23.55,50,35250
20240205,13:34:30,23.65,50,35250
20240205,13:35:06,23.6,50,35400
20240205,13:36:29,23.6,50,35400
20240205,13:36:32,23.45,50,35400
20240205,13:36:50,23.4,200,35400
20240205,13:37:04,23.05,50,35400
20240205,13:37:08,23.0,50,35400
20240205,13:37:11,23.05,50,35400
20240205,13:37:44,23.6,50,35400
20240205,13:38:33,23.9,50,35550
20240205,13:38:35,23.85,50,35550
20240205,13:38:50,24.0,100,35550
20240205,13:39:15,24.0,250,35550
20240205,13:41:55,24.7,1000,35600
20240205,13:41:58,24.5,50,35600
20240205,13:42:00,24.5,50,35600
20240205,13:42:03,24.65,50,35600
20240205,13:42:12,24.65,300,35600
20240205,13:43:36,24.2,50,35600
20240205,13:47:08,24.3,50,34950
20240205,13:47:23,24.25,150,34950
20240205,13:47:26,24.0,100,34950
20240205,13:48:22,23.45,150,34950
20240205,13:48:53,23.4,100,34950
20240205,13:49:21,23.55,50,34950
20240205,13:50:36,23.45,50,35200
20240205,13:50:44,23.35,50,35200
20240205,13:51:29,22.95,50,35200
20240205,13:51:37,23.0,50,35200
20240205,13:51:52,23.05,50,35200
20240205,13:53:16,23.15,50,35250
20240205,13:54:34,22.95,100,35250
20240205,13:54:52,23.2,100,35250
20240205,13:55:45,23.1,50,35250
20240205,13:56:00,23.05,50,35450
20240205,13:56:33,23.0,50,35450
20240205,13:57:58,23.5,50,35450
20240205,13:59:17,22.95,150,35550
20240205,13:59:29,23.0,50,35550
20240205,14:00:20,23.15,50,35550
20240205,14:00:55,23.2,50,35550
20240205,14:01:03,23.3,50,35550
20240205,14:02:05,23.45,250,35600
20240205,14:02:36,23.25,50,35600
20240205,14:04:09,23.55,50,35600
20240205,14:04:18,23.8,250,35600
20240205,14:04:22,23.65,100,35600
20240205,14:05:17,24.05,100,35600
20240205,14:05:26,23.85,50,35600
20240205,14:05:31,23.75,50,35600
20240205,14:06:55,24.75,50,35600
20240205,14:07:01,24.7,50,35600
20240205,14:07:19,24.9,100,35600
20240205,14:08:28,25.15,50,35750
20240205,14:08:30,25.0,100,35750
20240205,14:08:33,25.45,100,35750
20240205,14:08:43,25.25,50,35750
20240205,14:08:46,25.6,50,35750
20240205,14:08:50,25.6,100,35750
20240205,14:08:51,25.85,50,35750
20240205,14:08:58,25.7,100,35750
20240205,14:09:24,25.75,100,35750
20240205,14:09:26,25.75,50,35750
20240205,14:09:39,26.0,50,35750
20240205,14:10:13,26.15,100,35750
20240205,14:10:51,27.45,50,35750
20240205,14:10:53,27.55,100,36000
20240205,14:10:58,27.35,100,36000
20240205,14:11:28,28.05,50,36000
20240205,14:11:31,28.1,50,36000
20240205,14:11:39,27.95,50,36000
20240205,14:11:47,28.25,150,36000
20240205,14:11:49,28.1,250,36000
20240205,14:11:51,27.85,50,36000
20240205,14:11:52,27.75,50,36000
20240205,14:12:04,27.45,50,36000
20240205,14:12:19,26.45,100,36000
20240205,14:12:57,26.55,50,36000
20240205,14:13:01,26.45,50,36000
20240205,14:13:21,26.05,50,36000
20240205,14:13:37,25.65,650,36000
20240205,14:13:49,25.45,50,36000
20240205,14:13:51,25.55,50,36000
20240205,14:14:07,25.05,50,36900
20240205,14:14:26,24.15,50,36900
20240205,14:14:27,24.3,250,36900
20240205,14:14:34,24.3,1000,36900
20240205,14:14:41,24.1,250,36900
20240205,14:14:46,24.05,200,36900
20240205,14:15:01,23.75,50,36900
20240205,14:15:02,23.85,100,36900
20240205,14:15:40,24.4,50,36900
20240205,14:15:42,24.25,50,36900
20240205,14:15:45,24.5,50,36900
20240205,14:15:47,24.6,50,36900
20240205,14:18:56,23.0,50,36400
20240205,14:19:54,23.5,50,36450
20240205,14:19:58,23.5,300,36450
20240205,14:20:21,23.75,50,36450
20240205,14:20:27,24.05,50,36450
20240205,14:20:29,24.0,100,36450
20240205,14:20:37,24.1,100,36450
20240205,14:21:00,24.4,50,36450
20240205,14:21:16,24.4,100,36450
20240205,14:21:21,24.6,50,36450
20240205,14:21:32,24.7,150,36450
20240205,14:23:08,24.95,50,36800
20240205,14:23:33,25.05,100,36800
20240205,14:23:38,24.9,100,36800
20240205,14:23:41,25.1,150,36800
20240205,14:24:23,25.85,50,36800
20240205,14:24:28,25.85,100,36800
20240205,14:24:39,26.15,200,36800
20240205,14:24:41,26.15,200,36800
20240205,14:24:52,26.0,200,36800
20240205,14:24:54,25.95,50,36800
20240205,14:25:05,25.85,200,36800
20240205,14:25:34,26.8,50,36800
20240205,14:26:47,26.85,100,37200
20240205,14:26:53,26.6,150,37200
20240205,14:27:07,27.15,50,37200
20240205,14:27:19,26.85,50,37200
20240205,14:27:37,27.65,100,37200
20240205,14:27:45,27.55,100,37200
20240205,14:28:09,26.85,100,37200
20240205,14:28:25,26.75,100,37200
20240205,14:28:32,26.9,50,37200
20240205,14:28:47,27.35,50,37200
20240205,14:28:50,27.4,50,37200
20240205,14:29:00,27.1,50,37450
20240205,14:29:19,26.5,100,37450
20240205,14:30:21,25.95,100,37450
20240205,14:31:41,26.7,50,37450
20240205,14:32:15,27.9,50,37400
20240205,14:32:25,28.55,50,37400
20240205,14:32:36,28.3,50,37400
20240205,14:32:43,28.2,100,37400
20240205,14:32:45,28.15,50,37400
20240205,14:32:48,28.2,150,37400
20240205,14:32:50,28.35,50,37400
20240205,14:32:55,28.0,100,37400
20240205,14:32:56,27.95,50,37400
20240205,14:33:23,28.2,50,37400
20240205,14:33:33,27.5,300,37400
20240205,14:33:35,27.25,50,37400
20240205,14:33:36,27.3,50,37400
20240205,14:33:41,27.55,50,37400
20240205,14:33:46,27.65,50,37400
20240205,14:34:15,28.7,100,37400
20240205,14:34:37,28.55,50,37400
20240205,14:35:00,28.9,50,37100
20240205,14:35:10,28.9,50,37100
20240205,14:35:16,28.5,400,37100
20240205,14:35:20,28.2,100,37100
20240205,14:35:38,29.7,1100,37100
20240205,14:35:46,30.55,2150,37100
20240205,14:35:48,30.35,150,37100
20240205,14:35:53,30.2,150,37100
20240205,14:35:56,30.3,50,37100
20240205,14:35:58,30.05,200,37100
20240205,14:36:01,29.95,200,37100
20240205,14:36:03,29.85,150,37100
20240205,14:36:04,29.65,50,37100
20240205,14:36:08,30.05,100,37100
20240205,14:36:11,29.85,100,37100
20240205,14:36:17,29.55,100,37100
20240205,14:36:34,30.75,1000,37100
20240205,14:36:37,30.45,50,37100
20240205,14:36:42,30.3,1150,37100
20240205,14:37:04,30.65,200,37100
20240205,14:37:05,30.55,150,37100
20240205,14:37:07,30.35,100,37100
20240205,14:37:09,30.3,50,37100
20240205,14:37:10,30.4,300,37100
20240205,14:37:17,30.15,50,37100
20240205,14:37:45,31.0,50,37100
20240205,14:37:50,30.95,200,37100
20240205,14:37:52,30.75,300,37100
20240205,14:37:59,30.35,50,32750
20240205,14:38:03,30.25,50,32750
20240205,14:38:05,29.95,150,32750
20240205,14:38:08,29.9,250,32750
20240205,14:38:10,30.1,50,32750
20240205,14:38:17,30.05,150,32750
20240205,14:38:28,30.95,250,32750
20240205,14:38:30,30.95,50,32750
20240205,14:38:33,30.9,50,32750
20240205,14:38:38,30.95,50,32750
20240205,14:38:40,31.0,100,32750
20240205,14:38:41,31.25,100,32750
20240205,14:38:47,31.75,1150,32750
20240205,14:38:53,32.5,2200,32750
20240205,14:39:00,32.9,1400,32750
20240205,14:39:01,32.65,200,32750
20240205,14:39:03,32.5,150,32750
20240205,14:39:05,32.25,900,32750
20240205,14:39:06,32.1,200,32750
20240205,14:39:10,32.2,100,32750
20240205,14:39:13,30.6,150,32750
20240205,14:39:14,30.85,100,32750
20240205,14:39:16,30.95,100,32750
20240205,14:39:21,31.5,100,32750
20240205,14:39:24,32.0,100,32750
20240205,14:39:26,32.05,50,32750
20240205,14:39:29,31.55,800,32750
20240205,14:39:33,31.2,100,32750
20240205,14:39:34,31.4,50,32750
20240205,14:39:39,31.8,100,32750
20240205,14:39:49,31.4,350,32750
20240205,14:39:54,31.35,50,32750
20240205,14:39:57,31.7,50,32750
20240205,14:40:00,32.0,50,32750
20240205,14:40:02,31.95,50,32750
20240205,14:40:05,31.9,200,32750
20240205,14:40:09,32.1,100,32750
20240205,14:40:10,32.0,50,32750
20240205,14:40:12,31.65,150,32750
20240205,14:40:14,31.4,100,32750
20240205,14:40:17,31.15,50,32750
20240205,14:40:20,31.45,100,32750
20240205,14:40:27,31.9,400,32750
20240205,14:40:29,31.7,150,32750
20240205,14:40:30,31.75,50,32750
20240205,14:40:34,31.65,100,32750
20240205,14:40:40,31.6,200,32750
20240205,14:40:50,32.2,50,32750
20240205,14:40:52,32.05,50,32750
20240205,14:40:57,32.25,50,29150
20240205,14:40:59,32.25,50,29150
20240205,14:41:02,31.9,50,29150
20240205,14:41:05,31.55,150,29150
20240205,14:41:09,31.6,200,29150
20240205,14:41:10,31.95,50,29150
20240205,14:41:12,31.8,50,29150
20240205,14:41:20,30.85,50,29150
20240205,14:41:27,30.65,50,29150
20240205,14:41:40,31.9,100,29150
20240205,14:41:42,31.85,50,29150
20240205,14:41:45,31.75,100,29150
20240205,14:41:55,31.5,50,29150
20240205,14:42:02,31.65,50,29150
20240205,14:42:12,32.0,100,29150
20240205,14:42:17,32.5,50,29150
20240205,14:42:19,33.1,100,29150
20240205,14:42:20,33.35,250,29150
20240205,14:42:22,32.8,150,29150
20240205,14:42:24,33.0,150,29150
20240205,14:42:25,33.55,150,29150
20240205,14:42:27,33.95,200,29150
20240205,14:42:29,33.95,400,29150
20240205,14:42:32,34.6,50,29150
20240205,14:42:34,34.65,50,29150
20240205,14:42:35,34.95,50,29150
20240205,14:42:37,34.8,200,29150
20240205,14:42:39,35.0,250,29150
20240205,14:42:42,35.1,50,29150
20240205,14:42:44,34.85,200,29150
20240205,14:42:45,34.5,200,29150
20240205,14:42:49,34.6,100,29150
20240205,14:42:54,35.85,350,29150
20240205,14:42:55,35.6,250,29150
20240205,14:42:59,35.6,350,29150
20240205,14:43:00,35.35,100,29150
20240205,14:43:02,35.7,50,29150
20240205,14:43:05,36.1,1900,29150
20240205,14:43:07,36.45,600,29150
20240205,14:43:08,36.25,50,29150
20240205,14:43:10,36.55,50,29150
20240205,14:43:12,37.35,300,29150
20240205,14:43:14,37.35,150,29150
20240205,14:43:15,37.15,50,29150
20240205,14:43:17,37.05,100,29150
20240205,14:43:20,37.8,100,29150
20240205,14:43:24,38.7,450,29150
20240205,14:43:25,38.75,50,29150
20240205,14:43:27,39.2,50,29150
20240205,14:43:34,39.2,100,29150
20240205,14:43:35,38.2,50,29150
20240205,14:43:37,38.9,2000,29150
20240205,14:43:40,39.25,350,29150
20240205,14:43:42,38.7,150,29150
20240205,14:43:44,38.4,100,29150
20240205,14:43:45,38.25,250,29150
20240205,14:43:50,37.85,100,29150
20240205,14:43:52,38.4,550,29150
20240205,14:43:54,38.4,50,29150
20240205,14:43:55,38.25,150,29150
20240205,14:43:57,38.05,100,27000
20240205,14:43:59,38.4,50,27000
20240205,14:44:00,38.45,250,27000
20240205,14:44:02,38.7,100,27000
20240205,14:44:03,39.05,50,27000
20240205,14:44:05,38.85,200,27000
20240205,14:44:08,39.6,150,27000
20240205,14:44:10,39.65,150,27000
20240205,14:44:12,39.75,100,27000
20240205,14:44:13,39.4,250,27000
20240205,14:44:17,37.55,250,27000
20240205,14:44:20,37.15,600,27000
20240205,14:44:22,37.0,150,27000
20240205,14:44:23,36.75,350,27000
20240205,14:44:25,37.35,1150,27000
20240205,14:44:27,37.3,50,27000
20240205,14:44:30,37.0,350,27000
20240205,14:44:33,35.5,250,27000
20240205,14:44:35,35.05,100,27000
20240205,14:44:37,34.65,250,27000
20240205,14:44:38,34.25,300,27000
20240205,14:44:40,34.75,350,27000
20240205,14:44:42,34.85,100,27000
20240205,14:44:43,34.8,250,27000
20240205,14:44:47,34.95,100,27000
20240205,14:44:48,34.9,50,27000
20240205,14:44:50,34.7,350,27000
20240205,14:44:52,34.75,300,27000
20240205,14:44:53,35.3,100,27000
20240205,14:44:55,35.8,300,27000
20240205,14:44:57,36.15,100,27000
20240205,14:44:58,36.45,100,27000
20240205,14:45:00,36.55,100,27000
20240205,14:45:02,36.85,100,27000
20240205,14:45:07,37.65,100,27000
20240205,14:45:08,38.4,400,27000
20240205,14:45:10,39.25,400,27000
20240205,14:45:13,39.7,300,27000
20240205,14:45:15,39.85,350,27000
20240205,14:45:17,40.1,2100,27000
20240205,14:45:20,40.9,1450,27000
20240205,14:45:22,40.8,50,27000
20240205,14:45:23,41.2,250,27000
20240205,14:45:25,41.2,50,27000
20240205,14:45:27,40.65,200,27000
20240205,14:45:30,40.9,250,27000
20240205,14:45:35,41.8,150,27000
20240205,14:45:37,41.8,100,27000
20240205,14:45:40,42.1,200,27000
20240205,14:45:42,42.15,200,27000
20240205,14:45:44,42.5,150,27000
20240205,14:45:47,42.5,150,27000
20240205,14:45:49,42.35,100,27000
20240205,14:45:57,43.35,600,27000
20240205,14:45:59,43.7,150,27000
20240205,14:46:02,43.1,100,27000
20240205,14:46:04,41.4,100,27000
20240205,14:46:05,40.6,50,27000
20240205,14:46:07,40.55,950,27000
20240205,14:46:09,40.85,50,27000
20240205,14:46:10,41.65,50,27000
20240205,14:46:17,40.95,200,27000
20240205,14:46:19,39.85,400,27000
20240205,14:46:20,40.15,250,27000
20240205,14:46:22,39.85,700,27000
20240205,14:46:24,39.8,50,27000
20240205,14:46:32,40.6,100,27000
20240205,14:46:40,40.35,3100,27000
20240205,14:46:44,40.05,50,27000
20240205,14:46:47,40.15,50,27000
20240205,14:46:49,40.1,50,27000
20240205,14:46:52,40.5,100,27000
20240205,14:46:55,40.45,50,27000
20240205,14:46:57,40.95,400,27000
20240205,14:47:05,41.25,100,26700
20240205,14:47:17,39.6,50,26700
20240205,14:47:18,39.0,150,26700
20240205,14:47:20,38.75,150,26700
20240205,14:47:22,37.9,250,26700
20240205,14:47:25,37.75,50,26700
20240205,14:47:27,36.8,350,26700
20240205,14:47:28,36.8,300,26700
20240205,14:47:30,37.3,100,26700
20240205,14:47:32,37.75,50,26700
20240205,14:47:33,38.1,100,26700
20240205,14:47:38,37.15,100,26700
20240205,14:47:42,36.9,200,26700
20240205,14:47:45,36.45,50,26700
20240205,14:47:47,36.55,50,26700
20240205,14:47:48,36.6,50,26700
20240205,14:47:54,36.5,100,26700
20240205,14:47:57,36.0,800,26700
20240205,14:47:59,35.5,100,26700
20240205,14:48:00,35.2,100,26700
20240205,14:48:04,34.3,100,26700
20240205,14:48:05,33.85,50,26700
20240205,14:48:07,33.4,100,26700
20240205,14:48:12,33.4,150,26700
20240205,14:48:15,33.45,50,26700
20240205,14:48:17,33.6,150,26700
20240205,14:48:20,33.55,200,26700
20240205,14:48:25,33.7,100,26700
20240205,14:48:27,33.6,100,26700
20240205,14:48:29,33.65,100,26700
20240205,14:48:32,33.15,100,26700
20240205,14:48:35,33.05,100,26700
20240205,14:48:44,34.25,150,26700
20240205,14:48:45,34.4,400,26700
20240205,14:48:47,34.45,100,26700
20240205,14:48:50,35.25,50,26700
20240205,14:48:52,35.35,100,26700
20240205,14:48:54,35.75,300,26700
20240205,14:48:55,36.5,250,26700
20240205,14:48:57,36.55,50,26700
20240205,14:49:02,36.6,450,26700
20240205,14:49:03,36.75,50,26700
20240205,14:49:05,36.6,50,26700
20240205,14:49:08,36.65,200,26700
20240205,14:49:13,35.95,100,26700
20240205,14:49:15,35.9,150,26700
20240205,14:49:20,35.65,150,26700
20240205,14:49:22,35.8,100,26700
20240205,14:49:25,36.2,450,26700
20240205,14:49:27,36.35,100,26700
20240205,14:49:28,35.8,50,26700
20240205,14:49:37,35.8,150,26700
20240205,14:49:38,36.15,150,26700
20240205,14:49:40,36.25,100,26700
20240205,14:49:48,36.1,200,26700
20240205,14:49:52,35.95,100,26700
20240205,14:49:55,36.6,100,26700
20240205,14:49:58,36.45,50,26100
20240205,14:50:00,36.25,50,26100
20240205,14:50:02,35.9,100,26100
20240205,14:50:03,35.65,150,26100
20240205,14:50:09,35.0,150,26100
20240205,14:50:10,34.75,200,26100
20240205,14:50:14,34.5,100,26100
20240205,14:50:15,34.55,100,26100
20240205,14:50:17,34.75,50,26100
20240205,14:50:19,35.65,200,26100
20240205,14:50:20,35.65,100,26100
20240205,14:50:27,35.95,150,26100
20240205,14:50:29,36.25,400,26100
20240205,14:50:30,36.45,350,26100
20240205,14:50:35,36.95,250,26100
20240205,14:50:39,37.45,50,26100
20240205,14:50:44,37.5,50,26100
20240205,14:50:49,38.7,50,26100
20240205,14:50:50,38.7,50,26100
20240205,14:50:52,39.05,50,26100
20240205,14:50:54,39.0,50,26100
20240205,14:50:57,38.75,150,26100
20240205,14:51:00,39.05,100,26100
20240205,14:51:02,38.9,50,26100
20240205,14:51:07,39.0,250,26100
20240205,14:51:10,39.3,900,26100
20240205,14:51:12,39.1,50,26100
20240205,14:51:14,39.4,450,26100
20240205,14:51:15,39.55,50,26100
20240205,14:51:17,39.85,50,26100
20240205,14:51:19,40.0,100,26100
20240205,14:51:20,39.75,200,26100
20240205,14:51:22,39.45,800,26100
20240205,14:51:24,39.75,650,26100
20240205,14:51:25,39.6,200,26100
20240205,14:51:27,39.25,50,26100
20240205,14:51:29,39.3,50,26100
20240205,14:51:35,40.0,300,26100
20240205,14:51:37,40.4,50,26100
20240205,14:51:45,40.15,50,26100
20240205,14:51:49,39.45,150,26100
20240205,14:51:50,39.3,100,26100
20240205,14:51:55,39.15,150,26100
20240205,14:52:02,39.35,50,26100
20240205,14:52:07,38.7,100,26100
20240205,14:52:12,39.1,150,26100
20240205,14:52:14,39.05,100,26100
20240205,14:52:15,39.05,600,26100
20240205,14:52:22,39.25,100,26100
20240205,14:52:24,38.85,100,26100
20240205,14:52:27,38.05,250,26100
20240205,14:52:29,37.75,150,26100
20240205,14:52:30,37.95,350,26100
20240205,14:52:32,37.95,800,26100
20240205,14:52:35,37.75,200,26100
20240205,14:52:37,37.55,100,26100
20240205,14:52:39,37.35,50,26100
20240205,14:52:42,36.85,200,26100
20240205,14:52:47,36.45,150,26100
20240205,14:52:49,37.0,200,26100
20240205,14:52:52,36.75,300,26100
20240205,14:52:54,37.0,50,26100
20240205,14:53:00,38.2,50,25150
20240205,14:53:05,38.5,100,25150
20240205,14:53:07,38.65,100,25150
20240205,14:53:10,38.65,250,25150
20240205,14:53:14,39.15,50,25150
20240205,14:53:15,38.95,100,25150
20240205,14:53:17,38.55,100,25150
20240205,14:53:27,37.0,50,25150
20240205,14:53:29,37.1,200,25150
20240205,14:53:34,36.75,50,25150
20240205,14:53:35,36.65,50,25150
20240205,14:53:37,36.7,100,25150
20240205,14:53:42,36.9,50,25150
20240205,14:53:44,37.0,100,25150
20240205,14:53:47,37.0,50,25150
20240205,14:53:50,36.8,50,25150
20240205,14:53:52,37.4,50,25150
20240205,14:53:59,38.0,50,25150
20240205,14:54:02,38.25,50,25150
20240205,14:54:04,38.0,100,25150
20240205,14:54:07,37.3,50,25150
20240205,14:54:14,37.05,100,25150
20240205,14:54:17,36.85,50,25150
20240205,14:54:20,36.55,50,25150
20240205,14:54:25,35.85,300,25150
20240205,14:54:28,36.2,150,25150
20240205,14:54:32,36.05,900,25150
20240205,14:54:39,36.0,50,25150
20240205,14:54:40,36.25,50,25150
20240205,14:54:44,36.75,350,25150
20240205,14:54:47,36.55,50,25150
20240205,14:54:52,36.15,100,25150
20240205,14:55:09,35.9,100,25150
20240205,14:55:10,36.15,100,25150
20240205,14:55:15,36.75,50,25150
20240205,14:55:18,36.65,50,25150
20240205,14:55:23,37.05,50,25150
20240205,14:55:27,37.5,600,25150
20240205,14:55:35,38.2,350,25150
20240205,14:55:37,38.9,150,25150
20240205,14:55:42,38.95,100,25150
20240205,14:55:48,38.25,100,25150
20240205,14:55:50,37.85,100,25150
20240205,14:55:53,38.9,100,25150
20240205,14:55:55,39.1,150,25150
20240205,14:56:00,39.1,100,25000
20240205,14:56:07,38.65,200,25000
20240205,14:56:08,38.8,50,25000
20240205,14:56:10,38.65,100,25000
20240205,14:56:15,39.05,200,25000
20240205,14:56:17,39.05,50,25000
20240205,14:56:25,39.25,150,25000
20240205,14:56:27,39.1,50,25000
20240205,14:56:32,39.4,200,25000
20240205,14:56:37,39.15,50,25000
20240205,14:56:40,39.8,50,25000
20240205,14:56:48,40.05,50,25000
20240205,14:56:50,40.3,50,25000
20240205,14:56:55,41.2,300,25000
20240205,14:56:57,41.0,100,25000
20240205,14:56:58,40.5,50,25000
20240205,14:57:05,39.2,50,25000
20240205,14:57:08,39.95,50,25000
20240205,14:57:10,40.35,100,25000
20240205,14:57:13,40.05,200,25000
20240205,14:57:17,39.5,150,25000
20240205,14:57:20,39.45,50,25000
20240205,14:57:23,40.4,50,25000
20240205,14:57:25,40.5,50,25000
20240205,14:57:32,39.95,50,25000
20240205,14:57:35,39.8,50,25000
20240205,14:57:43,39.35,50,25000
20240205,14:57:48,38.4,100,25000
20240205,14:57:50,38.9,150,25000
20240205,14:57:52,38.8,50,25000
20240205,14:57:53,39.45,150,25000
20240205,14:57:57,39.95,50,25000
20240205,14:58:00,40.25,50,25000
20240205,14:58:10,40.2,50,25000
20240205,14:58:12,39.65,50,25000
20240205,14:58:13,39.4,100,25000
20240205,14:58:22,40.85,50,25000
20240205,14:58:23,41.0,150,25000
20240205,14:58:25,41.35,250,25000
20240205,14:58:28,41.7,150,25000
20240205,14:58:32,41.3,50,25000
20240205,14:58:33,41.5,50,25000
20240205,14:58:37,41.1,100,25000
20240205,14:58:40,40.4,50,25000
20240205,14:58:43,41.15,50,25000
20240205,14:58:48,40.9,50,25000
20240205,14:58:52,40.95,50,25000
20240205,14:58:55,41.0,50,25000
20240205,14:58:57,41.25,150,25000
20240205,14:58:59,40.85,900,25000
20240205,14:59:04,40.55,100,25000
20240205,14:59:05,40.4,50,25150
20240205,14:59:09,40.45,100,25150
20240205,14:59:10,40.0,500,25150
20240205,14:59:14,40.05,100,25150
20240205,14:59:15,39.55,100,25150
20240205,14:59:19,39.65,300,25150
20240205,14:59:22,40.4,100,25150
20240205,14:59:30,40.85,50,25150
20240205,14:59:35,40.0,50,25150
20240205,14:59:44,40.3,100,25150
20240205,14:59:47,40.9,50,25150
20240205,14:59:48,41.05,50,25150
20240205,14:59:50,41.0,50,25150
20240205,14:59:55,41.0,200,25150
20240205,15:00:00,40.7,150,25150
20240205,15:00:05,41.35,150,25150
20240205,15:00:06,41.1,50,25150
20240205,15:00:08,41.1,750,25150
20240205,15:00:10,40.55,100,25150
20240205,15:00:11,40.05,50,25150
20240205,15:00:13,39.65,100,25150
20240205,15:00:15,39.45,50,25150
20240205,15:00:16,39.5,300,25150
20240205,15:00:20,39.35,100,25150
20240205,15:00:21,39.05,100,25150
20240205,15:00:23,38.35,200,25150
20240205,15:00:25,38.45,150,25150
20240205,15:00:28,38.5,150,25150
20240205,15:00:30,38.45,50,25150
20240205,15:00:31,37.9,800,25150
20240205,15:00:33,37.65,50,25150
20240205,15:00:35,36.95,150,25150
20240205,15:00:36,36.9,100,25150
20240205,15:00:38,36.8,150,25150
20240205,15:00:40,37.0,100,25150
20240205,15:00:41,37.65,250,25150
20240205,15:00:46,39.0,50,25150
20240205,15:00:48,39.25,200,25150
20240205,15:00:50,39.7,200,25150
20240205,15:00:51,40.0,300,25150
20240205,15:00:55,40.25,150,25150
20240205,15:00:56,40.3,50,25150
20240205,15:00:58,40.0,250,25150
20240205,15:01:01,40.7,400,25150
20240205,15:01:03,40.8,50,25150
20240205,15:01:05,40.95,50,25150
20240205,15:01:06,40.75,150,25150
20240205,15:01:08,40.35,50,25150
20240205,15:01:11,39.35,100,25150
20240205,15:01:13,38.95,100,25150
20240205,15:01:17,38.75,200,25150
20240205,15:01:20,38.8,100,25150
20240205,15:01:22,38.8,50,25150
20240205,15:01:25,38.85,350,25150
20240205,15:01:27,39.05,50,25150
20240205,15:01:32,39.2,100,25150
20240205,15:01:33,40.1,300,25150
20240205,15:01:35,40.1,150,25150
20240205,15:01:37,40.35,50,25150
20240205,15:01:38,40.3,150,25150
20240205,15:01:40,40.0,150,25150
20240205,15:01:42,40.0,50,25150
20240205,15:01:43,40.05,150,25150
20240205,15:01:45,40.1,50,25150
20240205,15:01:47,39.85,100,25150
20240205,15:01:53,38.85,50,25150
20240205,15:01:57,39.1,50,25150
20240205,15:02:02,39.1,50,24550
20240205,15:02:03,39.35,50,24550
20240205,15:02:12,39.55,50,24550
20240205,15:02:13,39.35,50,24550
20240205,15:02:18,39.9,100,24550
20240205,15:02:20,39.55,50,24550
20240205,15:02:33,39.8,50,24550
20240205,15:02:42,40.1,50,24550
20240205,15:02:50,39.3,50,24550
20240205,15:02:57,38.4,3000,24550
20240205,15:02:58,38.85,350,24550
20240205,15:03:00,39.1,250,24550
20240205,15:03:02,39.3,100,24550
20240205,15:03:03,39.05,50,24550
20240205,15:03:05,39.1,100,24550
20240205,15:03:10,38.05,100,24550
20240205,15:03:15,37.35,100,24550
20240205,15:03:17,37.25,50,24550
20240205,15:03:28,37.5,150,24550
20240205,15:03:31,37.25,500,24550
20240205,15:03:33,37.75,200,24550
20240205,15:03:38,38.1,200,24550
20240205,15:03:47,37.6,50,24550
20240205,15:03:48,37.55,50,24550
20240205,15:03:55,37.0,100,24550
20240205,15:03:57,36.75,100,24550
20240205,15:04:00,36.7,100,24550
20240205,15:04:05,36.8,100,24550
20240205,15:04:06,36.5,50,24550
20240205,15:04:20,35.65,100,24550
20240205,15:04:23,36.15,100,24550
20240205,15:04:26,36.35,50,24550
20240205,15:04:31,36.55,50,24550
20240205,15:04:33,37.0,200,24550
20240205,15:04:35,36.8,150,24550
20240205,15:04:36,36.65,50,24550
20240205,15:04:41,36.3,50,24550
20240205,15:04:45,36.2,150,24550
20240205,15:04:53,35.55,50,24550
20240205,15:04:56,35.05,100,24550
20240205,15:05:00,35.15,100,24550
20240205,15:05:01,35.05,150,23700
20240205,15:05:03,35.0,800,23700
20240205,15:05:05,35.0,50,23700
20240205,15:05:06,35.0,50,23700
20240205,15:05:08,35.65,50,23700
20240205,15:05:16,36.4,150,23700
20240205,15:05:21,36.65,550,23700
20240205,15:05:23,36.35,100,23700
20240205,15:05:30,36.15,100,23700
20240205,15:05:31,35.8,200,23700
20240205,15:05:36,35.4,50,23700
20240205,15:05:41,35.7,150,23700
20240205,15:05:45,35.5,50,23700
20240205,15:05:46,35.5,50,23700
20240205,15:05:48,35.25,850,23700
20240205,15:05:50,35.25,100,23700
20240205,15:05:52,35.1,50,23700
20240205,15:05:58,34.0,2000,23700
20240205,15:06:00,34.6,150,23700
20240205,15:06:02,34.65,50,23700
20240205,15:06:05,34.55,50,23700
20240205,15:06:13,33.7,50,23700
20240205,15:06:15,33.7,200,23700
20240205,15:06:17,33.65,50,23700
20240205,15:06:18,33.9,150,23700
20240205,15:06:21,34.15,50,23700
20240205,15:06:23,34.25,200,23700
20240205,15:06:33,34.5,50,23700
20240205,15:06:36,34.85,100,23700
20240205,15:06:41,35.25,100,23700
20240205,15:06:43,35.35,50,23700
20240205,15:06:45,35.3,100,23700
20240205,15:06:48,35.05,200,23700
20240205,15:06:50,35.1,400,23700
20240205,15:06:58,35.3,100,23700
20240205,15:07:00,35.4,200,23700
20240205,15:07:01,35.35,200,23700
20240205,15:07:03,35.65,50,23700
20240205,15:07:10,35.9,50,23700
20240205,15:07:11,35.8,50,23700
20240205,15:07:13,35.1,50,23700
20240205,15:07:30,34.45,100,23700
20240205,15:07:35,34.25,100,23700
20240205,15:07:38,34.1,150,23700
20240205,15:07:40,33.85,50,23700
20240205,15:07:53,33.8,50,23700
20240205,15:07:54,34.15,300,23700
20240205,15:07:56,34.35,100,23700
20240205,15:07:58,34.45,50,23700
20240205,15:08:00,34.2,100,23700
20240205,15:08:01,34.2,200,22300
20240205,15:08:05,34.35,50,22300
20240205,15:08:08,34.3,50,22300
20240205,15:08:11,34.65,50,22300
20240205,15:08:20,33.9,50,22300
20240205,15:08:21,33.8,50,22300
20240205,15:08:28,33.8,50,22300
20240205,15:08:38,32.6,200,22300
20240205,15:08:40,32.65,50,22300
20240205,15:08:43,32.45,50,22300
20240205,15:08:45,32.2,50,22300
20240205,15:08:46,32.15,50,22300
20240205,15:08:48,31.75,50,22300
20240205,15:08:50,32.05,50,22300
20240205,15:08:51,32.05,50,22300
20240205,15:08:53,31.55,100,22300
20240205,15:09:00,31.75,100,22300
20240205,15:09:01,31.65,100,22300
20240205,15:09:03,31.6,50,22300
20240205,15:09:06,31.1,50,22300
20240205,15:09:13,31.05,100,22300
20240205,15:09:19,31.35,150,22300
20240205,15:09:23,31.35,50,22300
20240205,15:09:41,30.55,50,22300
20240205,15:09:43,30.8,50,22300
20240205,15:09:44,30.95,50,22300
20240205,15:10:03,31.7,100,22300
20240205,15:10:04,31.45,100,22300
20240205,15:10:08,31.25,1200,22300
20240205,15:10:11,31.3,100,22300
20240205,15:10:16,31.15,100,22300
20240205,15:10:29,30.65,50,22300
20240205,15:10:31,30.85,350,22300
20240205,15:10:38,31.5,50,22300
20240205,15:10:39,31.5,150,22300
20240205,15:10:52,31.7,50,22300
20240205,15:11:03,32.15,100,23400
20240205,15:11:04,32.35,300,23400
20240205,15:11:06,32.15,50,23400
20240205,15:11:08,32.25,50,23400
20240205,15:11:11,32.5,150,23400
20240205,15:11:16,32.95,50,23400
20240205,15:11:17,33.5,100,23400
20240205,15:11:21,33.5,150,23400
20240205,15:11:22,33.35,50,23400
20240205,15:11:24,33.65,50,23400
20240205,15:11:27,33.0,50,23400
20240205,15:11:39,33.4,100,23400
20240205,15:11:44,33.1,250,23400
20240205,15:11:52,33.55,50,23400
20240205,15:12:04,33.95,150,23400
20240205,15:12:14,33.85,150,23400
20240205,15:12:17,33.8,150,23400
20240205,15:12:27,33.8,100,23400
20240205,15:12:29,34.35,150,23400
20240205,15:12:31,34.6,100,23400
20240205,15:12:32,34.65,50,23400
20240205,15:12:34,34.5,50,23400
20240205,15:12:50,35.3,50,23400
20240205,15:12:52,35.4,100,23400
20240205,15:12:54,34.95,100,23400
20240205,15:12:57,34.55,250,23400
20240205,15:13:00,34.95,50,23400
20240205,15:13:02,35.15,50,23400
20240205,15:13:04,35.3,100,23400
20240205,15:13:10,35.65,50,23400
20240205,15:13:14,35.65,50,23400
20240205,15:13:19,35.95,100,23400
20240205,15:13:20,35.35,50,23400
20240205,15:13:34,34.95,100,23400
20240205,15:13:45,35.75,50,23400
20240205,15:13:54,35.2,100,23400
20240205,15:13:57,34.65,200,23400
20240205,15:14:00,35.2,50,23400
20240205,15:14:07,35.85,100,23450
20240205,15:14:09,35.85,50,23450
20240205,15:14:12,35.75,100,23450
20240205,15:14:14,35.95,50,23450
20240205,15:14:15,36.05,50,23450
20240205,15:14:27,35.55,50,23450
20240205,15:14:34,35.8,300,23450
20240205,15:14:45,36.75,150,23450
20240205,15:14:52,36.65,250,23450
20240205,15:14:54,36.4,50,23450
20240205,15:14:59,37.0,50,23450
20240205,15:15:02,36.85,100,23450
20240205,15:15:20,36.6,50,23450
20240205,15:15:27,37.55,50,23450
20240205,15:15:29,36.95,100,23450
20240205,15:15:32,37.05,100,23450
20240205,15:15:37,37.25,50,23450
20240205,15:15:40,36.75,150,23450
20240205,15:15:47,37.15,50,23450
20240205,15:16:00,37.25,50,23450
20240205,15:16:09,37.3,100,23450
20240205,15:16:14,36.75,600,23450
20240205,15:16:15,36.8,50,23450
20240205,15:16:17,36.65,50,23450
20240205,15:16:24,36.6,500,23450
20240205,15:16:29,36.75,100,23450
20240205,15:16:30,37.4,550,23450
20240205,15:16:35,36.95,100,23450
20240205,15:16:39,37.15,50,23450
20240205,15:16:40,37.15,100,23450
20240205,15:16:50,36.65,50,23450
20240205,15:16:52,36.45,100,23450
20240205,15:17:00,35.45,100,23450
20240205,15:17:02,35.55,100,24100
20240205,15:17:04,35.4,50,24100
20240205,15:17:05,35.25,100,24100
20240205,15:17:07,34.9,100,24100
20240205,15:17:09,34.65,250,24100
20240205,15:17:10,35.05,250,24100
20240205,15:17:19,35.55,50,24100
20240205,15:17:20,35.3,100,24100
20240205,15:17:29,35.6,700,24100
20240205,15:17:30,35.6,350,24100
20240205,15:17:32,35.3,100,24100
20240205,15:17:40,34.9,50,24100
20240205,15:17:52,35.1,500,24100
20240205,15:18:04,35.35,50,24100
20240205,15:18:05,35.3,50,24100
20240205,15:18:14,34.55,50,24100
20240205,15:18:15,34.5,150,24100
20240205,15:18:20,35.0,100,24100
20240205,15:18:25,35.45,50,24100
20240205,15:18:37,36.4,50,24100
20240205,15:18:42,36.3,150,24100
20240205,15:18:52,36.2,150,24100
20240205,15:18:53,36.0,50,24100
20240205,15:18:55,35.8,50,24100
20240205,15:18:57,35.85,50,24100
20240205,15:19:00,36.15,100,24100
20240205,15:19:02,36.3,50,24100
20240205,15:19:08,36.75,200,24100
20240205,15:19:15,36.3,150,24100
20240205,15:19:30,37.15,50,24100
20240205,15:20:02,36.45,100,24100
20240205,15:20:05,37.1,50,24500
20240205,15:20:07,36.6,50,24500
20240205,15:20:13,36.45,100,24500
20240205,15:20:33,37.4,50,24500
20240205,15:20:35,37.3,50,24500
20240205,15:20:40,37.7,300,24500
20240205,15:20:43,37.7,150,24500
20240205,15:20:47,37.4,100,24500
20240205,15:20:50,37.35,100,24500
20240205,15:20:53,37.85,100,24500
20240205,15:20:57,37.65,50,24500
20240205,15:20:58,37.35,50,24500
20240205,15:21:07,37.3,50,24500
20240205,15:21:08,37.55,50,24500
20240205,15:21:10,37.65,50,24500
20240205,15:21:17,37.45,50,24500
20240205,15:21:25,37.05,50,24500
20240205,15:21:40,37.15,50,24500
20240205,15:21:58,37.15,50,24500
20240205,15:22:00,36.9,50,24500
20240205,15:22:03,36.85,200,24500
20240205,15:22:07,36.8,50,24500
20240205,15:22:20,36.0,50,24500
20240205,15:22:28,36.35,50,24500
20240205,15:23:03,36.45,50,24450
20240205,15:23:27,36.0,1050,24450
20240205,15:23:28,36.15,50,24450
20240205,15:23:35,35.85,150,24450
20240205,15:23:47,35.75,100,24450
20240205,15:23:52,35.85,50,24450
20240205,15:24:00,36.05,50,24450
20240205,15:24:33,36.7,200,24450
20240205,15:24:41,36.65,50,24450
20240205,15:24:58,36.65,50,24450
20240205,15:25:17,36.7,150,24450
20240205,15:25:26,36.75,50,24450
20240205,15:25:35,36.7,50,24450
20240205,15:25:44,36.5,100,24450
20240205,15:25:53,36.85,50,24450
20240205,15:26:01,37.05,200,24450
20240205,15:26:10,37.3,150,25300
20240205,15:26:18,36.8,50,25300
20240205,15:26:35,37.5,1250,25300
20240205,15:26:43,37.2,250,25300
20240205,15:27:03,37.65,100,25300
20240205,15:27:06,37.65,350,25300
20240205,15:27:11,37.5,150,25300
20240205,15:28:20,37.25,650,25300
20240205,15:29:05,37.4,750,25550
20240205,15:29:15,37.45,650,25550
20240205,15:29:23,37.7,100,25550
20240205,15:29:32,37.45,1100,25550
20240205,15:29:40,37.9,50,25550
20240205,15:29:50,37.5,300,25550
20240206,09:15:24,36.3,1,25300
20240206,09:15:24,36.3,50,25300
20240206,09:15:34,33.65,350,25300
20240206,09:15:45,33.65,50,25300
20240206,09:16:04,31.45,650,25300
20240206,09:16:15,31.75,250,25300
20240206,09:16:26,31.35,50,25300
20240206,09:16:35,30.95,300,25700
20240206,09:16:46,30.95,100,25700
20240206,09:16:58,33.9,300,25700
20240206,09:17:21,34.25,300,25700
20240206,09:17:41,35.45,250,25700
20240206,09:17:50,36.45,100,25700
20240206,09:17:59,36.85,50,25700
20240206,09:18:24,38.25,100,25700
20240206,09:18:26,38.35,100,25700
20240206,09:18:31,38.65,200,25700
20240206,09:18:34,38.65,50,25700
20240206,09:18:36,39.2,1100,25700
20240206,09:18:39,39.2,100,25700
20240206,09:18:44,38.35,100,25700
20240206,09:18:55,38.25,200,25700
20240206,09:18:58,38.1,50,25700
20240206,09:19:15,37.45,50,25700
20240206,09:19:18,36.6,1100,25700
20240206,09:19:28,36.75,100,26250
20240206,09:19:31,35.7,150,26250
20240206,09:19:35,35.45,50,26250
20240206,09:19:41,35.65,300,26250
20240206,09:19:51,35.95,50,26250
20240206,09:19:53,36.05,50,26250
20240206,09:19:55,35.95,100,26250
20240206,09:20:00,36.05,150,26250
20240206,09:20:01,36.35,150,26250
20240206,09:20:06,36.6,200,26250
20240206,09:20:13,37.3,200,26250
20240206,09:20:18,37.5,200,26250
20240206,09:20:21,38.1,100,26250
20240206,09:20:23,38.45,50,26250
20240206,09:20:26,38.65,100,26250
20240206,09:20:30,39.1,100,26250
20240206,09:20:31,38.65,250,26250
20240206,09:20:33,38.75,50,26250
20240206,09:20:36,38.15,50,26250
20240206,09:20:40,38.5,250,26250
20240206,09:20:46,38.25,200,26250
20240206,09:20:48,38.4,100,26250
20240206,09:20:50,38.5,100,26250
20240206,09:20:55,38.9,50,26250
20240206,09:20:56,38.95,50,26250
20240206,09:20:58,38.95,100,26250
20240206,09:21:00,38.85,200,26250
20240206,09:21:05,38.4,100,26250
20240206,09:21:10,38.6,100,26250
20240206,09:21:11,38.75,50,26250
20240206,09:21:13,38.95,50,26250
20240206,09:21:16,39.3,50,26250
20240206,09:21:21,39.3,100,26250
20240206,09:21:33,38.2,150,26250
20240206,09:21:45,38.5,100,26250
20240206,09:21:48,38.55,50,26250
