date,time,tick_price,volume,open_interest
20240215,13:16:55,1.2,250,250
20240215,13:27:24,1.85,100,250
20240215,13:27:54,1.85,100,250
20240215,13:51:19,1.75,400,350
20240215,13:51:28,1.75,1000,350
20240215,13:51:37,1.7,150,350
20240215,13:51:52,1.75,50,350
20240215,13:52:40,1.75,50,1900
20240215,13:53:29,1.75,100,1900
20240215,13:55:02,1.75,300,1900
20240215,14:19:42,1.75,50,2300
20240215,14:29:57,1.8,500,2350
20240215,14:33:56,1.25,50,2600
20240215,14:35:16,1.25,250,2550
20240215,14:35:22,1.45,450,2550
20240215,14:37:48,1.75,50,2050
20240215,14:39:42,1.35,500,2050
20240215,14:51:07,1.35,50,1600
20240215,14:51:15,1.35,50,1600
20240215,14:51:24,1.35,450,1600
20240215,14:52:34,1.3,150,1600
20240215,15:04:23,1.3,100,1600
20240215,15:20:15,1.5,250,1600
20240215,15:20:21,1.45,850,1600
20240215,15:25:54,1.3,50,900
20240215,15:26:52,1.4,50,900
20240216,09:15:06,1.45,1,800
20240216,09:15:06,1.45,3200,800
20240216,09:15:07,1.45,100,800
20240216,09:15:10,1.45,100,800
20240216,09:15:15,1.4,50,800
20240216,09:15:17,1.35,250,800
20240216,09:15:21,1.35,50,800
20240216,09:15:24,1.35,50,800
20240216,09:15:55,1.45,50,4400
20240216,09:16:32,1.35,250,4400
20240216,09:16:37,1.35,250,4400
20240216,09:16:45,1.35,350,4400
20240216,09:16:50,1.4,100,4400
20240216,09:17:01,1.35,250,4400
20240216,09:18:21,1.4,100,4400
20240216,09:19:31,1.4,100,4400
20240216,09:19:36,1.4,50,5400
20240216,09:20:12,1.4,50,5400
20240216,09:21:14,1.4,100,5400
20240216,09:22:14,1.4,250,5400
20240216,09:22:18,1.35,650,5400
20240216,09:22:57,1.4,500,5400
20240216,09:23:06,1.35,400,5400
20240216,09:23:07,1.3,1800,5400
20240216,09:23:12,1.3,300,5400
20240216,09:23:22,1.35,200,5400
20240216,09:24:46,1.3,1250,7500
20240216,09:26:22,1.35,500,7500
20240216,09:26:25,1.35,1300,7500
20240216,09:26:27,1.25,50,7500
20240216,09:27:18,1.25,450,7500
20240216,09:27:20,1.35,150,7500
20240216,09:27:41,1.35,100,7500
20240216,09:28:33,1.35,50,6300
20240216,09:29:26,1.35,150,6300
20240216,09:29:35,1.35,900,6300
20240216,09:29:47,1.35,200,6300
20240216,09:30:14,1.4,200,6300
20240216,09:32:21,1.3,200,6150
20240216,09:32:36,1.3,100,6150
20240216,09:32:37,1.3,100,6150
20240216,09:33:15,1.35,50,6150
20240216,09:33:49,1.25,50,5950
20240216,09:34:25,1.25,3000,5950
20240216,09:37:08,1.25,2000,5050
20240216,09:37:10,1.2,1100,5050
20240216,09:37:40,1.15,1000,5050
20240216,09:37:42,1.15,50,5050
20240216,09:38:15,1.15,100,5050
20240216,09:38:23,1.25,50,5050
20240216,09:38:34,1.15,100,5050
20240216,09:39:07,1.1,750,5050
20240216,09:39:13,1.1,300,5050
20240216,09:39:26,1.15,250,5050
20240216,09:40:56,1.15,50,5050
20240216,09:41:27,1.15,50,7500
20240216,09:41:33,1.15,250,7500
20240216,09:43:04,1.2,250,7500
20240216,09:43:10,1.15,400,7500
20240216,09:43:11,1.05,1000,7500
20240216,09:45:05,1.05,250,7500
20240216,09:47:09,1.1,300,9050
20240216,09:47:14,1.1,50,9050
20240216,09:47:31,1.1,50,9050
20240216,09:47:39,1.1,50,9050
20240216,09:47:44,1.1,250,9050
20240216,09:47:55,1.05,1800,9050
20240216,09:47:58,1.1,250,9050
20240216,09:47:59,1.05,350,9050
20240216,09:48:08,1.0,1900,9050
20240216,09:48:09,1.0,100,9050
20240216,09:48:10,0.95,2950,9050
20240216,09:48:14,1.05,1550,9050
20240216,09:48:17,1.05,750,9050
20240216,09:48:29,1.05,100,9050
20240216,09:48:50,1.0,50,9050
20240216,09:49:02,1.05,1150,14300
20240216,09:49:04,1.05,50,14300
20240216,09:49:09,1.05,350,14300
20240216,09:49:58,1.05,50,14300
20240216,09:50:05,1.05,400,14300
20240216,09:50:07,0.95,4950,14300
20240216,09:50:23,1.0,500,14300
20240216,09:50:32,1.0,150,14300
20240216,09:51:28,1.1,250,14300
20240216,09:51:34,1.1,50,14300
20240216,09:51:52,1.05,550,18750
20240216,09:51:56,1.1,500,18750
20240216,09:52:21,1.1,100,18750
20240216,09:52:52,1.0,100,18750
20240216,09:53:09,1.05,100,18750
20240216,09:53:36,1.1,50,18750
20240216,09:54:50,1.1,150,18750
20240216,09:55:38,1.1,850,18900
20240216,09:56:36,1.05,50,18900
20240216,09:57:26,1.15,50,18900
20240216,09:57:26,1.15,800,18900
20240216,09:58:23,1.15,250,19250
20240216,09:58:24,1.15,1150,19250
20240216,09:58:25,1.15,50,19250
20240216,09:58:27,1.15,50,19250
20240216,09:58:28,1.15,50,19250
20240216,09:58:32,1.15,50,19250
20240216,09:58:41,1.2,250,19250
20240216,09:58:43,1.2,450,19250
20240216,09:58:45,1.15,50,19250
20240216,09:58:46,1.15,50,19250
20240216,09:59:11,1.15,50,19250
20240216,09:59:32,1.15,50,19250
20240216,10:01:47,1.15,800,18450
20240216,10:02:48,1.2,4950,18450
20240216,10:02:49,1.25,2400,18450
20240216,10:03:09,1.25,50,18450
20240216,10:03:24,1.2,50,18450
20240216,10:04:05,1.2,350,18450
20240216,10:06:57,1.2,350,15150
20240216,10:07:40,1.3,5550,15050
20240216,10:07:42,1.2,6700,15050
20240216,10:07:43,1.2,50,15050
20240216,10:08:10,1.25,400,15050
20240216,10:08:59,1.35,800,15050
20240216,10:09:04,1.25,350,15050
20240216,10:09:33,1.25,1100,15050
20240216,10:09:36,1.25,300,15050
20240216,10:10:08,1.3,2600,9450
20240216,10:10:09,1.3,50,9450
20240216,10:10:13,1.25,900,9450
20240216,10:10:47,1.25,1800,9450
20240216,10:10:48,1.25,50,9450
20240216,10:12:18,1.25,2200,9450
20240216,10:12:56,1.25,150,11000
20240216,10:13:12,1.3,200,11000
20240216,10:13:15,1.3,3800,11000
20240216,10:13:16,1.25,4650,11000
20240216,10:13:19,1.25,1950,11000
20240216,10:14:17,1.25,50,11000
20240216,10:14:26,1.25,50,11000
20240216,10:14:27,1.25,50,11000
20240216,10:15:15,1.25,300,11000
20240216,10:15:39,1.25,50,11350
20240216,10:15:40,1.25,50,11350
20240216,10:15:47,1.25,50,11350
20240216,10:15:56,1.25,50,11350
20240216,10:17:54,1.25,450,11350
20240216,10:18:15,1.25,600,11350
20240216,10:18:16,1.25,100,11350
20240216,10:19:08,1.25,50,10950
20240216,10:19:44,1.25,250,10950
20240216,10:21:45,1.25,200,10950
20240216,10:22:14,1.25,250,10950
20240216,10:26:27,1.25,100,10750
20240216,10:28:30,1.2,200,10750
20240216,10:29:01,1.25,50,10700
20240216,10:29:04,1.25,50,10700
20240216,10:30:13,1.25,200,10700
20240216,10:30:49,1.2,550,10700
20240216,10:32:10,1.25,100,10700
20240216,10:32:22,1.25,50,10700
20240216,10:32:25,1.25,800,10700
20240216,10:37:23,1.25,50,10700
20240216,10:39:40,1.25,1550,10750
20240216,10:41:32,1.25,50,10750
20240216,10:44:16,1.25,50,11000
20240216,10:44:17,1.25,50,11000
20240216,10:45:26,1.25,3100,11000
20240216,10:45:37,1.25,100,11000
20240216,10:47:01,1.25,50,11000
20240216,10:47:23,1.25,100,10600
20240216,10:49:36,1.3,50,10600
20240216,10:50:29,1.25,50,10500
20240216,10:50:30,1.25,50,10500
20240216,10:50:59,1.25,500,10500
20240216,10:51:18,1.25,50,10500
20240216,10:51:24,1.25,50,10500
20240216,10:51:30,1.25,50,10500
20240216,10:52:59,1.25,50,10200
20240216,10:53:49,1.2,1450,10200
20240216,10:57:36,1.25,50,10200
20240216,10:58:08,1.25,50,9700
20240216,11:00:46,1.2,1700,9700
20240216,11:01:13,1.2,50,9700
20240216,11:01:39,1.2,3850,9700
20240216,11:01:40,1.15,4850,9700
20240216,11:01:49,1.15,2500,9700
20240216,11:03:20,1.15,50,9700
20240216,11:06:34,1.15,1100,15600
20240216,11:06:35,1.1,4950,15600
20240216,11:06:37,1.1,6400,15600
20240216,11:07:02,1.15,50,15600
20240216,11:07:27,1.15,100,19150
20240216,11:07:32,1.15,100,19150
20240216,11:09:03,1.05,50,19150
20240216,11:09:47,1.15,50,19150
20240216,11:10:03,1.15,50,19300
20240216,11:11:05,1.15,750,19300
20240216,11:12:58,1.05,100,19350
20240216,11:13:01,1.05,50,19350
20240216,11:13:20,1.15,50,19350
20240216,11:13:42,1.05,50,19350
20240216,11:16:08,1.1,1900,19350
20240216,11:16:09,1.1,2000,19300
20240216,11:16:15,1.15,150,19300
20240216,11:17:30,1.05,50,19300
20240216,11:21:02,1.15,50,19300
20240216,11:21:37,1.15,450,21400
20240216,11:24:19,1.15,500,21250
20240216,11:24:53,1.1,2350,21250
20240216,11:24:54,1.1,4400,21250
20240216,11:25:31,1.1,650,21250
20240216,11:26:08,1.1,2000,21250
20240216,11:26:09,1.05,2150,21250
20240216,11:26:35,1.1,50,21250
20240216,11:26:58,1.1,100,21250
20240216,11:27:40,1.1,100,21250
20240216,11:29:51,1.05,900,28150
20240216,11:33:20,1.05,2700,28150
20240216,11:33:21,1.05,3100,28800
20240216,11:34:12,1.1,200,33450
20240216,11:34:51,1.05,2350,33450
20240216,11:36:15,1.1,200,33450
20240216,11:36:28,1.1,300,33450
20240216,11:36:31,1.1,100,33450
20240216,11:37:04,1.1,100,34700
20240216,11:37:47,1.05,200,34700
20240216,11:37:51,1.1,300,34700
20240216,11:38:01,1.1,200,34700
20240216,11:38:33,1.1,200,34700
20240216,11:39:22,1.1,650,34700
20240216,11:39:31,1.1,200,34700
20240216,11:39:35,1.1,1900,34700
20240216,11:39:42,1.1,100,34700
20240216,11:39:44,1.1,250,34700
20240216,11:40:02,1.1,150,34950
20240216,11:41:00,1.05,50,34950
20240216,11:41:20,1.05,100,34950
20240216,11:42:03,1.1,2150,34950
20240216,11:42:29,1.05,50,34950
20240216,11:42:59,1.05,250,36700
20240216,11:43:05,1.05,3650,36700
20240216,11:43:06,1.0,1800,36700
20240216,11:46:41,1.1,850,40750
20240216,11:46:48,1.1,50,40750
20240216,11:47:04,1.1,100,40750
20240216,11:47:31,1.05,100,40750
20240216,11:48:05,1.05,1850,40750
20240216,11:49:10,1.05,50,42500
20240216,11:50:39,1.1,1000,42500
20240216,11:51:16,1.1,50,42500
20240216,11:55:10,1.1,200,42500
20240216,11:55:40,1.05,50,43000
20240216,11:55:48,1.05,50,43000
20240216,11:58:00,1.05,100,43000
20240216,11:58:56,1.1,50,43200
20240216,12:02:36,1.1,450,43250
20240216,12:03:04,1.05,300,43250
20240216,12:03:19,1.05,100,43250
20240216,12:03:52,1.05,1100,43650
20240216,12:04:35,1.1,50,43650
20240216,12:06:30,1.05,350,43650
20240216,12:06:33,1.05,100,43650
20240216,12:07:08,1.1,50,43650
20240216,12:08:39,1.1,50,43750
20240216,12:09:15,1.1,50,43750
20240216,12:11:34,1.1,50,43900
20240216,12:13:16,1.05,950,43900
20240216,12:13:17,1.05,200,43950
20240216,12:17:06,1.1,50,43950
20240216,12:17:48,1.05,200,43950
20240216,12:18:45,1.0,1800,43950
20240216,12:19:03,1.05,50,44650
20240216,12:20:01,1.0,1800,44650
20240216,12:20:05,1.0,3150,44650
20240216,12:20:06,1.0,100,44650
20240216,12:20:12,1.0,100,44650
20240216,12:20:16,1.0,200,44650
20240216,12:20:32,1.0,200,44650
20240216,12:20:58,1.0,400,44650
20240216,12:21:11,1.0,350,44650
20240216,12:21:12,0.95,1400,44650
20240216,12:21:13,1.0,100,44650
20240216,12:21:15,1.0,650,44650
20240216,12:21:35,1.0,100,44650
20240216,12:21:41,1.0,550,44650
20240216,12:22:03,1.0,250,44650
20240216,12:22:43,0.95,650,46200
20240216,12:22:54,1.0,50,46200
20240216,12:22:55,0.95,1800,46200
20240216,12:22:56,0.95,4200,46200
20240216,12:22:57,1.0,750,46200
20240216,12:23:12,0.95,1400,46200
20240216,12:23:13,0.95,100,46200
20240216,12:23:15,0.95,50,46200
20240216,12:23:16,0.95,50,46200
20240216,12:23:30,0.95,100,46200
20240216,12:24:12,0.95,100,46200
20240216,12:24:25,0.95,50,46200
20240216,12:26:01,0.95,50,50200
20240216,12:26:17,0.95,150,50200
20240216,12:26:31,0.95,50,50200
20240216,12:26:52,0.9,1800,50200
20240216,12:26:53,0.9,2350,50200
20240216,12:27:01,0.95,500,50200
20240216,12:27:27,0.95,1600,50200
20240216,12:27:32,0.95,250,50200
20240216,12:27:41,0.9,50,50200
20240216,12:29:03,0.9,1850,55650
20240216,12:29:03,0.85,5500,55650
20240216,12:29:04,0.85,1800,55650
20240216,12:29:05,0.85,1100,55650
20240216,12:29:06,0.95,400,55650
20240216,12:29:10,0.9,850,55650
20240216,12:29:11,0.85,4050,55650
20240216,12:29:29,0.85,1800,55650
20240216,12:29:57,0.85,1800,55650
20240216,12:30:10,0.85,1800,55650
20240216,12:30:11,0.9,350,55650
20240216,12:30:12,0.8,6250,55650
20240216,12:30:13,0.8,1900,55650
20240216,12:30:17,0.9,1950,55650
20240216,12:30:18,0.85,350,55650
20240216,12:30:22,0.85,1000,55650
20240216,12:30:23,0.85,350,55650
20240216,12:30:25,0.85,500,55650
20240216,12:30:29,0.85,100,55650
20240216,12:30:50,0.85,250,55650
20240216,12:31:09,0.85,250,80000
20240216,12:31:11,0.85,250,80000
20240216,12:31:17,0.85,250,80000
20240216,12:32:14,0.8,2100,80000
20240216,12:32:15,0.85,250,80000
20240216,12:32:50,0.85,500,80000
20240216,12:32:59,0.85,3850,80000
20240216,12:33:01,0.8,3650,80000
20240216,12:33:03,0.8,350,80000
20240216,12:33:04,0.8,350,80000
20240216,12:33:09,0.8,350,80000
20240216,12:33:13,0.8,1400,80000
20240216,12:33:17,0.8,2800,80000
20240216,12:34:03,0.85,1250,86900
20240216,12:34:30,0.85,100,86900
20240216,12:35:10,0.85,800,86900
20240216,12:35:11,0.8,3050,86900
20240216,12:35:25,0.85,250,86900
20240216,12:36:22,0.85,6250,86900
20240216,12:36:47,0.85,500,86900
20240216,12:36:59,0.85,50,86900
20240216,12:37:23,0.85,250,95250
20240216,12:37:55,0.85,50,95250
20240216,12:37:58,0.85,450,95250
20240216,12:38:03,0.85,50,95250
20240216,12:38:48,0.85,900,95250
20240216,12:39:26,0.85,500,95250
20240216,12:40:02,0.85,100,95250
20240216,12:41:12,0.85,250,95250
20240216,12:41:53,0.85,2700,95250
20240216,12:41:54,0.85,2050,95250
20240216,12:41:56,0.9,200,95250
20240216,12:42:57,0.9,250,95250
20240216,12:43:40,0.9,100,95250
20240216,12:43:57,0.85,50,95250
20240216,12:44:06,0.85,50,95250
20240216,12:44:49,0.85,50,95250
20240216,12:45:56,0.85,1600,95250
20240216,12:46:00,0.9,2000,95250
20240216,12:46:01,0.9,200,95250
20240216,12:46:11,0.85,2100,95250
20240216,12:46:12,0.85,50,95250
20240216,12:46:13,0.85,100,95250
20240216,12:46:14,0.85,50,95250
20240216,12:46:15,0.85,100,95250
20240216,12:46:24,0.85,50,95250
20240216,12:46:46,0.85,1200,95250
20240216,12:46:58,0.85,250,95250
20240216,12:46:58,0.85,350,95250
20240216,12:47:05,0.9,50,95250
20240216,12:47:14,0.85,50,95250
20240216,12:47:29,0.9,50,95250
20240216,12:48:29,0.9,250,95250
20240216,12:50:02,0.9,100,95250
20240216,12:50:04,0.9,500,95250
20240216,12:53:35,0.9,50,95250
20240216,12:54:03,0.85,500,95250
20240216,12:54:24,0.9,1250,95250
20240216,12:55:29,0.9,2900,95250
20240216,12:55:47,0.9,500,95250
20240216,12:55:55,0.9,1800,95250
20240216,12:55:57,0.9,50,95250
20240216,12:56:04,0.9,50,95250
20240216,12:56:16,0.95,500,95250
20240216,12:56:37,0.95,50,95250
20240216,12:57:42,0.9,250,95250
20240216,13:00:36,0.9,250,95250
20240216,13:01:07,0.95,50,95250
20240216,13:03:21,0.95,1900,95250
20240216,13:03:25,0.95,50,95250
20240216,13:03:38,0.95,50,95250
20240216,13:03:59,0.9,50,95250
20240216,13:04:10,0.95,50,95350
20240216,13:04:21,0.95,50,95350
20240216,13:05:18,0.95,50,95350
20240216,13:06:15,1.0,50,95350
20240216,13:07:24,0.9,50,95350
20240216,13:09:03,1.0,200,95350
20240216,13:09:09,1.0,50,95350
20240216,13:10:27,0.9,50,95350
20240216,13:16:04,1.0,50,95350
20240216,13:16:19,0.95,250,95350
20240216,13:18:18,0.95,50,95350
20240216,13:19:13,0.95,50,95350
20240216,13:19:42,0.9,50,95350
20240216,13:20:09,0.95,50,95350
20240216,13:20:49,0.9,50,95350
20240216,13:21:55,0.9,500,95350
20240216,13:22:16,0.95,100,95350
20240216,13:22:34,0.9,600,95300
20240216,13:24:39,0.9,250,95300
20240216,13:24:40,0.9,250,95300
20240216,13:26:44,0.9,500,95200
20240216,13:26:52,0.9,50,95200
20240216,13:27:14,0.95,50,95200
20240216,13:27:51,0.95,250,95200
20240216,13:28:08,0.9,50,95150
20240216,13:28:25,0.95,100,95150
20240216,13:28:26,0.95,300,95150
20240216,13:29:01,0.9,50,95150
20240216,13:30:43,0.9,50,95150
20240216,13:30:46,0.85,50,95150
20240216,13:31:00,0.85,50,95150
20240216,13:31:08,0.85,50,95150
20240216,13:31:18,0.85,1600,95350
20240216,13:31:20,0.85,100,95350
20240216,13:31:43,0.85,50,95350
20240216,13:32:26,0.85,100,95350
20240216,13:33:17,0.85,250,95350
20240216,13:33:17,0.8,1800,95350
20240216,13:33:18,0.8,1800,95350
20240216,13:33:27,0.85,1000,95350
20240216,13:35:34,0.8,50,99600
20240216,13:36:02,0.8,1900,99600
20240216,13:36:03,0.75,1800,99600
20240216,13:36:12,0.75,2250,99600
20240216,13:36:40,0.8,1550,99600
20240216,13:36:41,0.75,5400,99600
20240216,13:37:03,0.8,50,99600
20240216,13:37:04,0.8,50,110200
20240216,13:37:43,0.8,100,110200
20240216,13:39:01,0.8,50,110200
20240216,13:39:32,0.8,50,110200
20240216,13:39:44,0.8,50,110200
20240216,13:39:53,0.8,50,110200
20240216,13:40:27,0.8,500,110200
20240216,13:40:34,0.8,850,110200
20240216,13:40:35,0.75,1800,110200
20240216,13:40:39,0.8,100,110200
20240216,13:41:37,0.8,150,110200
20240216,13:41:46,0.8,50,110200
20240216,13:41:51,0.8,50,110200
20240216,13:41:52,0.8,100,110200
20240216,13:41:57,0.8,350,110200
20240216,13:42:21,0.8,350,110200
20240216,13:42:31,0.8,500,110200
20240216,13:43:30,0.8,500,112050
20240216,13:43:32,0.8,50,112050
20240216,13:43:52,0.75,50,112050
20240216,13:43:54,0.8,50,112050
20240216,13:44:06,0.75,50,112050
20240216,13:45:07,0.8,250,112050
20240216,13:45:38,0.8,1000,112050
20240216,13:45:41,0.8,1800,112050
20240216,13:45:46,0.75,1800,112050
20240216,13:45:55,0.8,500,112050
20240216,13:46:00,0.8,500,112050
20240216,13:46:01,0.8,750,112050
20240216,13:46:17,0.8,800,113850
20240216,13:46:23,0.8,300,113850
20240216,13:46:30,0.75,1800,113850
20240216,13:46:31,0.75,1800,113850
20240216,13:46:32,0.8,700,113850
20240216,13:46:33,0.75,50,113850
20240216,13:46:35,0.8,100,113850
20240216,13:47:10,0.75,1800,113850
20240216,13:47:10,0.75,3350,113850
20240216,13:47:12,0.7,3650,113850
20240216,13:47:12,0.7,1250,113850
20240216,13:47:13,0.75,100,113850
20240216,13:47:15,0.75,50,113850
20240216,13:47:22,0.75,50,113850
20240216,13:47:32,0.75,500,113850
20240216,13:47:56,0.75,500,113850
20240216,13:48:05,0.75,500,113850
20240216,13:48:06,0.75,250,113850
20240216,13:48:14,0.75,1800,113850
20240216,13:48:15,0.75,1800,113850
20240216,13:48:51,0.75,50,113850
20240216,13:49:01,0.75,50,113850
20240216,13:49:50,0.75,100,125200
20240216,13:50:51,0.75,50,125200
20240216,13:52:09,0.75,50,125200
20240216,13:52:48,0.75,50,125050
20240216,13:53:45,0.75,50,125050
20240216,13:54:24,0.75,50,125050
20240216,13:54:40,0.8,100,125050
20240216,13:56:46,0.8,300,125050
20240216,13:56:48,0.8,650,124850
20240216,13:58:02,0.75,100,124850
20240216,13:58:24,0.75,100,124850
20240216,13:59:45,0.75,50,124800
20240216,14:00:04,0.75,1800,124800
20240216,14:00:05,0.75,1200,124800
20240216,14:00:39,0.7,1800,124800
20240216,14:00:54,0.75,150,124800
20240216,14:03:24,0.75,50,128850
20240216,14:03:54,0.75,50,128850
20240216,14:04:41,0.75,50,128850
20240216,14:06:06,0.75,250,128850
20240216,14:06:37,0.75,400,128850
20240216,14:06:41,0.75,1800,128850
20240216,14:06:44,0.75,1200,128850
20240216,14:06:44,0.8,1100,128850
20240216,14:06:45,0.75,350,128850
20240216,14:06:47,0.75,50,128850
20240216,14:06:51,0.75,900,128850
20240216,14:09:06,0.75,50,128900
20240216,14:10:21,0.75,50,128900
20240216,14:13:23,0.75,2600,128900
20240216,14:13:24,0.75,50,128900
20240216,14:13:25,0.75,50,128900
20240216,14:13:26,0.75,50,128900
20240216,14:13:27,0.75,50,128900
20240216,14:13:38,0.75,1800,128900
20240216,14:13:45,0.75,500,128900
20240216,14:13:48,0.75,100,128900
20240216,14:13:50,0.75,50,128900
20240216,14:14:01,0.8,500,128900
20240216,14:14:10,0.8,700,128900
20240216,14:14:20,0.75,100,128900
20240216,14:14:34,0.75,300,128900
20240216,14:15:36,0.8,50,128900
20240216,14:16:26,0.8,200,128900
20240216,14:16:34,0.8,50,128900
20240216,14:18:37,0.8,900,128900
20240216,14:23:28,0.75,50,128900
20240216,14:23:39,0.8,50,128900
20240216,14:29:04,0.8,250,128900
20240216,14:30:53,0.8,300,128900
20240216,14:30:54,0.8,700,128900
20240216,14:30:54,0.85,3250,128900
20240216,14:30:55,0.8,400,128900
20240216,14:31:02,0.8,400,128900
20240216,14:31:17,0.85,1850,128850
20240216,14:31:19,0.85,50,128850
20240216,14:31:20,0.8,350,128850
20240216,14:31:22,0.8,50,128850
20240216,14:31:23,0.75,300,128850
20240216,14:32:04,0.75,150,128850
20240216,14:32:05,0.75,1050,128850
20240216,14:32:07,0.75,400,128850
20240216,14:32:20,0.75,1350,128850
20240216,14:33:32,0.8,50,128850
20240216,14:35:35,0.75,750,128850
20240216,14:35:48,0.75,750,128850
20240216,14:36:00,0.75,50,128850
20240216,14:37:35,0.75,300,128850
20240216,14:39:13,0.8,50,128850
20240216,14:39:27,0.8,500,128850
20240216,14:40:07,0.8,50,128850
20240216,14:40:19,0.8,550,128850
20240216,14:40:43,0.8,50,128850
20240216,14:41:30,0.8,50,128850
20240216,14:42:35,0.8,1800,128850
20240216,14:42:37,0.8,1800,128850
20240216,14:43:11,0.8,1800,128850
20240216,14:43:12,0.8,1800,128850
20240216,14:45:00,0.85,100,128850
20240216,14:45:01,0.85,100,128850
20240216,14:45:29,0.85,100,128850
20240216,14:45:30,0.8,500,128850
20240216,14:45:31,0.85,100,128850
20240216,14:45:36,0.8,250,128850
20240216,14:47:12,0.85,50,128850
20240216,14:47:13,0.8,1100,128850
20240216,14:48:24,0.75,50,128850
20240216,14:48:29,0.8,50,128850
20240216,14:48:41,0.75,50,128850
20240216,14:48:54,0.75,250,128850
20240216,14:49:10,0.8,100,128850
20240216,14:51:10,0.8,50,128850
20240216,14:51:30,0.8,100,128850
20240216,14:54:09,0.8,50,128850
20240216,14:54:11,0.8,50,128850
20240216,14:57:44,0.75,100,128850
20240216,14:57:50,0.75,1800,128850
20240216,14:58:08,0.75,1850,128850
20240216,14:58:11,0.75,800,128850
20240216,14:58:12,0.75,100,128850
20240216,14:58:14,0.75,50,128850
20240216,14:58:24,0.7,950,128650
20240216,14:59:09,0.75,50,128650
20240216,14:59:10,0.75,50,128650
20240216,14:59:28,0.7,100,128650
20240216,15:00:00,0.7,100,128650
20240216,15:00:26,0.7,100,128650
20240216,15:00:29,0.7,100,128650
20240216,15:00:30,0.7,1650,128650
20240216,15:00:31,0.7,1300,128650
20240216,15:00:32,0.7,200,128650
20240216,15:00:33,0.7,1800,128650
20240216,15:00:39,0.7,150,128650
20240216,15:01:03,0.75,500,128650
20240216,15:01:49,0.75,50,128700
20240216,15:02:23,0.7,250,128700
20240216,15:03:07,0.75,50,128700
20240216,15:03:16,0.75,450,128700
20240216,15:03:22,0.75,50,128700
20240216,15:07:37,0.75,250,128700
20240216,15:08:27,0.75,500,128950
20240216,15:10:39,0.7,50,129450
20240216,15:12:13,0.75,1400,129450
20240216,15:12:48,0.7,50,129450
20240216,15:13:04,0.7,50,129450
20240216,15:13:25,0.7,50,129550
20240216,15:14:28,0.7,50,129550
20240216,15:14:45,0.7,50,129550
20240216,15:14:46,0.7,250,129550
20240216,15:14:50,0.75,250,129550
20240216,15:14:56,0.75,500,129550
20240216,15:15:06,0.7,250,129550
20240216,15:15:12,0.75,550,129550
20240216,15:15:13,0.75,200,129550
20240216,15:15:21,0.7,300,129550
20240216,15:15:24,0.7,100,129550
20240216,15:15:41,0.7,150,129550
20240216,15:15:54,0.7,250,129550
20240216,15:15:56,0.7,100,129550
20240216,15:15:59,0.7,100,129550
20240216,15:16:00,0.7,1800,129550
20240216,15:16:07,0.7,250,129550
20240216,15:16:08,0.7,250,129550
20240216,15:16:14,0.7,250,129550
20240216,15:16:40,0.7,250,128850
20240216,15:16:45,0.75,450,128850
20240216,15:16:47,0.75,50,128850
20240216,15:17:31,0.7,50,128850
20240216,15:18:53,0.7,100,128850
20240216,15:19:42,0.7,300,128850
20240216,15:19:43,0.7,50,128600
20240216,15:20:06,0.7,50,128600
20240216,15:20:10,0.7,3800,128600
20240216,15:20:11,0.65,1800,128600
20240216,15:20:37,0.65,2450,128600
20240216,15:20:46,0.65,250,128600
20240216,15:21:08,0.7,250,128600
20240216,15:22:12,0.7,250,128600
20240216,15:22:30,0.7,500,128600
20240216,15:22:31,0.7,50,134200
20240216,15:22:34,0.65,50,134200
20240216,15:22:54,0.7,1800,134200
20240216,15:22:56,0.65,50,134200
20240216,15:22:59,0.7,250,134200
20240216,15:23:00,0.7,50,134200
20240216,15:23:05,0.7,1250,134200
20240216,15:23:12,0.7,50,134200
20240216,15:23:16,0.7,50,134200
20240216,15:23:16,0.7,250,134200
20240216,15:23:21,0.7,250,134200
20240216,15:23:22,0.7,1800,134200
20240216,15:23:23,0.7,50,134200
20240216,15:23:26,0.7,1850,134200
20240216,15:23:41,0.7,300,134200
20240216,15:24:18,0.7,1000,134200
20240216,15:24:20,0.7,100,134200
20240216,15:25:05,0.75,400,134200
20240216,15:25:05,0.75,6000,134200
20240216,15:25:06,0.75,1600,134200
20240216,15:25:08,0.75,250,134200
20240216,15:25:39,0.75,250,134600
20240216,15:25:45,0.75,800,134600
20240216,15:25:45,0.7,100,134600
20240216,15:25:47,0.7,50,134600
20240216,15:25:50,0.7,500,134600
20240216,15:26:06,0.75,750,134600
20240216,15:26:15,0.7,1200,134600
20240216,15:26:19,0.7,250,134600
20240216,15:26:21,0.75,250,134600
20240216,15:26:27,0.7,250,134600
20240216,15:26:33,0.7,500,134600
20240216,15:26:35,0.75,1000,134600
20240216,15:26:36,0.75,200,134600
20240216,15:26:37,0.75,300,134600
20240216,15:26:41,0.7,250,134600
20240216,15:26:47,0.7,300,134600
20240216,15:26:48,0.7,50,134600
20240216,15:26:49,0.75,500,134600
20240216,15:26:54,0.75,250,134600
20240216,15:26:55,0.7,200,134600
20240216,15:26:58,0.75,500,134600
20240216,15:27:01,0.75,1000,134600
20240216,15:27:04,0.75,400,134600
20240216,15:27:09,0.7,100,134600
20240216,15:27:10,0.7,150,134600
20240216,15:27:15,0.75,400,134600
20240216,15:27:18,0.7,800,134600
20240216,15:27:24,0.75,1200,134600
20240216,15:27:29,0.75,800,134600
20240216,15:27:31,0.75,1800,134600
20240216,15:27:32,0.75,1700,134600
20240216,15:27:49,0.8,1200,134600
20240216,15:27:51,0.75,100,134600
20240216,15:27:52,0.7,900,134600
20240216,15:27:56,0.8,700,134600
20240216,15:28:16,0.8,500,134600
20240216,15:28:22,0.8,400,134200
20240216,15:28:23,0.8,1000,134200
20240216,15:28:26,0.7,100,134200
20240216,15:28:30,0.7,400,134200
20240216,15:28:48,0.75,50,134200
20240216,15:28:55,0.75,200,134200
20240216,15:29:19,0.7,100,134200
20240216,15:29:24,0.7,50,134200
20240216,15:29:35,0.75,100,134200
20240216,15:29:38,0.75,100,134200
20240216,15:29:38,0.7,50,134200
20240216,15:29:46,0.8,6800,134200
20240216,15:29:49,0.7,200,134200
20240216,15:29:52,0.7,200,134200
20240216,15:29:53,0.75,100,134200
20240216,15:29:56,0.75,200,134200
20240216,15:29:57,0.75,300,134200
20240219,09:15:05,0.85,1,134200
20240219,09:15:05,0.75,300,134200
20240219,09:15:06,0.95,400,134200
20240219,09:15:07,0.95,550,134200
20240219,09:15:09,0.95,50,134200
20240219,09:15:32,0.75,300,134200
20240219,09:15:34,0.75,50,134200
20240219,09:15:35,0.75,100,134200
20240219,09:15:37,0.75,350,134200
20240219,09:15:41,0.75,300,134200
20240219,09:15:45,0.75,100,134200
20240219,09:15:46,0.75,100,134200
20240219,09:15:48,0.75,1300,134200
20240219,09:15:51,0.75,250,134200
20240219,09:16:01,0.75,250,134200
20240219,09:16:05,0.75,1150,134200
20240219,09:16:06,0.75,500,134200
20240219,09:16:08,0.75,350,134200
20240219,09:16:09,0.7,50,134200
20240219,09:16:12,0.7,500,134200
20240219,09:16:33,0.75,50,134200
20240219,09:16:34,0.65,50,134200
20240219,09:16:36,0.65,700,134200
20240219,09:16:43,0.65,250,134200
20240219,09:17:01,0.75,50,134200
20240219,09:17:05,0.75,50,134200
20240219,09:18:13,0.75,50,134200
20240219,09:19:02,0.75,250,134200
20240219,09:20:20,0.65,50,134200
20240219,09:21:08,0.6,2900,134200
20240219,09:21:11,0.6,550,134200
20240219,09:21:19,0.7,350,134200
20240219,09:22:11,0.7,750,134200
20240219,09:22:14,0.6,1050,134200
20240219,09:22:18,0.6,2200,134200
20240219,09:22:19,0.65,800,134200
20240219,09:22:43,0.7,100,134200
20240219,09:22:43,0.65,800,134200
20240219,09:22:46,0.7,700,134200
20240219,09:22:48,0.7,50,134200
20240219,09:22:50,0.65,400,134200
20240219,09:22:50,0.6,1600,134200
20240219,09:22:54,0.65,1800,134200
20240219,09:23:00,0.6,2400,134200
20240219,09:23:04,0.7,200,134200
20240219,09:23:14,0.7,50,134200
20240219,09:23:14,0.7,150,134200
20240219,09:23:15,0.7,100,134200
20240219,09:23:17,0.65,1200,134200
20240219,09:23:18,0.7,650,134200
20240219,09:23:23,0.7,750,134200
20240219,09:24:05,0.7,100,134200
20240219,09:24:09,0.7,250,134200
20240219,09:24:17,0.7,400,134200
20240219,09:24:20,0.7,50,134200
20240219,09:24:21,0.7,100,134200
20240219,09:24:23,0.7,250,134200
20240219,09:24:49,0.65,400,134400
20240219,09:24:51,0.7,100,134400
20240219,09:25:26,0.7,3800,134400
20240219,09:25:30,0.7,200,134400
20240219,09:25:33,0.7,1800,134400
20240219,09:25:37,0.7,900,134400
20240219,09:25:38,0.7,50,134400
20240219,09:25:39,0.7,50,134400
20240219,09:26:32,0.7,1200,134400
20240219,09:26:35,0.7,350,134400
20240219,09:26:41,0.75,50,134400
20240219,09:26:44,0.75,100,134400
20240219,09:26:46,0.75,100,134400
20240219,09:26:49,0.75,50,134400
20240219,09:27:12,0.75,50,134400
20240219,09:27:22,0.75,50,134400
20240219,09:27:28,0.75,100,134400
20240219,09:28:21,0.75,50,135150
20240219,09:29:34,0.7,3600,135150
20240219,09:29:37,0.65,3600,135150
20240219,09:29:49,0.7,650,135150
20240219,09:30:04,0.7,650,135150
20240219,09:30:05,0.7,1500,135150
20240219,09:30:13,0.65,2350,135150
20240219,09:30:14,0.65,1800,135150
20240219,09:30:16,0.65,1800,135150
20240219,09:30:21,0.7,2900,135150
20240219,09:30:22,0.7,1950,135150
20240219,09:30:25,0.7,2250,135150
20240219,09:30:27,0.65,500,135150
20240219,09:30:44,0.65,50,135150
20240219,09:30:52,0.65,50,147950
20240219,09:30:57,0.7,200,147950
20240219,09:31:41,0.7,50,147950
20240219,09:32:03,0.65,2400,147950
20240219,09:32:25,0.65,850,147950
20240219,09:32:39,0.7,50,147950
20240219,09:32:48,0.65,50,147950
20240219,09:33:01,0.65,250,147950
20240219,09:33:15,0.65,50,147950
20240219,09:33:18,0.65,50,147950
20240219,09:34:08,0.65,700,147950
20240219,09:34:25,0.65,2550,147550
20240219,09:34:26,0.65,200,147550
20240219,09:34:33,0.7,50,147550
20240219,09:35:18,0.65,1650,147550
20240219,09:35:59,0.7,200,147550
20240219,09:36:17,0.7,200,147550
20240219,09:36:18,0.7,1500,147550
20240219,09:36:22,0.65,150,147550
20240219,09:36:27,0.65,100,147550
20240219,09:37:10,0.7,1800,147300
20240219,09:37:12,0.7,500,147300
20240219,09:37:20,0.7,50,147300
20240219,09:37:36,0.65,100,147300
20240219,09:37:37,0.7,300,147300
20240219,09:37:57,0.7,50,147300
20240219,09:38:02,0.65,100,147300
20240219,09:39:03,0.65,1800,147300
20240219,09:39:58,0.6,5400,147300
20240219,09:39:59,0.6,1800,148650
20240219,09:40:12,0.65,500,148650
20240219,09:40:52,0.7,300,148650
20240219,09:41:05,0.6,150,148650
20240219,09:41:30,0.65,100,148650
20240219,09:42:07,0.6,100,148650
20240219,09:42:21,0.65,50,148650
20240219,09:42:54,0.65,250,156050
20240219,09:44:06,0.6,50,156050
20240219,09:45:58,0.65,50,156050
20240219,09:46:30,0.6,50,156050
20240219,09:47:09,0.6,1800,156050
20240219,09:47:55,0.6,350,156050
20240219,09:49:24,0.6,100,157750
20240219,09:49:25,0.6,750,157750
20240219,09:50:57,0.65,50,157750
20240219,09:51:02,0.6,650,157750
20240219,09:52:06,0.6,1800,157750
20240219,09:52:34,0.65,50,157750
20240219,09:53:11,0.6,50,157750
20240219,09:53:26,0.6,50,157750
20240219,09:54:05,0.65,1800,157750
20240219,09:54:54,0.65,400,157750
20240219,09:54:59,0.6,500,159550
20240219,09:55:05,0.65,50,159550
20240219,09:56:18,0.6,100,159550
20240219,09:57:28,0.6,50,159550
20240219,09:59:53,0.6,50,159550
20240219,10:02:03,0.6,50,159900
20240219,10:02:56,0.65,50,159900
20240219,10:03:25,0.65,150,159900
20240219,10:03:43,0.6,900,159900
20240219,10:04:19,0.6,1450,160100
20240219,10:04:26,0.55,200,160100
20240219,10:04:46,0.55,250,160100
20240219,10:04:47,0.6,100,160100
20240219,10:04:56,0.6,500,160100
20240219,10:05:20,0.6,250,160100
20240219,10:08:00,0.55,50,160100
20240219,10:08:29,0.6,250,159550
20240219,10:08:33,0.6,1800,159550
20240219,10:08:38,0.6,1800,159550
20240219,10:08:56,0.6,150,159550
20240219,10:09:32,0.6,450,159550
20240219,10:10:55,0.65,50,159550
20240219,10:11:23,0.6,450,161100
20240219,10:11:24,0.6,50,161100
20240219,10:12:30,0.6,50,161100
20240219,10:14:00,0.6,100,161150
20240219,10:16:58,0.65,500,161150
20240219,10:17:43,0.65,500,161150
20240219,10:17:46,0.6,300,161150
20240219,10:18:20,0.6,50,161150
20240219,10:19:27,0.65,500,162150
20240219,10:19:45,0.6,250,162150
20240219,10:22:03,0.65,250,162150
20240219,10:23:31,0.65,200,162650
20240219,10:23:41,0.65,300,162650
20240219,10:23:53,0.65,400,162650
20240219,10:23:56,0.65,250,162650
20240219,10:24:05,0.65,1800,162650
20240219,10:24:06,0.65,2600,162650
20240219,10:24:07,0.65,50,162650
20240219,10:25:15,0.65,500,160100
20240219,10:25:18,0.7,3600,160100
20240219,10:25:20,0.7,100,160100
20240219,10:26:23,0.7,100,160100
20240219,10:28:02,0.65,200,158800
20240219,10:28:16,0.7,50,158800
20240219,10:29:06,0.7,300,158800
20240219,10:29:44,0.75,13300,158800
20240219,10:29:45,0.75,50,158800
20240219,10:29:55,0.65,200,158800
20240219,10:30:37,0.7,300,158800
20240219,10:31:01,0.7,1450,158800
20240219,10:31:07,0.75,50,159850
20240219,10:31:50,0.75,50,159850
20240219,10:32:08,0.75,1800,159850
20240219,10:32:10,0.75,100,159850
20240219,10:33:25,0.65,250,159850
20240219,10:33:28,0.65,50,159850
20240219,10:33:37,0.75,250,159850
20240219,10:33:57,0.75,100,156800
20240219,10:34:03,0.75,50,156800
20240219,10:34:17,0.75,50,156800
20240219,10:34:39,0.65,50,156800
20240219,10:36:26,0.65,50,156800
20240219,10:37:45,0.7,50,156700
20240219,10:38:11,0.7,500,156700
20240219,10:38:17,0.65,50,156700
20240219,10:40:23,0.7,1250,156700
20240219,10:40:28,0.7,1800,156650
20240219,10:40:48,0.7,1850,156650
20240219,10:40:54,0.75,1800,156650
20240219,10:41:30,0.75,50,156650
20240219,10:41:54,0.75,1800,156650
20240219,10:42:10,0.75,1700,156650
20240219,10:42:22,0.7,50,156650
20240219,10:42:24,0.7,100,156650
20240219,10:42:24,0.7,50,156650
20240219,10:42:26,0.7,100,156650
20240219,10:42:27,0.7,50,156650
20240219,10:43:08,0.7,250,160400
20240219,10:44:30,0.7,50,160400
20240219,10:44:32,0.7,100,160400
20240219,10:45:21,0.75,50,160400
20240219,10:48:04,0.75,50,160400
20240219,10:50:03,0.75,50,160150
20240219,10:50:08,0.7,100,160150
20240219,10:52:59,0.7,1400,160150
20240219,10:53:27,0.7,250,160050
20240219,10:53:37,0.7,100,160050
20240219,10:54:35,0.75,200,160050
20240219,10:54:41,0.7,50,160050
20240219,10:55:24,0.75,50,160050
20240219,10:55:42,0.7,100,158600
20240219,10:55:51,0.75,1800,158600
20240219,10:55:52,0.75,1500,158600
20240219,10:56:07,0.7,50,158600
20240219,10:57:05,0.7,250,158600
20240219,10:58:42,0.75,250,158600
20240219,10:58:50,0.7,50,156050
20240219,10:59:21,0.75,250,156050
20240219,10:59:42,0.7,250,156050
20240219,10:59:50,0.75,950,156050
20240219,11:00:02,0.75,350,156050
20240219,11:00:05,0.75,50,156050
20240219,11:00:31,0.75,50,156050
20240219,11:00:32,0.75,50,156050
20240219,11:04:13,0.75,250,156750
20240219,11:04:38,0.7,150,156750
20240219,11:04:48,0.7,50,156750
20240219,11:05:12,0.7,100,156750
20240219,11:05:27,0.7,1850,156750
20240219,11:05:27,0.7,1100,156750
20240219,11:07:07,0.75,250,156750
20240219,11:07:17,0.7,250,154800
20240219,11:07:42,0.7,2200,154800
20240219,11:07:56,0.7,1000,154800
20240219,11:07:57,0.7,50,154800
20240219,11:08:15,0.65,250,154800
20240219,11:08:18,0.7,50,154800
20240219,11:10:29,0.7,100,154800
20240219,11:11:26,0.65,50,153800
20240219,11:12:51,0.7,50,153800
20240219,11:14:54,0.7,50,153800
20240219,11:15:06,0.7,50,153800
20240219,11:15:18,0.7,100,153800
20240219,11:15:19,0.7,250,153800
20240219,11:16:02,0.7,1500,153800
20240219,11:16:19,0.7,50,153800
20240219,11:16:35,0.7,50,153800
20240219,11:16:42,0.7,250,153800
20240219,11:16:45,0.75,1950,153800
20240219,11:17:01,0.75,1200,153800
20240219,11:17:01,0.8,1800,153800
20240219,11:17:02,0.8,1800,153800
20240219,11:17:05,0.8,2800,153800
20240219,11:17:05,0.75,50,153800
20240219,11:17:12,0.8,1800,153800
20240219,11:17:13,0.8,2150,153800
20240219,11:17:14,0.95,7950,153800
20240219,11:17:15,0.85,550,153800
20240219,11:17:38,0.8,1050,153800
20240219,11:18:51,0.8,4800,152850
20240219,11:18:53,0.8,250,152850
20240219,11:19:20,0.9,50,152850
20240219,11:19:23,0.9,250,152850
20240219,11:19:30,0.95,50,152850
20240219,11:19:32,0.95,50,152850
20240219,11:19:48,0.85,2700,152850
20240219,11:19:53,0.9,300,152850
20240219,11:20:01,0.9,1800,152850
20240219,11:20:09,0.85,1500,152850
20240219,11:20:10,0.85,600,152850
20240219,11:20:21,0.9,50,152850
20240219,11:20:27,0.85,500,152850
20240219,11:20:49,0.9,50,152850
20240219,11:21:05,0.85,6450,152850
20240219,11:21:06,0.85,200,152850
20240219,11:21:11,0.85,1100,152850
20240219,11:21:12,0.9,5400,152850
20240219,11:22:40,0.8,900,152850
20240219,11:23:29,0.85,50,143250
20240219,11:24:28,0.85,50,143250
20240219,11:25:12,0.85,100,143250
20240219,11:25:53,0.85,100,142900
20240219,11:26:03,0.85,100,142900
20240219,11:26:13,0.85,50,142900
20240219,11:26:27,0.8,500,142900
20240219,11:26:49,0.85,50,142900
20240219,11:27:14,0.85,50,142900
20240219,11:27:16,0.85,50,142900
20240219,11:27:56,0.85,100,142900
20240219,11:28:00,0.8,50,142500
20240219,11:28:02,0.85,1200,142500
20240219,11:28:04,0.85,250,142500
20240219,11:28:52,0.85,350,142500
20240219,11:29:56,0.8,50,142500
20240219,11:30:06,0.85,100,142500
20240219,11:30:08,0.8,50,142500
20240219,11:31:18,0.8,100,142500
20240219,11:32:24,0.8,250,143750
20240219,11:33:59,0.8,250,143400
20240219,11:34:03,0.8,300,143400
20240219,11:34:59,0.8,50,143400
20240219,11:35:29,0.8,200,143400
20240219,11:36:22,0.8,100,143400
20240219,11:36:43,0.8,500,143400
20240219,11:36:55,0.85,50,143400
20240219,11:36:56,0.85,500,142600
20240219,11:37:06,0.85,500,142600
20240219,11:37:24,0.85,50,142600
20240219,11:37:56,0.85,500,142600
20240219,11:38:22,0.9,500,142600
20240219,11:38:29,0.9,50,142600
20240219,11:38:33,0.9,1350,142600
20240219,11:38:37,0.9,300,142600
20240219,11:38:44,0.9,50,142600
20240219,11:38:44,0.85,1250,142600
20240219,11:38:50,0.8,50,142600
20240219,11:38:51,0.9,50,142600
20240219,11:38:55,0.9,100,142600
20240219,11:39:15,0.9,100,142600
20240219,11:39:18,0.8,100,142600
20240219,11:39:29,0.9,100,142600
20240219,11:39:38,0.85,150,142600
20240219,11:39:39,0.85,50,142600
20240219,11:40:09,0.85,1100,142600
20240219,11:41:29,0.9,50,145500
20240219,11:41:51,0.9,100,145500
20240219,11:42:19,0.9,700,145500
20240219,11:42:26,0.85,1150,145500
20240219,11:43:58,0.8,1350,145500
20240219,11:44:01,0.85,100,145150
20240219,11:44:27,0.85,1250,145150
20240219,11:44:41,0.8,1050,145150
20240219,11:50:58,0.8,700,145150
20240219,11:51:43,0.85,50,145150
20240219,11:52:06,0.85,50,145150
20240219,11:53:55,0.8,50,145150
20240219,11:54:59,0.85,50,145150
20240219,11:56:28,0.85,50,145150
20240219,11:56:45,0.8,50,145150
20240219,11:57:05,0.85,100,145150
20240219,11:57:45,0.85,50,145150
20240219,11:59:09,0.8,750,145150
20240219,11:59:10,0.8,150,145150
20240219,11:59:11,0.8,150,145150
20240219,11:59:13,0.8,150,145150
20240219,11:59:15,0.8,200,145150
20240219,11:59:45,0.85,50,145150
20240219,12:00:06,0.85,1800,145150
20240219,12:02:02,0.85,100,145150
20240219,12:02:04,0.85,1800,145900
20240219,12:02:46,0.85,1500,145900
20240219,12:02:53,0.85,1800,145900
20240219,12:03:12,0.8,100,145900
20240219,12:03:44,0.9,50,145900
20240219,12:03:55,0.8,50,146750
20240219,12:04:01,0.85,350,146750
20240219,12:04:13,0.85,50,146750
20240219,12:04:25,0.85,50,146750
20240219,12:04:26,0.85,50,146750
20240219,12:04:46,0.9,100,146750
20240219,12:04:50,0.8,100,146750
20240219,12:04:51,0.85,100,146750
20240219,12:06:08,0.9,1850,146750
20240219,12:06:09,0.9,2550,146750
20240219,12:06:10,0.9,100,146750
20240219,12:06:11,0.9,250,146750
20240219,12:07:27,0.9,50,146750
20240219,12:08:30,0.85,50,143150
20240219,12:08:53,0.85,100,143150
20240219,12:10:28,0.85,750,143150
20240219,12:12:21,0.85,900,143150
20240219,12:13:04,0.8,100,143150
20240219,12:13:09,0.85,50,143150
20240219,12:13:10,0.85,100,143150
20240219,12:13:41,0.85,250,143150
20240219,12:13:45,0.85,50,143150
20240219,12:13:46,0.85,200,143150
20240219,12:13:51,0.85,50,143150
20240219,12:13:52,0.85,50,143150
20240219,12:13:56,0.85,50,143150
20240219,12:13:57,0.85,50,143150
20240219,12:14:08,0.85,250,143150
20240219,12:15:24,0.85,250,143150
20240219,12:15:38,0.85,250,143150
20240219,12:15:54,0.85,50,143150
20240219,12:15:57,0.85,1100,143150
20240219,12:15:58,0.9,1800,143050
20240219,12:16:23,0.8,50,143050
20240219,12:17:12,0.85,1800,143050
20240219,12:18:11,0.9,2100,143050
20240219,12:18:17,0.9,50,143050
20240219,12:18:35,0.9,50,143050
20240219,12:18:36,0.9,50,143050
20240219,12:18:40,0.9,50,143050
20240219,12:18:48,0.9,50,143050
20240219,12:19:06,0.9,50,136800
20240219,12:20:38,0.75,10750,136800
20240219,12:20:39,0.7,3600,136800
20240219,12:20:43,0.8,50,136800
20240219,12:20:44,0.8,50,136800
20240219,12:20:51,0.8,300,136800
20240219,12:20:53,0.8,400,136800
20240219,12:20:55,0.8,2350,136800
20240219,12:20:56,0.85,2300,136800
20240219,12:20:57,0.85,1800,136800
20240219,12:21:03,0.85,150,136800
20240219,12:21:05,0.85,100,136800
20240219,12:21:19,0.85,50,136800
20240219,12:21:30,0.85,50,136800
20240219,12:21:31,0.85,50,136800
20240219,12:21:56,0.85,250,136800
20240219,12:23:04,0.85,500,131750
20240219,12:23:05,0.85,50,131750
20240219,12:23:17,0.8,550,131750
20240219,12:26:36,0.85,500,131750
20240219,12:26:47,0.9,50,131500
20240219,12:27:45,0.9,50,131500
20240219,12:28:05,0.9,50,131500
20240219,12:30:00,0.9,50,131400
20240219,12:30:32,0.9,500,131400
20240219,12:30:34,0.8,100,131400
20240219,12:31:24,0.9,50,131400
20240219,12:31:31,0.9,50,131400
20240219,12:31:41,0.9,50,131400
20240219,12:31:46,0.9,50,131400
20240219,12:31:51,0.8,200,131400
20240219,12:32:02,0.8,500,131400
20240219,12:34:12,0.8,500,131400
20240219,12:34:28,0.85,150,131400
20240219,12:35:34,0.85,50,131400
20240219,12:35:47,0.85,50,131400
20240219,12:36:12,0.85,150,131400
20240219,12:41:44,0.85,50,131150
20240219,12:42:42,0.8,50,131150
20240219,12:42:49,0.85,50,131150
20240219,12:43:08,0.85,50,131150
20240219,12:44:22,0.85,100,131100
20240219,12:46:13,0.9,3750,131100
20240219,12:46:28,0.8,50,131100
20240219,12:47:41,0.8,1950,131100
20240219,12:47:42,0.8,1800,131100
20240219,12:52:11,0.9,50,129600
20240219,12:52:31,0.9,1400,129600
20240219,12:52:32,0.9,1800,129600
20240219,12:52:33,0.9,2200,129600
20240219,12:52:44,0.9,150,129600
20240219,12:54:49,0.9,50,129600
20240219,12:54:58,0.8,50,129600
20240219,12:55:28,0.85,50,132300
20240219,12:56:07,0.8,50,132300
20240219,12:57:01,0.8,100,132300
20240219,12:58:04,0.85,150,132300
20240219,12:58:13,0.9,50,132300
20240219,12:59:05,0.9,50,132300
20240219,12:59:33,0.9,50,132300
20240219,12:59:37,0.8,500,132300
20240219,13:00:35,0.8,50,132300
20240219,13:00:52,0.85,50,132300
20240219,13:03:26,0.85,800,132200
20240219,13:03:32,0.85,50,132200
20240219,13:03:33,0.85,50,132200
20240219,13:04:09,0.85,50,132200
20240219,13:05:48,0.85,100,132150
20240219,13:06:18,0.85,100,132150
20240219,13:07:07,0.85,50,132150
20240219,13:07:33,0.85,50,132400
20240219,13:08:04,0.85,100,132400
20240219,13:08:58,0.8,2550,132400
20240219,13:08:59,0.85,850,132400
20240219,13:09:06,0.9,50,132400
20240219,13:09:53,0.8,50,132400
20240219,13:12:14,0.85,1550,132200
20240219,13:12:21,0.85,50,132200
20240219,13:14:40,0.85,750,132050
20240219,13:16:01,0.85,1000,132050
20240219,13:16:26,0.85,250,131800
20240219,13:16:45,0.9,50,131800
20240219,13:17:04,0.8,1800,131800
20240219,13:17:04,0.8,3200,131800
20240219,13:17:58,0.9,400,131800
20240219,13:18:06,0.85,250,131800
20240219,13:19:46,0.8,1200,129400
20240219,13:22:11,0.8,50,129400
20240219,13:24:05,0.8,400,129400
20240219,13:24:10,0.85,50,129400
20240219,13:25:54,0.8,50,129400
20240219,13:27:04,0.8,100,129400
20240219,13:28:43,0.85,500,129400
20240219,13:32:02,0.85,250,128900
20240219,13:33:13,0.85,100,128900
20240219,13:34:00,0.85,50,128900
20240219,13:34:19,0.85,50,128900
20240219,13:37:14,0.85,50,128900
20240219,13:38:55,0.8,100,128900
20240219,13:39:05,0.8,100,128900
20240219,13:39:25,0.85,50,128900
20240219,13:39:28,0.85,50,128900
20240219,13:39:59,0.85,50,128900
20240219,13:40:04,0.8,50,128900
20240219,13:40:12,0.85,50,128900
20240219,13:41:21,0.85,450,128900
20240219,13:42:26,0.8,1000,128900
20240219,13:42:39,0.8,50,128900
20240219,13:42:48,0.8,200,128900
20240219,13:43:10,0.75,700,128950
20240219,13:43:21,0.8,400,128950
20240219,13:43:22,0.8,50,128950
20240219,13:43:59,0.8,50,128950
20240219,13:45:11,0.8,250,128950
20240219,13:45:52,0.8,50,128950
20240219,13:47:12,0.8,200,128950
20240219,13:48:06,0.8,250,128950
20240219,13:48:21,0.8,50,128950
20240219,13:48:33,0.75,350,128950
20240219,13:48:36,0.75,150,128950
20240219,13:48:51,0.8,350,128950
20240219,13:49:03,0.8,50,128950
20240219,13:49:51,0.8,50,128950
20240219,13:50:51,0.75,50,128950
20240219,13:51:20,0.8,50,128950
20240219,13:51:35,0.75,50,128950
20240219,13:51:39,0.8,50,128950
20240219,13:51:55,0.75,50,128950
20240219,13:52:19,0.75,200,128950
20240219,13:52:31,0.75,250,129000
20240219,13:52:39,0.75,50,129000
20240219,13:53:02,0.8,250,129000
20240219,13:53:07,0.75,50,129000
20240219,13:53:26,0.8,50,129000
20240219,13:54:13,0.8,200,129000
20240219,13:54:17,0.8,50,129000
20240219,13:54:33,0.75,50,129000
20240219,13:54:35,0.8,1000,129000
20240219,13:55:13,0.75,50,129800
20240219,13:55:53,0.8,100,129800
20240219,13:56:36,0.8,50,129800
20240219,13:56:56,0.8,500,129800
20240219,13:57:58,0.8,50,129800
20240219,13:58:01,0.8,50,129800
20240219,13:58:05,0.8,250,129800
20240219,13:58:10,0.8,250,129800
20240219,13:58:11,0.8,250,129800
20240219,13:58:17,0.75,1000,130250
20240219,13:58:22,0.8,1500,130250
20240219,13:58:23,0.85,1600,130250
20240219,13:59:17,0.8,100,130250
20240219,13:59:26,0.85,1050,130250
20240219,13:59:42,0.8,500,130250
20240219,14:00:10,0.85,50,130250
20240219,14:01:07,0.85,1300,130250
20240219,14:01:13,0.9,950,129200
20240219,14:01:13,0.9,100,129200
20240219,14:01:20,0.8,50,129200
20240219,14:01:26,0.85,50,129200
20240219,14:02:07,0.9,100,129200
20240219,14:02:15,0.8,50,129200
20240219,14:02:20,0.85,50,129200
20240219,14:02:22,0.9,50,129200
20240219,14:02:38,0.9,50,129200
20240219,14:02:40,0.9,50,129200
20240219,14:02:43,0.85,50,129200
20240219,14:03:07,0.9,800,129200
20240219,14:03:30,0.85,100,129200
20240219,14:03:35,0.85,150,129200
20240219,14:03:45,0.9,500,129200
20240219,14:03:47,0.9,50,129200
20240219,14:03:49,0.9,50,129200
20240219,14:04:07,0.9,1150,129200
20240219,14:04:08,0.9,500,129200
20240219,14:04:24,0.85,1800,129950
20240219,14:04:33,0.9,50,129950
20240219,14:05:07,0.9,950,129950
20240219,14:05:27,0.85,50,129950
20240219,14:06:20,0.9,450,129950
20240219,14:06:36,0.85,50,129950
20240219,14:06:49,0.85,50,129950
20240219,14:07:07,0.95,400,129950
20240219,14:07:08,0.95,200,129950
20240219,14:07:37,0.95,750,129950
20240219,14:07:38,0.95,200,130100
20240219,14:07:40,0.95,50,130100
20240219,14:07:46,0.9,1600,130100
20240219,14:07:47,0.9,100,130100
20240219,14:07:57,0.95,1450,130100
20240219,14:07:58,1.0,550,130100
20240219,14:08:36,0.95,100,130100
20240219,14:08:37,0.95,1600,130100
20240219,14:08:38,1.0,50,130100
20240219,14:08:58,0.95,250,130100
20240219,14:09:07,1.0,1350,130100
20240219,14:09:08,1.0,400,130100
20240219,14:09:18,0.95,250,130100
20240219,14:09:19,1.0,150,130100
20240219,14:09:20,1.0,250,130100
20240219,14:09:28,0.95,50,130100
20240219,14:09:29,1.05,50,130100
20240219,14:09:31,1.05,250,130100
20240219,14:09:37,1.0,500,130100
20240219,14:09:42,1.05,50,130100
20240219,14:10:02,0.95,500,130100
20240219,14:10:04,1.05,50,130100
20240219,14:10:23,1.0,1500,130100
20240219,14:10:40,1.0,100,130800
20240219,14:10:40,1.0,50,130800
20240219,14:10:43,1.05,1800,130800
20240219,14:10:51,1.05,50,130800
20240219,14:10:57,1.0,900,130800
20240219,14:10:57,1.0,50,130800
20240219,14:11:10,1.0,100,130800
20240219,14:11:11,1.0,500,130800
20240219,14:11:13,1.0,50,130800
20240219,14:11:19,1.05,300,130800
20240219,14:11:28,1.0,50,130800
20240219,14:11:53,1.05,250,130800
20240219,14:12:16,1.05,50,130800
20240219,14:12:17,1.05,1800,130800
20240219,14:12:23,1.05,1800,130800
20240219,14:12:25,1.0,50,130800
20240219,14:12:35,1.1,1800,130800
20240219,14:12:36,1.1,100,130800
20240219,14:13:08,1.0,1000,130800
20240219,14:13:11,1.0,250,130800
20240219,14:13:12,1.05,3350,130800
20240219,14:13:23,1.0,50,130050
20240219,14:13:25,1.1,200,130050
20240219,14:13:35,1.0,250,130050
20240219,14:13:42,1.0,50,130050
20240219,14:13:49,1.0,250,130050
20240219,14:14:07,1.05,2300,130050
20240219,14:14:09,1.1,900,130050
20240219,14:14:12,1.0,250,130050
20240219,14:14:32,1.1,100,130050
20240219,14:14:52,1.0,50,130050
20240219,14:15:02,1.1,750,130050
20240219,14:15:07,1.1,250,130050
20240219,14:15:37,1.05,1250,130050
20240219,14:16:01,1.05,250,130050
20240219,14:16:12,1.05,300,130050
20240219,14:16:27,1.1,500,130050
20240219,14:16:37,1.1,100,129350
20240219,14:16:50,1.05,500,129350
20240219,14:16:52,1.1,50,129350
20240219,14:17:07,1.05,500,129350
20240219,14:17:12,1.05,50,129350
20240219,14:17:16,1.1,250,129350
20240219,14:17:17,1.05,250,129350
20240219,14:17:21,1.1,200,129350
20240219,14:17:23,1.1,400,129350
20240219,14:17:25,1.1,400,129350
20240219,14:17:26,1.05,100,129350
20240219,14:17:37,1.15,250,129350
20240219,14:17:46,1.15,500,129350
20240219,14:17:53,1.05,200,129350
20240219,14:17:58,1.15,50,129350
20240219,14:18:02,1.15,150,129350
20240219,14:18:22,1.15,50,129350
20240219,14:18:56,1.05,550,129350
20240219,14:19:02,1.15,300,129350
20240219,14:19:03,1.15,350,129350
20240219,14:19:06,1.15,50,129350
20240219,14:19:12,1.15,50,129350
20240219,14:19:15,1.15,250,129550
20240219,14:19:17,1.15,50,129550
20240219,14:19:23,1.15,50,129550
20240219,14:19:27,1.15,50,129550
20240219,14:19:47,1.05,350,129550
20240219,14:20:05,1.05,250,129550
20240219,14:20:35,1.05,500,129550
20240219,14:21:15,1.05,600,129550
20240219,14:21:18,1.15,50,129550
20240219,14:21:23,1.05,400,129550
20240219,14:21:35,1.05,400,129550
20240219,14:21:47,1.05,50,129550
20240219,14:22:09,1.1,50,129550
20240219,14:22:10,1.1,50,129550
20240219,14:22:22,1.1,500,128950
20240219,14:23:42,1.1,2350,128950
20240219,14:23:56,1.15,250,128950
20240219,14:24:13,1.15,150,128950
20240219,14:24:17,1.05,100,128950
20240219,14:24:37,1.1,1300,128950
20240219,14:24:38,1.15,250,128950
20240219,14:24:51,1.05,500,128950
20240219,14:24:58,1.15,500,128950
20240219,14:25:09,1.15,500,128950
20240219,14:25:16,1.05,350,128950
20240219,14:25:26,1.1,1350,128800
20240219,14:25:37,1.1,400,128800
20240219,14:25:38,1.15,600,128800
20240219,14:25:44,1.1,100,128800
20240219,14:25:46,1.15,300,128800
20240219,14:25:58,1.1,500,128800
20240219,14:26:11,1.15,250,128800
20240219,14:26:33,1.15,50,128800
20240219,14:26:35,1.05,200,128800
20240219,14:27:07,1.15,750,128800
20240219,14:27:11,1.15,400,128800
20240219,14:27:44,1.1,1300,128800
20240219,14:27:56,1.1,300,128800
20240219,14:28:01,1.1,250,128800
20240219,14:28:22,1.1,50,128800
20240219,14:28:28,1.1,900,129000
20240219,14:28:41,1.05,2050,129000
20240219,14:28:42,1.0,100,129000
20240219,14:28:43,1.0,100,129000
20240219,14:28:49,1.1,50,129000
20240219,14:28:53,1.1,1000,129000
20240219,14:28:57,1.05,100,129000
20240219,14:29:02,1.1,250,129000
20240219,14:29:17,1.1,350,129000
20240219,14:29:20,1.05,600,129000
20240219,14:29:25,1.1,300,129000
20240219,14:30:00,1.1,250,129000
20240219,14:30:18,1.05,100,129000
20240219,14:30:39,1.05,100,129000
20240219,14:31:27,1.1,450,129000
20240219,14:31:32,1.15,250,128750
20240219,14:31:45,1.05,450,128750
20240219,14:31:54,1.1,150,128750
20240219,14:32:18,1.1,450,128750
20240219,14:32:32,1.1,1000,128750
20240219,14:33:10,1.15,150,128750
20240219,14:33:24,1.1,500,128750
20240219,14:33:29,1.05,250,128750
20240219,14:33:43,1.15,1050,128750
20240219,14:33:45,1.1,700,128750
20240219,14:33:46,1.1,50,128750
20240219,14:33:50,1.1,50,128750
20240219,14:33:55,1.1,50,128750
20240219,14:34:02,1.1,200,128750
20240219,14:34:29,1.1,250,128800
20240219,14:34:52,1.15,50,128800
20240219,14:34:58,1.1,250,128800
20240219,14:35:00,1.15,550,128800
20240219,14:35:02,1.15,500,128800
20240219,14:35:04,1.15,350,128800
20240219,14:35:05,1.1,300,128800
20240219,14:35:06,1.15,550,128800
20240219,14:35:17,1.1,500,128800
20240219,14:35:19,1.15,50,128800
20240219,14:35:52,1.1,1500,128800
20240219,14:36:08,1.1,100,128800
20240219,14:36:29,1.1,500,128800
20240219,14:36:31,1.15,500,128800
20240219,14:36:33,1.15,200,128800
20240219,14:36:35,1.1,100,128800
20240219,14:36:36,1.1,150,128800
20240219,14:37:01,1.2,350,128800
20240219,14:37:02,1.15,500,128800
20240219,14:37:20,1.1,250,128650
20240219,14:38:04,1.1,250,128650
20240219,14:38:41,1.1,800,128650
20240219,14:39:30,1.15,750,128650
20240219,14:39:36,1.1,500,128650
20240219,14:40:30,1.05,400,128650
20240219,14:40:39,1.1,50,129200
20240219,14:41:03,1.1,50,129200
20240219,14:41:05,1.05,50,129200
20240219,14:41:33,1.05,1000,129200
20240219,14:41:51,1.05,50,129200
20240219,14:42:22,1.05,250,129200
20240219,14:42:22,1.05,200,129200
20240219,14:42:24,1.05,50,129200
20240219,14:42:31,1.05,50,129200
20240219,14:42:38,1.05,250,129200
20240219,14:42:52,1.05,250,129200
20240219,14:42:55,1.05,900,129200
20240219,14:42:56,1.05,150,129200
20240219,14:43:04,1.0,250,129200
20240219,14:43:08,1.05,50,129200
20240219,14:43:09,1.05,50,129200
20240219,14:43:40,1.05,1250,129200
20240219,14:44:02,1.05,550,128850
20240219,14:44:05,1.05,550,128850
20240219,14:44:06,1.05,100,128850
20240219,14:44:22,1.05,100,128850
20240219,14:44:49,1.05,200,128850
20240219,14:44:54,1.05,50,128850
20240219,14:44:55,1.05,250,128850
20240219,14:44:59,1.05,50,128850
20240219,14:45:24,1.05,950,128850
20240219,14:45:41,1.05,300,128850
20240219,14:45:47,1.05,50,128850
20240219,14:46:01,1.0,1000,128850
20240219,14:46:04,1.05,250,128850
20240219,14:46:42,1.0,500,127600
20240219,14:46:58,1.0,1000,127600
20240219,14:46:59,1.0,50,127600
20240219,14:47:19,0.95,50,127600
20240219,14:47:25,1.0,100,127600
20240219,14:47:38,0.95,50,127600
20240219,14:47:51,0.95,1800,127600
20240219,14:48:09,1.0,250,127600
20240219,14:48:25,0.95,250,127600
20240219,14:49:00,0.95,50,127600
20240219,14:49:02,1.0,100,127600
20240219,14:49:25,0.95,550,127050
20240219,14:49:33,1.0,900,127050
20240219,14:49:34,1.0,250,127050
20240219,14:49:39,1.0,100,127050
20240219,14:49:40,1.0,150,127050
20240219,14:50:20,0.95,500,127050
20240219,14:51:31,0.9,1100,127050
20240219,14:51:32,1.0,1100,127050
20240219,14:52:25,1.0,250,127050
20240219,14:52:35,1.0,600,127050
20240219,14:52:53,1.0,450,127050
20240219,14:54:09,1.05,150,127050
20240219,14:54:39,1.05,50,127050
20240219,14:55:28,0.95,500,127050
20240219,14:56:05,0.95,500,127350
20240219,14:56:14,0.95,250,127350
20240219,14:56:55,0.95,250,127350
20240219,14:56:57,0.95,250,127350
20240219,14:57:11,0.95,250,127350
20240219,14:57:17,0.95,250,127350
20240219,14:57:20,0.95,150,127350
20240219,14:58:02,1.0,50,127350
20240219,14:59:43,1.0,250,127350
20240219,14:59:44,1.0,50,128000
20240219,15:00:03,1.0,250,128000
20240219,15:00:30,0.95,150,128000
20240219,15:01:14,0.95,100,128000
20240219,15:02:13,1.0,1850,128000
20240219,15:03:43,1.05,1500,128300
20240219,15:03:49,0.95,1000,128300
20240219,15:03:49,1.05,1550,128300
20240219,15:03:50,1.0,1000,128300
20240219,15:03:54,0.95,600,128300
20240219,15:04:13,1.05,1750,128300
20240219,15:04:14,1.05,1800,128300
20240219,15:04:33,1.0,900,130450
20240219,15:05:07,0.95,2000,130450
20240219,15:05:22,0.95,100,130450
20240219,15:05:45,1.0,2450,130450
20240219,15:05:52,0.95,1900,130450
20240219,15:06:05,0.95,250,130450
20240219,15:06:20,0.95,1800,130450
20240219,15:06:39,0.95,250,130450
20240219,15:06:43,0.95,750,130450
20240219,15:07:22,0.95,650,133650
20240219,15:07:44,1.0,1400,133650
20240219,15:07:45,0.95,1800,133650
20240219,15:08:05,1.0,500,133650
20240219,15:08:55,0.95,50,133650
20240219,15:09:13,0.95,350,133650
20240219,15:09:37,0.9,1800,133650
20240219,15:09:38,0.9,250,133650
20240219,15:09:43,0.95,900,133650
20240219,15:09:50,0.95,300,133650
20240219,15:10:13,0.9,250,133650
20240219,15:10:14,0.9,50,133650
20240219,15:10:45,0.9,100,136050
20240219,15:10:46,0.9,250,136050
20240219,15:10:52,0.9,250,136050
20240219,15:10:55,0.9,500,136050
20240219,15:10:57,0.9,250,136050
20240219,15:11:13,0.95,750,136050
20240219,15:11:14,0.95,1050,136050
20240219,15:11:28,0.95,1350,136050
20240219,15:11:30,0.95,750,136050
20240219,15:11:42,0.95,900,136050
20240219,15:11:44,1.0,2450,136050
20240219,15:11:47,0.95,100,136050
20240219,15:11:52,0.9,250,136050
20240219,15:11:55,0.9,2100,136050
20240219,15:12:09,0.95,500,136050
20240219,15:12:26,0.95,900,136050
20240219,15:12:29,0.9,500,136050
20240219,15:12:43,1.0,2200,136050
20240219,15:12:59,0.9,1800,136050
20240219,15:13:13,0.95,850,136050
20240219,15:13:24,0.95,250,136050
20240219,15:13:25,0.95,750,140550
20240219,15:13:26,0.95,100,140550
20240219,15:13:36,0.95,250,140550
20240219,15:13:42,0.95,1800,140550
20240219,15:13:43,0.9,1800,140550
20240219,15:13:52,0.95,200,140550
20240219,15:13:57,0.95,700,140550
20240219,15:14:43,1.0,500,140550
20240219,15:14:44,0.9,3600,140550
20240219,15:14:47,0.95,550,140550
20240219,15:14:47,0.95,200,140550
20240219,15:15:00,0.9,1700,140550
20240219,15:15:01,0.9,200,140550
20240219,15:15:43,0.95,500,140550
20240219,15:15:47,1.0,1200,140550
20240219,15:15:59,0.9,150,140550
20240219,15:16:13,1.0,250,140550
20240219,15:16:43,1.0,400,146300
20240219,15:17:21,0.95,250,146300
20240219,15:17:26,0.95,250,146300
20240219,15:17:32,0.95,250,146300
20240219,15:18:03,0.9,50,146300
20240219,15:18:06,0.95,50,146300
20240219,15:18:19,0.9,250,146300
20240219,15:18:24,0.9,2500,146300
20240219,15:18:26,0.95,500,146300
20240219,15:18:36,0.95,100,146300
20240219,15:19:00,0.95,50,146300
20240219,15:19:06,0.9,1900,146300
20240219,15:19:07,0.95,400,146300
20240219,15:19:41,0.95,100,146300
20240219,15:20:08,0.95,300,148800
20240219,15:20:39,0.9,200,148800
20240219,15:20:53,0.85,1850,148800
20240219,15:20:54,0.9,100,148800
20240219,15:21:09,0.9,3250,148800
20240219,15:21:52,0.9,500,148800
20240219,15:22:17,0.85,50,148800
20240219,15:22:18,0.85,50,148800
20240219,15:22:33,0.85,50,150800
20240219,15:22:35,0.85,50,150800
20240219,15:22:36,0.8,1200,150800
20240219,15:23:05,0.9,250,150800
20240219,15:23:29,0.85,1650,150800
20240219,15:23:31,0.9,1000,150800
20240219,15:23:46,0.85,750,150800
20240219,15:23:47,0.85,100,150800
20240219,15:24:21,0.8,200,150800
20240219,15:24:22,0.8,100,150800
20240219,15:24:23,0.95,1000,150800
20240219,15:24:28,0.85,50,150800
20240219,15:24:29,0.9,50,150800
20240219,15:24:32,0.85,250,150800
20240219,15:24:39,0.8,50,150800
20240219,15:24:41,0.8,50,150800
20240219,15:24:48,0.85,400,150800
20240219,15:24:54,0.85,500,150800
20240219,15:24:57,0.8,600,150800
20240219,15:25:02,0.85,1500,150800
20240219,15:25:12,0.85,1000,150800
20240219,15:25:13,0.85,600,150800
20240219,15:25:14,0.8,200,150800
20240219,15:25:20,0.8,250,150800
20240219,15:25:41,0.75,900,150800
20240219,15:25:43,0.8,1900,150650
20240219,15:25:47,0.85,450,150650
20240219,15:25:56,0.9,200,150650
20240219,15:26:03,0.8,1000,150650
20240219,15:26:45,0.8,250,150650
20240219,15:27:13,0.75,150,150650
20240219,15:27:13,0.75,200,150650
20240219,15:27:25,0.85,100,150650
20240219,15:27:45,0.8,350,150650
20240219,15:28:11,0.9,900,150650
20240219,15:28:16,0.95,1500,150650
20240219,15:28:36,0.85,250,150650
20240219,15:28:49,0.95,100,151900
20240219,15:29:10,0.95,1800,151900
20240219,15:29:13,0.85,1350,151900
20240219,15:29:16,0.95,1800,151900
20240219,15:29:17,0.85,50,151900
20240219,15:29:20,0.95,400,151900
20240219,15:29:22,0.85,600,151900
20240219,15:29:26,0.95,1200,151900
20240219,15:29:37,0.85,100,151900
20240219,15:29:39,0.85,250,151900
20240219,15:29:46,0.85,50,151900
20240219,15:29:46,0.8,800,151900
20240220,09:15:01,0.75,1,155250
20240220,09:15:01,0.75,150,155250
20240220,09:15:02,0.95,150,155250
20240220,09:15:06,1.0,100,155250
20240220,09:15:07,1.0,50,155250
20240220,09:15:08,0.95,50,155250
20240220,09:15:10,1.0,100,155250
20240220,09:15:11,1.0,100,155250
20240220,09:15:12,1.0,250,155250
20240220,09:15:14,0.95,50,155250
20240220,09:15:16,0.9,1950,155250
20240220,09:15:16,0.9,1450,155250
20240220,09:15:20,0.9,750,155250
20240220,09:15:26,0.9,50,155250
20240220,09:15:47,0.85,850,155200
20240220,09:15:50,0.85,100,155200
20240220,09:15:58,0.85,350,155200
20240220,09:15:59,0.8,950,155200
20240220,09:16:08,0.9,350,155200
20240220,09:16:11,0.8,800,155200
20240220,09:16:59,0.75,200,155200
20240220,09:17:04,0.85,100,155200
20240220,09:17:21,0.85,350,155200
20240220,09:18:28,0.7,850,155200
20240220,09:18:28,0.75,2100,155200
20240220,09:18:58,0.75,50,155750
20240220,09:18:58,0.75,1750,155750
20240220,09:19:05,0.85,50,155750
20240220,09:19:08,0.75,1200,155750
20240220,09:19:09,0.7,350,155750
20240220,09:19:10,0.7,200,155750
20240220,09:19:32,0.7,150,155750
20240220,09:19:50,0.7,50,155750
20240220,09:20:06,0.8,200,155750
20240220,09:20:10,0.7,50,155750
20240220,09:20:44,0.7,50,155750
20240220,09:21:17,0.75,50,155750
20240220,09:21:38,0.75,50,155750
20240220,09:21:44,0.8,500,155750
20240220,09:22:36,0.8,100,156350
20240220,09:22:51,0.75,400,156350
20240220,09:23:18,0.75,1200,156350
20240220,09:23:34,0.8,100,156350
20240220,09:23:34,0.75,650,156350
20240220,09:23:35,0.65,3850,156350
20240220,09:24:00,0.65,500,156350
20240220,09:24:41,0.75,150,156350
20240220,09:24:49,0.65,550,156350
20240220,09:24:50,0.65,1050,159700
20240220,09:24:51,0.65,100,159700
20240220,09:25:02,0.75,250,159700
20240220,09:25:50,0.75,250,159700
20240220,09:26:30,0.7,350,159700
20240220,09:27:37,0.7,1750,159700
20240220,09:28:01,0.7,100,158150
20240220,09:28:32,0.65,50,158150
20240220,09:28:41,0.7,100,158150
20240220,09:28:49,0.75,250,158150
20240220,09:29:22,0.75,200,158150
20240220,09:29:44,0.7,100,158150
20240220,09:30:51,0.75,50,158100
20240220,09:31:17,0.75,1450,158100
20240220,09:33:03,0.7,100,158100
20240220,09:33:56,0.75,350,158100
20240220,09:35:23,0.7,50,158100
20240220,09:36:09,0.7,1200,158100
20240220,09:37:06,0.65,1800,158100
20240220,09:38:14,0.7,1800,158650
20240220,09:40:37,0.7,350,158650
20240220,09:42:53,0.75,500,160450
20240220,09:43:16,0.7,100,160450
20240220,09:43:36,0.75,350,160450
20240220,09:43:38,0.75,750,160450
20240220,09:43:59,0.75,150,160450
20240220,09:47:00,0.7,50,161150
20240220,09:48:12,0.75,450,161150
20240220,09:48:13,0.7,50,161150
20240220,09:48:17,0.75,300,161150
20240220,09:48:19,0.75,250,161150
20240220,09:48:22,0.75,50,161150
20240220,09:49:09,0.7,300,161450
20240220,09:50:05,0.7,300,161450
20240220,09:51:04,0.65,2550,161450
20240220,09:54:08,0.6,4750,163750
20240220,09:54:11,0.7,250,163750
20240220,09:54:12,0.7,250,163750
20240220,09:55:12,0.6,1800,163750
20240220,09:55:13,0.6,50,167250
20240220,09:55:23,0.65,1950,167250
20240220,09:56:04,0.7,50,167250
20240220,09:56:28,0.7,100,167250
20240220,09:59:11,0.7,50,167250
20240220,10:00:26,0.65,50,169350
20240220,10:00:58,0.65,50,169400
20240220,10:02:02,0.65,300,169400
20240220,10:03:18,0.65,200,169400
20240220,10:04:06,0.65,50,169300
20240220,10:04:07,0.6,150,169300
20240220,10:04:33,0.6,50,169300
20240220,10:04:44,0.65,100,169300
20240220,10:11:44,0.6,50,169300
20240220,10:15:42,0.6,50,169300
20240220,10:16:11,0.65,900,169250
20240220,10:16:13,0.65,900,169200
20240220,10:17:07,0.65,50,169200
20240220,10:17:42,0.7,450,169200
20240220,10:17:42,0.7,550,169200
20240220,10:17:43,0.7,350,169200
20240220,10:17:44,0.7,550,169200
20240220,10:17:48,0.7,150,169200
20240220,10:17:50,0.7,150,169200
20240220,10:18:09,0.7,50,169200
20240220,10:18:12,0.7,500,169200
20240220,10:19:52,0.6,7250,168800
20240220,10:19:53,0.55,7800,168800
20240220,10:20:08,0.65,4550,168800
20240220,10:20:13,0.65,250,168800
20240220,10:20:41,0.65,50,168800
20240220,10:20:46,0.65,50,168800
20240220,10:20:49,0.65,200,168800
20240220,10:22:01,0.65,50,165700
20240220,10:22:06,0.65,50,165700
20240220,10:22:19,0.7,50,165700
20240220,10:23:30,0.7,100,165700
20240220,10:24:36,0.7,1950,165700
20240220,10:25:08,0.75,1800,165700
20240220,10:25:10,0.7,250,167100
20240220,10:25:11,0.7,50,167100
20240220,10:25:12,0.7,50,167100
20240220,10:25:37,0.7,50,167100
20240220,10:25:56,0.7,1300,167100
20240220,10:28:10,0.75,3650,164350
20240220,10:28:18,0.7,100,164350
20240220,10:28:28,0.7,50,164350
20240220,10:28:45,0.7,50,164350
20240220,10:29:16,0.75,50,164350
20240220,10:29:25,0.7,50,164350
20240220,10:30:04,0.75,4350,164350
20240220,10:30:05,0.75,100,164350
20240220,10:30:06,0.75,50,164350
20240220,10:30:07,0.75,50,164350
20240220,10:30:08,0.8,4500,164350
20240220,10:33:48,0.8,250,158000
20240220,10:36:56,0.75,250,158000
20240220,10:37:40,0.75,50,158250
20240220,10:40:03,0.8,50,158250
20240220,10:42:09,0.75,50,158250
20240220,10:43:25,0.75,50,158200
20240220,10:44:47,0.75,50,158200
20240220,10:46:12,0.8,150,158200
20240220,10:46:14,0.8,350,158150
20240220,10:47:57,0.75,50,158150
20240220,10:47:58,0.75,50,158150
20240220,10:48:06,0.75,500,158150
20240220,10:52:09,0.75,50,158150
20240220,10:52:10,0.75,200,158050
20240220,10:53:36,0.8,50,158050
20240220,10:57:32,0.8,250,158300
20240220,11:03:57,0.8,50,158300
20240220,11:14:18,0.75,400,158300
20240220,11:14:24,0.75,50,158300
20240220,11:18:42,0.75,50,157850
20240220,11:30:06,0.75,150,157850
20240220,11:31:05,0.75,50,157800
20240220,11:32:24,0.8,2750,157800
20240220,11:32:33,0.85,750,157800
20240220,11:32:43,0.85,250,157800
20240220,11:32:51,0.85,3200,157800
20240220,11:32:55,0.9,300,157800
20240220,11:32:56,0.85,1450,157800
20240220,11:33:04,0.8,500,157800
20240220,11:33:08,0.9,4150,157800
20240220,11:33:08,0.95,4250,157800
20240220,11:33:09,0.95,2100,157800
20240220,11:33:11,0.9,2100,157800
20240220,11:33:14,0.9,2900,157800
20240220,11:33:15,0.95,1800,157800
20240220,11:33:17,0.95,2050,157800
20240220,11:34:00,0.85,250,157800
20240220,11:34:01,0.9,1400,157800
20240220,11:34:51,0.85,2050,151650
20240220,11:36:01,0.85,500,151650
20240220,11:36:48,0.85,450,151650
20240220,11:36:57,0.9,200,151650
20240220,11:37:31,0.85,1100,150550
20240220,11:39:31,0.8,50,150550
20240220,11:40:03,0.85,250,150550
20240220,11:40:36,0.85,400,150550
20240220,11:40:44,0.85,50,150250
20240220,11:41:20,0.8,50,150250
20240220,11:41:21,0.85,150,150250
20240220,11:42:42,0.85,450,150250
20240220,11:42:43,0.85,50,150250
20240220,11:45:13,0.85,250,150250
20240220,11:49:29,0.8,300,151300
20240220,11:50:55,0.85,200,151300
20240220,11:52:38,0.85,2250,151300
20240220,11:53:25,0.8,150,151000
20240220,11:55:53,0.8,50,149150
20240220,11:56:33,0.9,50,149150
20240220,11:56:59,0.8,50,149150
20240220,11:58:47,0.85,550,149050
20240220,11:58:48,0.85,50,149050
20240220,11:59:11,0.8,50,149050
20240220,11:59:16,0.8,50,149050
20240220,11:59:22,0.8,250,149050
20240220,11:59:32,0.8,250,149050
20240220,12:00:44,0.9,500,149050
20240220,12:00:51,0.8,500,149050
20240220,12:00:57,0.9,300,149050
20240220,12:01:12,0.8,450,149050
20240220,12:01:12,0.9,250,149050
20240220,12:01:16,0.9,200,147950
20240220,12:01:23,0.9,250,147950
20240220,12:01:35,0.85,1400,147950
20240220,12:01:44,0.9,250,147950
20240220,12:02:10,0.85,250,147950
20240220,12:02:12,0.9,250,147950
20240220,12:02:25,0.9,300,147950
20240220,12:02:41,0.9,300,147950
20240220,12:02:50,0.95,300,147950
20240220,12:02:51,0.95,300,147950
20240220,12:03:10,1.0,1800,147950
20240220,12:03:10,1.0,4300,147950
20240220,12:03:15,1.0,550,147950
20240220,12:03:16,0.95,500,147950
20240220,12:03:18,1.05,2050,147950
20240220,12:03:20,1.05,250,147950
20240220,12:03:24,1.05,1450,147950
20240220,12:03:40,1.05,1000,147950
20240220,12:03:41,1.1,1800,147950
20240220,12:04:05,1.1,250,147950
20240220,12:04:06,1.05,700,147950
20240220,12:04:07,1.1,4850,147950
20240220,12:04:08,1.05,1000,147950
20240220,12:05:06,1.15,1800,139800
20240220,12:05:08,1.15,200,139800
20240220,12:05:40,1.1,250,139800
20240220,12:05:48,1.1,2200,139800
20240220,12:05:49,1.1,550,139800
20240220,12:05:56,1.1,1800,139800
20240220,12:05:56,1.05,600,139800
20240220,12:06:18,1.1,1800,139800
20240220,12:06:31,1.1,1450,139800
20240220,12:06:35,1.0,6350,139800
20240220,12:06:36,1.05,250,139800
20240220,12:06:43,1.05,250,139800
20240220,12:06:46,1.05,1700,139800
20240220,12:06:47,1.0,1000,139800
20240220,12:07:07,1.0,100,139800
20240220,12:07:32,1.05,3850,130650
20240220,12:07:47,1.05,250,130650
20240220,12:07:58,1.05,500,130650
20240220,12:08:02,1.1,500,130650
20240220,12:08:08,1.1,1800,130650
20240220,12:08:38,1.1,50,130650
20240220,12:09:12,1.1,250,130650
20240220,12:09:21,1.0,1150,130650
20240220,12:09:40,1.1,600,130650
20240220,12:10:06,1.1,50,130650
20240220,12:10:24,1.1,250,130650
20240220,12:10:31,1.1,600,129150
20240220,12:10:52,1.15,250,129150
20240220,12:11:05,1.15,100,129150
20240220,12:11:58,1.1,700,129150
20240220,12:12:00,1.1,300,129150
20240220,12:12:06,1.1,100,129150
20240220,12:12:13,1.15,1800,129150
20240220,12:12:24,1.15,550,129150
20240220,12:14:11,1.1,850,129150
20240220,12:14:11,1.1,1050,126400
20240220,12:14:15,1.05,400,126400
20240220,12:14:24,1.05,950,126400
20240220,12:14:31,1.05,200,126400
20240220,12:14:35,1.05,150,126400
20240220,12:14:36,1.05,1400,126400
20240220,12:14:37,1.05,950,126400
20240220,12:14:38,1.05,600,126400
20240220,12:14:40,1.05,50,126400
20240220,12:14:50,1.0,400,126400
20240220,12:14:58,1.05,150,126400
20240220,12:15:25,1.1,350,126400
20240220,12:15:56,1.05,950,126400
20240220,12:16:10,1.1,50,126400
20240220,12:16:18,1.1,50,126400
20240220,12:16:29,1.05,50,124200
20240220,12:16:30,1.1,200,124200
20240220,12:17:14,1.0,700,124200
20240220,12:17:22,1.05,250,124200
20240220,12:17:34,1.0,400,124200
20240220,12:17:47,1.0,1300,124200
20240220,12:17:48,0.95,300,124200
20240220,12:18:00,1.05,900,124200
20240220,12:18:02,1.05,450,124200
20240220,12:18:18,0.95,1200,124200
20240220,12:18:21,1.0,3500,124200
20240220,12:18:23,1.0,50,124200
20240220,12:18:44,1.05,550,124200
20240220,12:18:55,0.95,350,124200
20240220,12:18:58,0.95,150,124200
20240220,12:19:22,0.95,500,122400
20240220,12:20:45,1.0,100,122400
20240220,12:21:02,0.95,50,122400
20240220,12:23:39,1.0,500,122400
20240220,12:25:52,1.0,50,122400
20240220,12:30:04,1.0,200,122700
20240220,12:30:15,1.0,50,122700
20240220,12:30:38,0.9,100,122700
20240220,12:31:03,0.9,500,122700
20240220,12:31:14,0.9,50,122700
20240220,12:31:22,0.9,550,122050
20240220,12:31:32,0.95,500,122050
20240220,12:32:24,0.95,500,122050
20240220,12:33:16,0.9,350,122050
20240220,12:33:44,0.9,2300,122050
20240220,12:33:44,0.9,2550,122050
20240220,12:33:46,0.85,650,122050
20240220,12:34:48,0.85,50,124600
20240220,12:35:22,0.8,4600,124600
20240220,12:35:22,0.9,250,124600
20240220,12:35:23,0.8,100,124600
20240220,12:35:24,0.85,1100,124600
20240220,12:35:45,0.85,400,124600
20240220,12:37:52,0.85,650,127700
20240220,12:38:38,0.85,350,127700
20240220,12:40:23,0.85,250,127700
20240220,12:41:42,0.85,250,127500
20240220,12:41:48,0.8,200,127500
20240220,12:41:48,0.9,250,127500
20240220,12:42:00,0.9,250,127500
20240220,12:42:57,0.9,250,127500
20240220,12:43:01,0.9,250,127500
20240220,12:43:31,0.9,500,127700
20240220,12:43:39,0.9,250,127700
20240220,12:43:53,0.9,250,127700
20240220,12:46:02,0.85,50,127700
20240220,12:47:04,0.85,50,127700
20240220,12:50:23,0.85,800,127700
20240220,12:51:06,0.85,50,127700
20240220,12:51:42,0.85,50,127700
20240220,12:51:43,0.85,50,127700
20240220,12:52:06,0.85,50,127700
20240220,12:52:08,0.85,50,127700
20240220,12:54:58,0.85,50,127700
20240220,12:55:59,0.9,50,127000
20240220,12:57:04,0.9,100,127000
20240220,12:58:00,0.9,250,127000
20240220,13:02:14,0.85,600,127000
20240220,13:12:05,0.9,300,127400
20240220,13:12:28,0.9,350,127350
20240220,13:14:01,0.9,300,127350
20240220,13:14:29,0.9,250,128000
20240220,13:17:42,0.85,750,128000
20240220,13:26:25,0.95,50,127750
20240220,13:26:51,0.9,50,127750
20240220,13:27:04,0.95,350,127750
20240220,13:27:13,0.9,100,127750
20240220,13:29:26,0.9,50,128150
20240220,13:30:11,0.9,350,128150
20240220,13:33:55,0.9,250,128150
20240220,13:33:57,0.9,600,127800
20240220,13:35:36,0.9,50,127800
20240220,13:35:41,0.9,550,127800
20240220,13:35:42,0.9,50,127800
20240220,13:35:44,0.9,100,127800
20240220,13:36:40,0.85,350,127800
20240220,13:47:51,0.9,100,127400
20240220,13:47:52,0.9,100,127400
20240220,13:48:21,0.95,50,127400
20240220,13:51:05,0.95,50,127400
20240220,13:52:47,0.9,100,127400
20240220,13:52:52,0.9,50,127400
20240220,13:53:12,0.95,400,127400
20240220,13:53:51,0.95,150,127400
20240220,13:54:41,0.95,400,127400
20240220,13:56:39,1.0,3050,127400
20240220,13:56:41,0.95,500,127500
20240220,13:59:31,0.95,50,128450
20240220,13:59:44,0.95,250,128450
20240220,14:01:05,0.95,50,128450
20240220,14:01:15,0.95,50,128450
20240220,14:02:12,0.95,400,128450
20240220,14:02:32,0.95,50,128200
20240220,14:03:02,0.9,50,128200
20240220,14:04:48,0.9,150,128600
20240220,14:05:58,0.9,350,128600
20240220,14:06:03,0.85,50,128600
20240220,14:07:01,0.9,500,128600
20240220,14:08:04,0.85,250,128600
20240220,14:08:05,0.85,650,128150
20240220,14:08:09,0.85,50,128150
20240220,14:09:14,0.85,50,128150
20240220,14:09:25,0.85,50,128150
20240220,14:09:26,0.85,50,128150
20240220,14:09:47,0.85,50,128150
20240220,14:10:21,0.85,100,128150
20240220,14:11:37,0.85,250,128150
20240220,14:14:29,0.85,250,127950
20240220,14:16:35,0.85,250,127950
20240220,14:16:39,0.8,400,127750
20240220,14:23:34,0.8,200,127750
20240220,14:31:07,0.85,300,128000
20240220,14:32:16,0.85,50,127700
20240220,14:32:36,0.85,50,127700
20240220,14:32:39,0.95,3300,127700
20240220,14:32:57,0.95,250,127700
20240220,14:33:03,0.9,50,127700
20240220,14:33:12,0.9,400,127700
20240220,14:33:29,0.95,800,127700
20240220,14:34:01,0.9,100,127700
20240220,14:34:36,0.9,500,127700
20240220,14:34:38,0.9,1400,127700
20240220,14:34:40,0.95,250,125500
20240220,14:34:43,0.9,900,125500
20240220,14:34:45,0.9,100,125500
20240220,14:34:47,0.85,250,125500
20240220,14:34:50,0.9,250,125500
20240220,14:35:47,0.9,750,125500
20240220,14:36:13,0.85,50,125500
20240220,14:38:23,0.9,500,125050
20240220,14:38:35,0.9,1000,125050
20240220,14:39:24,0.95,250,125050
20240220,14:39:48,0.9,250,125050
20240220,14:42:08,0.95,250,125650
20240220,14:42:26,0.9,250,125650
20240220,14:45:47,0.9,900,126150
20240220,14:51:02,0.9,50,125900
20240220,14:51:03,0.9,250,125900
20240220,14:53:19,0.9,250,125900
20240220,14:53:50,0.9,100,125650
20240220,14:55:34,0.9,50,125650
20240220,14:56:32,0.95,250,125550
20240220,14:59:37,0.9,250,125800
20240220,15:00:27,0.9,500,125800
20240220,15:00:59,0.9,500,125800
20240220,15:01:02,0.9,600,125800
20240220,15:01:40,0.95,450,125800
20240220,15:01:42,1.0,1800,125700
20240220,15:01:43,1.0,2600,125700
20240220,15:03:15,1.0,250,125700
20240220,15:04:31,1.0,300,125700
20240220,15:05:15,1.0,50,123350
20240220,15:05:20,1.0,50,123350
20240220,15:05:26,0.95,200,123350
20240220,15:05:31,1.0,50,123350
20240220,15:05:41,1.0,50,123350
20240220,15:05:58,1.0,50,123350
20240220,15:06:02,1.0,100,123350
20240220,15:06:33,1.0,100,123350
20240220,15:06:38,1.0,250,123350
20240220,15:06:38,1.0,600,123350
20240220,15:06:39,1.0,500,123350
20240220,15:06:40,1.0,50,123350
20240220,15:06:42,1.0,50,123350
20240220,15:07:19,1.0,900,123350
20240220,15:07:20,1.0,50,123350
20240220,15:07:39,1.0,600,123350
20240220,15:07:57,1.1,500,123350
20240220,15:07:58,1.0,50,122300
20240220,15:08:06,1.1,150,122300
20240220,15:08:38,1.05,50,122300
20240220,15:08:42,1.0,250,122300
20240220,15:08:55,1.05,650,122300
20240220,15:08:56,1.05,50,122300
20240220,15:08:57,1.0,750,122300
20240220,15:09:17,1.0,800,122300
20240220,15:09:21,1.05,250,122300
20240220,15:11:34,1.0,900,122300
20240220,15:12:29,1.0,200,122200
20240220,15:13:15,0.95,450,122200
20240220,15:13:24,0.95,50,122200
20240220,15:13:36,0.95,50,122200
20240220,15:13:38,0.95,450,122200
20240220,15:13:40,1.0,100,122200
20240220,15:13:43,1.0,100,122200
20240220,15:13:44,0.95,50,121300
20240220,15:13:45,1.05,50,121300
20240220,15:14:10,1.0,150,121300
20240220,15:14:20,0.95,350,121300
20240220,15:14:42,1.0,200,121300
20240220,15:14:48,0.95,1550,121300
20240220,15:14:53,0.95,50,121300
20240220,15:14:55,0.9,50,121300
20240220,15:15:31,0.95,200,121300
20240220,15:15:37,0.95,50,121300
20240220,15:15:48,1.05,950,121300
20240220,15:17:14,1.0,750,121800
20240220,15:17:17,0.95,250,121800
20240220,15:17:22,0.9,100,121800
20240220,15:17:24,1.0,50,121800
20240220,15:17:32,0.95,500,121800
20240220,15:17:35,1.0,200,121800
20240220,15:17:41,0.9,400,121800
20240220,15:17:46,0.95,2500,121800
20240220,15:17:50,1.05,1800,121800
20240220,15:18:54,1.0,50,121800
20240220,15:18:55,1.0,50,121800
20240220,15:19:35,1.05,100,121800
20240220,15:20:06,1.0,500,122350
20240220,15:20:10,1.0,900,122350
20240220,15:20:15,1.0,50,122350
20240220,15:20:31,1.05,750,122350
20240220,15:20:34,1.1,1000,122350
20240220,15:21:00,1.1,300,122350
20240220,15:21:06,1.1,100,122350
20240220,15:21:35,1.1,900,122350
20240220,15:21:58,1.05,500,122350
20240220,15:22:04,1.05,100,122350
20240220,15:22:05,1.15,750,122350
20240220,15:22:11,1.05,250,122350
20240220,15:22:20,1.05,50,122350
20240220,15:22:25,1.05,50,122350
20240220,15:22:31,1.05,50,122350
20240220,15:22:35,1.1,700,122350
20240220,15:23:01,1.1,500,122350
20240220,15:23:06,1.15,1200,123000
20240220,15:23:07,1.1,100,123000
20240220,15:23:10,1.1,1700,123000
20240220,15:23:13,1.1,150,123000
20240220,15:23:20,1.1,200,123000
20240220,15:23:26,1.1,50,123000
20240220,15:23:27,1.1,650,123000
20240220,15:23:31,1.15,500,123000
20240220,15:23:35,1.1,800,123000
20240220,15:23:40,1.15,400,123000
20240220,15:23:44,1.15,400,123000
20240220,15:24:28,1.05,150,123000
20240220,15:24:36,1.15,500,123000
20240220,15:24:37,1.1,2300,123000
20240220,15:24:39,1.15,100,123000
20240220,15:24:40,1.15,200,123000
20240220,15:25:04,1.1,250,123000
20240220,15:25:36,1.05,1650,123000
20240220,15:25:37,0.85,700,123000
20240220,15:25:42,1.05,150,123000
20240220,15:25:43,1.1,250,123000
20240220,15:25:51,1.05,50,123000
20240220,15:26:02,1.05,100,123600
20240220,15:26:05,1.1,350,123600
20240220,15:26:06,1.05,850,123600
20240220,15:26:07,1.0,500,123600
20240220,15:26:08,1.1,200,123600
20240220,15:26:17,1.05,100,123600
20240220,15:26:20,0.95,150,123600
20240220,15:26:35,1.05,100,123600
20240220,15:26:41,1.05,100,123600
20240220,15:27:05,1.1,350,123600
20240220,15:27:11,1.0,50,123600
20240220,15:27:40,1.0,900,123600
20240220,15:28:17,0.95,50,123600
20240220,15:28:47,1.1,1900,125950
20240220,15:28:48,1.9,11950,125950
20240220,15:28:49,1.9,100,125950
20240220,15:29:01,1.0,500,125950
20240220,15:29:08,1.0,200,125950
20240220,15:29:08,1.05,300,125950
20240220,15:29:09,1.0,150,125950
20240220,15:29:16,1.0,250,125950
20240220,15:29:18,1.1,250,125950
20240220,15:29:18,1.35,6450,125950
20240220,15:29:24,1.05,50,125950
20240220,15:29:42,1.1,50,125950
20240220,15:29:48,1.1,200,125950
20240220,15:29:55,1.1,350,125950
20240221,09:15:00,1.15,1,131150
20240221,09:15:00,1.15,200,131150
20240221,09:15:03,1.1,300,131150
20240221,09:15:04,1.2,150,131150
20240221,09:15:04,1.1,150,131150
20240221,09:15:08,1.1,50,131150
20240221,09:15:11,1.0,200,131150
20240221,09:15:13,1.0,150,131150
20240221,09:15:17,0.85,350,131150
20240221,09:15:19,0.85,150,131150
20240221,09:15:21,0.85,150,131150
20240221,09:15:22,0.85,100,131150
20240221,09:15:22,0.9,100,131150
20240221,09:15:23,0.9,100,131150
20240221,09:15:24,0.9,250,131150
20240221,09:15:27,0.85,100,131150
20240221,09:15:28,0.85,100,131150
20240221,09:15:29,0.85,100,131150
20240221,09:15:30,0.85,250,131150
20240221,09:15:31,0.9,250,131150
20240221,09:15:33,0.85,300,131150
20240221,09:15:38,0.9,50,131150
20240221,09:15:39,0.8,50,131150
20240221,09:15:41,0.8,200,131150
20240221,09:15:42,0.85,350,131150
20240221,09:15:42,0.85,100,131150
20240221,09:15:44,0.85,100,131150
20240221,09:15:45,0.85,400,131150
20240221,09:15:46,0.85,100,131150
20240221,09:15:48,0.9,500,131150
20240221,09:15:52,0.85,450,131300
20240221,09:16:03,0.9,700,131300
20240221,09:16:04,0.85,700,131300
20240221,09:16:07,0.9,100,131300
20240221,09:16:09,0.85,50,131300
20240221,09:16:11,0.9,750,131300
20240221,09:16:45,0.9,100,131300
20240221,09:17:16,0.85,300,131300
20240221,09:17:34,0.85,1050,131300
20240221,09:18:18,0.85,50,131300
20240221,09:18:28,0.85,200,131300
20240221,09:18:44,0.85,250,131300
20240221,09:19:06,0.85,1150,131200
20240221,09:19:14,0.8,500,131200
20240221,09:19:31,0.75,1750,131200
20240221,09:19:32,0.75,1100,131200
20240221,09:20:08,0.75,50,131200
20240221,09:20:45,0.8,450,131200
20240221,09:20:48,0.8,400,131200
20240221,09:21:26,0.8,500,131200
20240221,09:21:31,0.8,150,131200
20240221,09:21:40,0.8,800,131200
20240221,09:21:42,0.8,50,131200
20240221,09:22:19,0.8,50,131200
20240221,09:22:27,0.8,50,128950
20240221,09:22:38,0.8,100,128950
20240221,09:23:08,0.8,50,128950
20240221,09:23:32,0.75,500,128950
20240221,09:23:44,0.75,250,128950
20240221,09:24:35,0.75,150,128950
20240221,09:24:37,0.75,1450,128950
20240221,09:25:06,0.75,150,128500
20240221,09:25:11,0.8,450,128500
20240221,09:25:24,0.7,1250,128500
20240221,09:25:42,0.75,750,128500
20240221,09:25:43,0.75,50,128500
20240221,09:25:44,0.75,300,128500
20240221,09:25:50,0.75,100,128500
20240221,09:26:11,0.75,250,128500
20240221,09:27:37,0.75,600,128500
20240221,09:27:51,0.75,1500,128500
20240221,09:28:09,0.75,700,128500
20240221,09:28:18,0.75,250,127600
20240221,09:28:23,0.75,50,127600
20240221,09:28:27,0.75,1050,127600
20240221,09:30:42,0.7,100,127600
20240221,09:33:08,0.7,1050,127550
20240221,09:33:44,0.7,750,127550
20240221,09:33:46,0.7,100,127550
20240221,09:33:54,0.7,650,127550
20240221,09:34:10,0.65,350,127550
20240221,09:36:05,0.6,6300,128150
20240221,09:36:05,0.6,1700,128150
20240221,09:36:06,0.6,100,128150
20240221,09:36:30,0.65,500,128150
20240221,09:36:45,0.6,2150,128150
20240221,09:36:46,0.55,1800,128150
20240221,09:36:48,0.55,1100,128150
20240221,09:36:49,0.6,50,128150
20240221,09:37:04,0.6,1000,128150
20240221,09:37:09,0.6,2650,133550
20240221,09:37:09,0.6,600,133550
20240221,09:37:11,0.55,550,133550
20240221,09:37:19,0.6,1650,133550
20240221,09:37:20,0.65,200,133550
20240221,09:37:20,0.65,50,133550
20240221,09:37:24,0.65,50,133550
20240221,09:37:45,0.55,200,133550
20240221,09:40:04,0.6,900,136350
20240221,09:40:06,0.55,1800,136350
20240221,09:42:20,0.6,1000,136350
20240221,09:43:48,0.6,100,138200
20240221,09:44:10,0.55,1800,138200
20240221,09:45:01,0.55,950,138200
20240221,09:45:19,0.6,250,138200
20240221,09:45:32,0.6,50,138200
20240221,09:45:53,0.6,200,138200
20240221,09:46:55,0.6,50,139350
20240221,09:46:56,0.6,100,139350
20240221,09:47:27,0.6,150,139350
20240221,09:50:05,0.6,5400,139350
20240221,09:50:18,0.65,50,139300
20240221,09:50:33,0.65,300,139300
20240221,09:51:00,0.65,550,139300
20240221,09:51:01,0.65,100,139300
20240221,09:52:02,0.65,700,139300
20240221,09:52:33,0.65,1200,144550
20240221,09:53:17,0.65,1900,144550
20240221,09:53:18,0.65,150,144550
20240221,09:53:23,0.7,250,144550
20240221,09:53:26,0.7,1000,144550
20240221,09:53:31,0.7,250,144550
20240221,09:53:32,0.7,50,144550
20240221,09:53:34,0.7,200,144550
20240221,09:53:37,0.65,50,144550
20240221,09:54:41,0.65,1800,144550
20240221,09:55:04,0.65,3600,144550
20240221,09:55:05,0.65,2050,147150
20240221,09:55:06,0.65,1800,147150
20240221,09:55:09,0.65,1800,147150
20240221,09:55:24,0.65,50,147150
20240221,09:55:38,0.65,50,147150
20240221,09:56:01,0.65,300,147150
20240221,09:56:06,0.65,100,147150
20240221,09:56:17,0.65,1600,147150
20240221,09:57:19,0.65,500,147150
20240221,09:57:29,0.65,250,147150
20240221,09:57:37,0.65,750,147150
20240221,09:57:50,0.65,100,147150
20240221,09:57:57,0.65,100,147150
20240221,09:58:03,0.65,250,147150
20240221,09:58:45,0.6,250,155450
20240221,09:59:17,0.6,300,155450
20240221,09:59:20,0.6,200,155450
20240221,09:59:46,0.65,50,155450
20240221,09:59:59,0.65,100,155450
20240221,10:05:49,0.6,800,155350
20240221,10:05:49,0.6,250,155350
20240221,10:05:50,0.6,50,155350
20240221,10:06:05,0.6,1000,155350
20240221,10:06:49,0.6,250,155350
20240221,10:06:58,0.6,1100,155350
20240221,10:07:02,0.6,500,155350
20240221,10:07:23,0.6,1200,155350
20240221,10:07:33,0.6,150,155350
20240221,10:07:34,0.6,100,155350
20240221,10:07:35,0.6,1950,155350
20240221,10:07:36,0.6,50,155350
20240221,10:07:44,0.55,350,155350
20240221,10:07:46,0.55,900,155350
20240221,10:07:47,0.55,550,155350
20240221,10:07:52,0.55,350,155350
20240221,10:08:18,0.55,100,155350
20240221,10:08:24,0.55,2200,155350
20240221,10:08:28,0.55,500,155350
20240221,10:08:43,0.55,1750,155350
20240221,10:08:43,0.6,50,155350
20240221,10:08:46,0.55,1000,155350
20240221,10:08:46,0.55,50,155350
20240221,10:08:47,0.55,50,155350
20240221,10:08:48,0.5,500,155350
20240221,10:08:49,0.5,50,155350
20240221,10:08:52,0.5,50,155350
20240221,10:08:53,0.55,50,155350
20240221,10:08:55,0.5,150,155350
20240221,10:08:56,0.5,100,155350
20240221,10:08:57,0.55,50,155350
20240221,10:09:24,0.5,100,155350
20240221,10:09:35,0.5,150,155350
20240221,10:09:39,0.5,50,155350
20240221,10:09:46,0.5,800,155350
20240221,10:09:58,0.5,500,155350
20240221,10:10:05,0.5,400,153550
20240221,10:10:34,0.5,250,153550
20240221,10:10:38,0.5,3050,153550
20240221,10:10:39,0.5,600,153550
20240221,10:10:43,0.5,50,153550
20240221,10:10:45,0.5,800,153550
20240221,10:10:46,0.5,1700,153550
20240221,10:10:47,0.5,900,153550
20240221,10:10:55,0.5,250,153550
20240221,10:11:00,0.45,2450,153550
20240221,10:11:04,0.45,2550,153550
20240221,10:11:18,0.45,2600,153550
20240221,10:11:19,0.45,500,153550
20240221,10:11:20,0.45,4000,153550
20240221,10:11:22,0.45,350,153550
20240221,10:11:35,0.45,150,153550
20240221,10:11:47,0.45,500,153550
20240221,10:11:58,0.4,300,153550
20240221,10:12:25,0.4,1250,153550
20240221,10:12:33,0.45,500,153550
20240221,10:12:34,0.45,1000,153550
20240221,10:12:49,0.4,5150,153550
20240221,10:12:50,0.45,250,153550
20240221,10:13:31,0.4,100,153550
20240221,10:14:08,0.4,100,154050
20240221,10:14:19,0.4,2300,154050
20240221,10:14:21,0.4,900,154050
20240221,10:14:23,0.4,600,154050
20240221,10:14:29,0.4,1250,154050
20240221,10:14:30,0.4,100,154050
20240221,10:14:31,0.4,100,154050
20240221,10:14:38,0.4,1850,154050
20240221,10:14:39,0.35,2950,154050
20240221,10:14:42,0.35,450,154050
20240221,10:14:47,0.4,50,154050
20240221,10:15:03,0.35,3300,154050
20240221,10:15:04,0.35,1700,154050
20240221,10:15:08,0.4,250,154050
20240221,10:15:17,0.4,250,154050
20240221,10:15:27,0.4,250,154050
20240221,10:15:28,0.35,2550,154050
20240221,10:15:37,0.35,300,154050
20240221,10:15:42,0.35,300,154050
20240221,10:15:48,0.4,1250,154050
20240221,10:16:00,0.4,50,154050
20240221,10:16:09,0.35,1950,154050
20240221,10:16:10,0.35,100,154950
20240221,10:16:12,0.35,3400,154950
20240221,10:16:21,0.35,1400,154950
20240221,10:16:29,0.35,150,154950
20240221,10:16:33,0.3,1000,154950
20240221,10:16:43,0.3,900,154950
20240221,10:16:45,0.3,150,154950
20240221,10:16:53,0.3,750,154950
20240221,10:17:49,0.3,500,154950
20240221,10:18:01,0.35,250,154950
20240221,10:18:01,0.3,1800,154950
20240221,10:18:07,0.25,3250,154950
20240221,10:18:10,0.25,9350,154950
20240221,10:18:36,0.35,500,154950
20240221,10:18:37,0.35,150,154950
20240221,10:18:38,0.3,2600,154950
20240221,10:18:42,0.35,250,154950
20240221,10:18:57,0.35,250,154950
20240221,10:19:52,0.35,650,152500
20240221,10:20:32,0.35,250,152500
20240221,10:20:39,0.3,5700,152500
20240221,10:20:40,0.3,1250,152500
20240221,10:20:43,0.3,200,152500
20240221,10:21:05,0.3,500,152500
20240221,10:21:18,0.3,1800,152500
20240221,10:21:18,0.3,450,152500
20240221,10:21:28,0.3,850,152500
20240221,10:21:53,0.3,750,152500
20240221,10:21:54,0.3,250,152500
20240221,10:22:01,0.3,750,152500
20240221,10:22:06,0.3,350,153550
20240221,10:22:07,0.3,400,153550
20240221,10:22:10,0.3,350,153550
20240221,10:22:29,0.3,100,153550
20240221,10:22:32,0.3,250,153550
20240221,10:22:39,0.25,500,153550
20240221,10:22:40,0.3,50,153550
20240221,10:22:48,0.3,500,153550
20240221,10:22:55,0.25,500,153550
20240221,10:22:57,0.25,4050,153550
20240221,10:23:05,0.25,7150,153550
20240221,10:23:06,0.25,50,153550
20240221,10:23:07,0.25,250,153550
20240221,10:23:15,0.25,1800,153550
20240221,10:23:21,0.25,1600,153550
20240221,10:23:25,0.25,550,153550
20240221,10:23:26,0.25,250,153550
20240221,10:23:27,0.25,250,153550
20240221,10:23:36,0.25,6400,153550
20240221,10:23:37,0.3,100,153550
20240221,10:23:42,0.25,1600,153550
20240221,10:23:43,0.3,250,153550
20240221,10:23:49,0.25,150,153550
20240221,10:23:53,0.3,600,153550
20240221,10:23:54,0.25,300,153550
20240221,10:23:59,0.25,200,153550
20240221,10:24:02,0.25,900,153550
20240221,10:24:15,0.25,250,153550
20240221,10:24:17,0.25,200,153550
20240221,10:24:24,0.25,200,153550
20240221,10:24:44,0.25,500,153550
20240221,10:24:45,0.3,500,153550
20240221,10:25:06,0.25,1800,153550
20240221,10:25:08,0.25,500,154450
20240221,10:25:21,0.25,600,154450
20240221,10:25:37,0.3,950,154450
20240221,10:25:43,0.25,100,154450
20240221,10:26:02,0.3,100,154450
20240221,10:26:50,0.25,2900,154450
20240221,10:26:55,0.3,50,154450
20240221,10:27:11,0.25,1800,154450
20240221,10:27:17,0.25,900,154450
20240221,10:27:29,0.25,7200,154450
20240221,10:27:48,0.3,50,154450
20240221,10:28:07,0.25,1800,153500
20240221,10:28:10,0.3,500,153500
20240221,10:28:15,0.3,250,153500
20240221,10:28:17,0.25,5950,153500
20240221,10:28:18,0.25,50,153500
20240221,10:28:19,0.25,500,153500
20240221,10:28:21,0.25,50,153500
20240221,10:28:22,0.25,100,153500
20240221,10:28:23,0.25,50,153500
20240221,10:28:25,0.25,100,153500
20240221,10:28:26,0.25,50,153500
20240221,10:28:27,0.25,100,153500
20240221,10:28:29,0.25,50,153500
20240221,10:28:29,0.25,100,153500
20240221,10:28:30,0.25,50,153500
20240221,10:28:31,0.25,50,153500
20240221,10:28:32,0.25,50,153500
20240221,10:28:33,0.2,1850,153500
20240221,10:28:34,0.2,3700,153500
20240221,10:28:36,0.25,50,153500
20240221,10:28:37,0.25,100,153500
20240221,10:28:38,0.25,250,153500
20240221,10:28:39,0.25,100,153500
20240221,10:28:40,0.25,50,153500
20240221,10:28:42,0.25,100,153500
20240221,10:28:43,0.25,50,153500
20240221,10:28:44,0.25,100,153500
20240221,10:28:45,0.25,300,153500
20240221,10:28:46,0.25,550,153500
20240221,10:28:47,0.25,1100,153500
20240221,10:28:48,0.25,50,153500
20240221,10:28:49,0.25,100,153500
20240221,10:28:50,0.25,50,153500
20240221,10:28:52,0.25,100,153500
20240221,10:28:53,0.25,50,153500
20240221,10:28:54,0.25,300,153500
20240221,10:28:56,0.25,250,153500
20240221,10:28:57,0.25,100,153500
20240221,10:28:58,0.25,50,153500
20240221,10:28:59,0.25,150,153500
20240221,10:29:00,0.25,50,153500
20240221,10:29:01,0.2,1850,153500
20240221,10:29:02,0.25,1900,153500
20240221,10:29:03,0.25,50,153500
20240221,10:29:05,0.25,250,153500
20240221,10:29:07,0.25,50,153500
20240221,10:29:09,0.25,50,153500
20240221,10:29:17,0.25,500,153500
20240221,10:29:21,0.25,50,153500
20240221,10:29:22,0.25,400,153500
20240221,10:29:41,0.25,50,153500
20240221,10:29:42,0.25,50,153500
20240221,10:29:44,0.25,50,153500
20240221,10:29:45,0.25,50,153500
20240221,10:29:46,0.25,50,153500
20240221,10:29:47,0.25,100,153500
20240221,10:29:48,0.25,50,153500
20240221,10:29:49,0.25,50,153500
20240221,10:29:50,0.25,600,153500
20240221,10:29:51,0.25,150,153500
20240221,10:29:52,0.25,100,153500
20240221,10:29:53,0.25,50,153500
20240221,10:29:57,0.25,50,153500
20240221,10:29:58,0.25,50,153500
20240221,10:30:00,0.25,100,153500
20240221,10:30:02,0.25,50,153500
20240221,10:30:04,0.25,50,153500
20240221,10:30:05,0.25,700,153500
20240221,10:30:06,0.25,50,153500
20240221,10:30:07,0.25,100,153500
20240221,10:30:08,0.25,50,153500
20240221,10:30:09,0.25,150,153500
20240221,10:30:10,0.25,100,153500
20240221,10:30:11,0.25,300,153500
20240221,10:30:12,0.25,100,153500
20240221,10:30:13,0.25,50,153500
20240221,10:30:14,0.25,50,153500
20240221,10:30:15,0.25,1850,153500
20240221,10:30:17,0.25,1800,153500
20240221,10:30:20,0.25,50,153500
20240221,10:30:21,0.25,50,153500
20240221,10:30:22,0.25,50,153500
20240221,10:30:23,0.25,50,153500
20240221,10:30:24,0.2,1850,153500
20240221,10:30:25,0.25,50,153500
20240221,10:30:26,0.25,50,153500
20240221,10:30:27,0.25,600,153500
20240221,10:30:28,0.25,50,153500
20240221,10:30:29,0.25,650,153500
20240221,10:30:30,0.25,50,153500
20240221,10:30:37,0.25,250,153500
20240221,10:30:44,0.25,50,153500
20240221,10:31:13,0.25,300,167000
20240221,10:31:18,0.2,50,167000
20240221,10:31:31,0.25,250,167000
20240221,10:31:36,0.25,5400,167000
20240221,10:31:38,0.25,900,167000
20240221,10:31:40,0.25,5400,167000
20240221,10:31:40,0.25,1800,167000
20240221,10:31:41,0.25,4300,167000
20240221,10:32:00,0.3,11550,167000
20240221,10:32:01,0.3,650,167000
20240221,10:32:01,0.3,50,167000
20240221,10:32:03,0.3,150,167000
20240221,10:32:03,0.3,650,167000
20240221,10:32:04,0.3,50,167000
20240221,10:32:06,0.3,750,167000
20240221,10:32:07,0.3,50,167000
20240221,10:32:07,0.3,700,167000
20240221,10:32:08,0.3,50,167000
20240221,10:32:10,0.3,800,167000
20240221,10:32:12,0.3,100,167000
20240221,10:32:12,0.3,700,167000
20240221,10:32:15,0.3,50,167000
20240221,10:32:19,0.3,6400,167000
20240221,10:33:32,0.25,1800,167000
20240221,10:33:33,0.25,3600,167000
20240221,10:35:16,0.3,2800,167000
20240221,10:35:19,0.3,1800,171550
20240221,10:35:24,0.3,1250,171550
20240221,10:35:26,0.3,100,171550
20240221,10:35:32,0.3,500,171550
20240221,10:35:37,0.3,1800,171550
20240221,10:35:38,0.3,3450,171550
20240221,10:36:01,0.3,200,171550
20240221,10:36:08,0.3,300,171550
20240221,10:37:55,0.3,750,171550
20240221,10:38:09,0.25,100,171650
20240221,10:39:09,0.3,5400,171650
20240221,10:40:25,0.25,1800,171650
20240221,10:41:13,0.25,1800,171650
20240221,10:42:10,0.3,400,171650
20240221,10:42:14,0.3,250,171650
20240221,10:42:17,0.3,50,171650
20240221,10:42:22,0.3,50,171650
20240221,10:42:33,0.3,1500,171650
20240221,10:42:35,0.3,100,171650
20240221,10:42:55,0.3,250,171650
20240221,10:43:24,0.3,50,171650
20240221,10:43:46,0.3,400,175250
20240221,10:44:00,0.3,1000,175250
20240221,10:44:04,0.3,200,175250
20240221,10:44:06,0.3,1800,175250
20240221,10:44:22,0.3,500,175250
20240221,10:44:33,0.3,700,175250
20240221,10:44:51,0.3,1350,175250
20240221,10:45:08,0.25,5450,175250
20240221,10:46:38,0.25,50,180650
20240221,10:47:14,0.3,250,180650
20240221,10:47:32,0.3,1000,180650
20240221,10:47:45,0.3,1250,180650
20240221,10:47:47,0.3,50,180650
20240221,10:48:12,0.3,450,180650
20240221,10:48:31,0.3,200,180650
20240221,10:49:40,0.3,200,180650
20240221,10:49:49,0.3,250,180650
20240221,10:49:57,0.3,100,180650
20240221,10:49:58,0.25,950,180650
20240221,10:50:00,0.3,300,180650
20240221,10:50:12,0.3,50,180650
20240221,10:50:14,0.3,150,180650
20240221,10:50:46,0.3,450,180650
20240221,10:51:38,0.25,1000,180650
20240221,10:53:54,0.25,50,180650
20240221,10:54:45,0.3,400,180650
20240221,10:54:46,0.25,750,180650
20240221,10:54:53,0.3,350,180650
20240221,10:55:10,0.25,50,180650
20240221,10:55:10,0.3,950,180650
20240221,10:55:13,0.3,250,180650
20240221,10:55:26,0.3,50,180650
20240221,10:55:30,0.3,700,180650
20240221,10:55:34,0.3,300,180650
20240221,10:55:37,0.3,300,180650
20240221,10:56:05,0.25,1800,180650
20240221,10:58:10,0.25,350,182450
20240221,10:58:32,0.25,200,182450
20240221,11:00:56,0.25,3600,182450
20240221,11:01:28,0.3,250,186050
20240221,11:03:04,0.25,250,186050
20240221,11:10:04,0.25,250,186050
20240221,11:10:13,0.25,1400,186050
20240221,11:10:53,0.3,250,186050
20240221,11:14:21,0.25,350,186050
20240221,11:14:26,0.25,200,186050
20240221,11:14:35,0.3,100,186050
20240221,11:14:44,0.3,300,186050
20240221,11:14:45,0.3,100,186050
20240221,11:15:41,0.3,250,186050
20240221,11:16:01,0.3,1000,186050
20240221,11:16:03,0.3,250,186050
20240221,11:16:14,0.3,400,186050
20240221,11:16:25,0.3,100,186050
20240221,11:18:30,0.25,1000,186050
20240221,11:18:32,0.3,250,186050
20240221,11:18:34,0.3,250,186050
20240221,11:18:37,0.3,750,186050
20240221,11:18:53,0.3,150,186050
20240221,11:19:12,0.3,50,186050
20240221,11:19:14,0.3,50,186050
20240221,11:19:16,0.3,50,186050
20240221,11:19:17,0.3,250,186050
20240221,11:19:19,0.3,50,186050
20240221,11:19:21,0.3,50,186050
20240221,11:19:23,0.3,50,186050
20240221,11:19:25,0.3,50,186050
20240221,11:19:27,0.3,50,186050
20240221,11:19:29,0.3,50,186050
20240221,11:19:31,0.3,50,186050
20240221,11:19:32,0.3,250,186050
20240221,11:19:33,0.3,50,186050
20240221,11:19:36,0.3,50,186050
20240221,11:19:38,0.3,50,186050
20240221,11:19:40,0.3,50,186050
20240221,11:19:42,0.3,50,186050
20240221,11:19:44,0.3,50,186050
20240221,11:19:46,0.3,50,186050
20240221,11:19:48,0.3,50,186050
20240221,11:19:50,0.3,50,186050
20240221,11:19:52,0.3,50,186050
20240221,11:19:55,0.3,50,186050
20240221,11:19:57,0.3,50,186050
20240221,11:19:59,0.3,50,186050
20240221,11:20:01,0.3,50,186050
20240221,11:20:03,0.3,50,186050
20240221,11:20:05,0.3,50,186050
20240221,11:20:07,0.3,150,186050
20240221,11:20:08,0.3,50,186050
20240221,11:20:09,0.3,50,186050
20240221,11:20:12,0.3,50,186050
20240221,11:20:14,0.3,50,186050
20240221,11:20:16,0.3,50,186050
20240221,11:20:18,0.3,50,186050
20240221,11:20:20,0.3,50,186050
20240221,11:20:21,0.3,36000,186050
