date,time,tick_price,volume,open_interest
20231212,13:27:12,21.65,450,450
20240103,11:36:48,3.05,1,450
20240103,11:36:48,2.3,350,450
20240103,11:37:21,2.3,50,450
20240103,11:50:28,2.65,100,550
20240103,11:59:11,2.35,100,650
20240103,12:05:36,2.3,150,550
20240103,12:06:21,2.3,50,400
20240103,12:18:16,2.4,50,350
20240103,13:24:59,2.1,250,400
20240103,13:25:06,2.1,350,400
20240103,13:25:10,2.1,50,400
20240103,13:28:25,2.1,50,750
20240103,13:28:51,2.1,50,750
20240103,13:29:09,2.1,50,750
20240103,13:30:44,2.1,50,900
20240103,13:33:36,2.1,50,950
20240103,13:33:53,2.1,50,950
20240103,13:36:17,2.1,50,1050
20240103,13:38:55,2.1,50,1050
20240103,13:40:00,2.1,50,1150
20240103,13:40:21,2.1,250,1150
20240103,13:55:38,2.05,50,1450
20240103,14:00:17,2.05,50,1450
20240103,14:08:18,2.05,50,1450
20240103,14:37:50,2.1,250,1500
20240103,14:51:42,1.85,50,1600
20240103,14:52:08,1.85,100,1600
20240103,15:05:23,1.8,50,1600
20240103,15:20:56,1.75,50,1600
20240103,15:21:00,1.75,50,1600
20240103,15:21:05,1.75,100,1600
20240103,15:23:59,1.65,150,1600
20240103,15:24:04,1.65,100,1600
20240104,09:16:12,2.0,1,1600
20240104,09:16:12,2.0,500,1600
20240104,09:17:27,2.05,1000,1850
20240104,09:17:34,2.05,450,1850
20240104,09:17:43,2.0,750,1850
20240104,09:17:50,2.0,1850,1850
20240104,09:17:56,2.0,1600,1850
20240104,09:18:04,2.0,300,1850
20240104,09:18:15,2.0,1100,1850
20240104,09:18:23,1.95,200,1850
20240104,09:18:29,1.85,300,1850
20240104,09:18:44,1.85,100,1850
20240104,09:18:50,1.9,200,1850
20240104,09:19:53,1.8,150,1850
20240104,09:20:26,1.8,100,1850
20240104,09:20:39,1.75,100,8700
20240104,09:21:20,1.75,50,8700
20240104,09:22:10,1.65,100,8700
20240104,09:22:28,1.65,100,8700
20240104,09:23:40,1.65,50,8800
20240104,09:24:27,1.6,50,8800
20240104,09:25:19,1.6,50,8800
20240104,09:27:47,1.65,50,8800
20240104,09:29:03,1.65,50,8800
20240104,09:32:19,1.6,50,8900
20240104,09:32:27,1.65,150,8950
20240104,09:37:21,1.75,100,9000
20240104,09:40:25,1.7,50,8900
20240104,09:40:33,1.7,50,8900
20240104,09:40:41,1.75,100,8900
20240104,09:41:02,1.75,50,8900
20240104,09:41:36,1.7,100,8750
20240104,09:42:31,1.5,300,8750
20240104,09:43:18,1.75,100,8750
20240104,09:43:47,1.75,350,8750
20240104,09:43:55,1.7,200,8750
20240104,09:49:56,1.7,50,8450
20240104,09:50:43,1.75,100,8400
20240104,09:50:50,1.75,50,8400
20240104,09:52:36,1.7,50,8400
20240104,09:52:59,1.7,50,8400
20240104,09:54:32,1.7,1850,8400
20240104,10:06:13,1.7,100,8400
20240104,10:06:42,1.7,50,8400
20240104,10:07:34,1.65,50,8400
20240104,10:07:49,1.7,50,8400
20240104,10:16:46,1.75,100,8350
20240104,10:17:51,1.75,500,8350
20240104,10:19:24,1.65,150,8350
20240104,10:25:15,1.7,300,8300
20240104,10:25:22,1.65,50,8300
20240104,10:31:17,1.65,50,8250
20240104,10:31:37,1.7,200,8250
20240104,10:31:44,1.65,50,8250
20240104,10:33:05,1.65,300,8350
20240104,10:33:28,1.65,50,8350
20240104,10:34:36,1.65,50,8350
20240104,10:37:02,1.65,150,8400
20240104,10:39:42,1.65,50,8400
20240104,10:40:19,1.65,50,8400
20240104,10:41:14,1.65,50,8400
20240104,10:48:52,1.7,100,8550
20240104,10:49:03,1.7,100,8550
20240104,10:57:40,1.7,100,8400
20240104,11:01:57,1.7,100,8400
20240104,11:12:31,1.65,100,8400
20240104,11:16:10,1.7,50,8400
20240104,11:16:19,1.7,50,8400
20240104,11:16:29,1.7,50,8400
20240104,12:08:40,1.7,100,8250
20240104,12:09:37,1.7,100,8300
20240104,12:10:24,1.75,100,8300
20240104,12:10:56,1.75,100,8300
20240104,12:12:49,1.8,1050,8500
20240104,12:16:05,1.75,50,9450
20240104,12:18:19,1.7,100,9500
20240104,12:19:57,1.7,50,9500
20240104,12:20:08,1.7,50,9500
20240104,12:23:17,1.7,150,9550
20240104,12:26:49,1.65,50,9600
20240104,12:27:03,1.65,150,9650
20240104,12:27:32,1.7,100,9650
20240104,12:28:28,1.65,50,9650
20240104,12:30:19,1.65,50,9650
20240104,12:53:19,1.6,300,9700
20240104,12:54:42,1.6,100,9650
20240104,12:55:04,1.6,100,9650
20240104,13:02:47,1.6,50,9650
20240104,13:11:40,1.6,1000,9600
20240104,13:14:18,1.6,300,9600
20240104,13:17:25,1.6,200,9550
20240104,13:34:38,1.25,450,9550
20240104,13:36:36,1.25,300,9400
20240104,13:37:27,1.55,50,9400
20240104,13:47:24,1.5,100,9100
20240104,13:48:35,1.45,100,9200
20240104,13:55:38,1.45,50,9200
20240104,13:56:47,1.5,100,9200
20240104,13:57:30,1.45,50,9100
20240104,13:57:47,1.5,100,9100
20240104,14:07:47,1.4,100,9000
20240104,14:08:57,1.4,50,9000
20240104,14:10:22,1.45,50,9100
20240104,14:10:34,1.4,50,9100
20240104,14:10:39,1.35,100,9100
20240104,14:10:44,1.4,300,9100
20240104,14:10:56,1.4,200,9100
20240104,14:11:12,1.4,50,9100
20240104,14:11:17,1.4,300,9100
20240104,14:11:44,1.35,250,9100
20240104,14:14:09,1.3,200,9350
20240104,14:16:01,1.3,150,9550
20240104,14:42:46,1.35,600,9600
20240104,14:43:07,1.35,300,9600
20240104,14:43:18,1.3,600,9600
20240104,14:53:51,1.35,50,10650
20240104,14:53:56,1.3,200,10650
20240104,14:54:14,1.3,500,10600
20240104,14:58:37,1.3,350,10600
20240104,14:58:42,1.3,100,10600
20240104,15:00:31,1.3,450,10600
20240104,15:00:40,1.3,200,10600
20240104,15:02:49,1.25,450,10600
20240104,15:05:17,1.3,200,10750
20240104,15:06:33,1.3,1250,10750
20240104,15:09:31,1.3,1550,11750
20240104,15:11:39,1.35,1500,11750
20240104,15:15:20,1.25,50,12050
20240104,15:16:22,1.3,50,12050
20240104,15:20:05,1.35,100,12000
20240104,15:20:49,1.4,50,12000
20240104,15:21:06,1.35,50,12000
20240104,15:21:33,1.4,50,12000
20240104,15:21:51,1.35,400,12000
20240104,15:22:08,1.4,700,12000
20240104,15:22:17,1.4,800,12000
20240104,15:22:33,1.4,50,12000
20240104,15:22:52,1.4,1000,12000
20240104,15:24:33,1.35,200,11600
20240104,15:24:50,1.35,150,11600
20240104,15:25:54,1.35,50,11600
20240104,15:27:27,1.35,100,11700
20240104,15:27:47,1.3,900,11700
20240104,15:28:25,1.35,200,11700
20240104,15:28:53,1.35,250,11700
20240105,09:15:02,1.35,1,11100
20240105,09:15:02,1.35,100,11100
20240105,09:15:04,1.4,150,11100
20240105,09:15:10,1.35,50,11100
20240105,09:15:15,1.05,50,11100
20240105,09:15:25,1.05,350,11100
20240105,09:15:38,1.05,850,11100
20240105,09:15:39,1.05,1150,11100
20240105,09:15:40,1.1,50,11100
20240105,09:15:41,1.15,450,11100
20240105,09:15:42,1.15,700,11100
20240105,09:15:59,1.15,100,11100
20240105,09:16:14,1.15,300,11100
20240105,09:16:36,1.15,50,11100
20240105,09:16:39,1.15,250,11100
20240105,09:16:50,1.15,250,11100
20240105,09:17:00,1.15,250,11100
20240105,09:17:01,1.15,750,11100
20240105,09:17:02,1.2,800,11100
20240105,09:17:03,1.2,1600,11100
20240105,09:17:25,1.25,50,13600
20240105,09:17:28,1.25,200,13600
20240105,09:17:29,1.3,7050,13600
20240105,09:17:30,1.25,1050,13600
20240105,09:17:33,1.25,50,13600
20240105,09:17:34,1.25,1100,13600
20240105,09:17:35,1.25,50,13600
20240105,09:17:37,1.25,400,13600
20240105,09:17:40,1.25,100,13600
20240105,09:17:42,1.25,850,13600
20240105,09:17:44,1.25,100,13600
20240105,09:17:52,1.3,2650,13600
20240105,09:17:53,1.25,2800,13600
20240105,09:17:54,1.35,6900,13600
20240105,09:18:23,1.35,50,13600
20240105,09:18:47,1.25,250,13600
20240105,09:18:49,1.3,50,13600
20240105,09:19:02,1.25,700,13600
20240105,09:19:02,1.2,250,13600
20240105,09:19:03,1.25,300,13600
20240105,09:19:04,1.25,100,13600
20240105,09:19:29,1.25,100,13600
20240105,09:19:46,1.25,50,13600
20240105,09:19:49,1.25,50,13600
20240105,09:19:59,1.25,50,13600
20240105,09:20:01,1.25,50,13600
20240105,09:20:07,1.3,50,13600
20240105,09:20:35,1.25,600,13600
20240105,09:20:37,1.25,400,37750
20240105,09:20:53,1.25,150,37750
20240105,09:22:25,1.2,1800,37750
20240105,09:22:25,1.25,150,37750
20240105,09:22:26,1.2,3550,37750
20240105,09:23:13,1.25,150,37750
20240105,09:23:14,1.25,50,37750
20240105,09:23:14,1.2,200,37750
20240105,09:23:15,1.2,250,37750
20240105,09:23:17,1.2,100,38000
20240105,09:23:20,1.2,800,38000
20240105,09:23:23,1.2,150,38000
20240105,09:23:24,1.2,400,38000
20240105,09:23:25,1.15,50,38000
20240105,09:23:26,1.15,350,38000
20240105,09:24:02,1.15,750,38000
20240105,09:24:06,1.15,50,38000
20240105,09:24:24,1.15,250,38000
20240105,09:24:36,1.15,50,38000
20240105,09:24:49,1.15,150,38000
20240105,09:24:53,1.1,800,38000
20240105,09:24:54,1.15,250,38000
20240105,09:25:02,1.1,50,38000
20240105,09:25:10,1.15,50,38000
20240105,09:25:13,1.1,1800,38000
20240105,09:25:24,1.1,300,38000
20240105,09:25:26,1.1,550,38000
20240105,09:25:31,1.15,50,38000
20240105,09:25:32,1.1,50,38000
20240105,09:25:44,1.1,200,38000
20240105,09:25:54,1.1,350,38000
20240105,09:25:56,1.1,50,38000
20240105,09:25:57,1.05,150,38000
20240105,09:25:58,1.05,50,38000
20240105,09:25:59,1.05,150,38000
20240105,09:26:05,1.05,1400,38000
20240105,09:26:47,1.05,50,40400
20240105,09:26:51,1.05,50,40400
20240105,09:27:09,1.0,1900,40400
20240105,09:27:12,1.05,700,40400
20240105,09:27:15,1.1,50,40400
20240105,09:27:17,1.0,400,40400
20240105,09:27:18,0.95,350,40400
20240105,09:27:21,0.95,50,40400
20240105,09:27:24,1.0,250,40400
20240105,09:27:27,1.05,50,40400
20240105,09:27:37,1.0,50,40400
20240105,09:27:47,1.05,250,40400
20240105,09:27:52,1.0,50,40400
20240105,09:27:55,1.05,50,40400
20240105,09:28:02,1.0,1000,40400
20240105,09:28:04,1.0,50,40400
20240105,09:28:06,1.0,850,40400
20240105,09:28:09,1.0,350,40400
20240105,09:28:12,1.0,50,40400
20240105,09:28:16,1.0,350,40400
20240105,09:28:20,1.0,50,40400
20240105,09:28:26,1.0,50,40400
20240105,09:28:32,0.95,100,40400
20240105,09:28:40,1.0,100,40400
20240105,09:28:47,1.0,100,40400
20240105,09:28:57,1.0,50,40400
20240105,09:29:40,1.05,50,40400
20240105,09:29:41,1.0,50,40500
20240105,09:30:05,1.0,50,40500
20240105,09:30:06,1.05,100,40500
20240105,09:30:24,1.05,150,40500
20240105,09:30:25,1.05,50,40500
20240105,09:31:35,0.95,50,40500
20240105,09:32:54,0.95,100,40500
20240105,09:33:36,1.0,2500,40500
20240105,09:33:37,0.95,3000,40500
20240105,09:33:38,0.95,4950,40500
20240105,09:33:39,0.95,3200,40500
20240105,09:33:43,1.0,50,40500
20240105,09:33:55,0.95,1500,40500
20240105,09:34:11,1.0,50,40500
20240105,09:34:20,0.95,2550,40500
20240105,09:34:20,0.95,3700,40500
20240105,09:34:21,0.95,550,40500
20240105,09:36:06,1.0,50,41300
20240105,09:37:03,0.95,50,41300
20240105,09:37:36,1.0,50,41300
20240105,09:38:55,0.95,50,41400
20240105,09:39:54,1.0,1550,41400
20240105,09:40:40,1.0,50,41400
20240105,09:42:12,1.0,2350,40900
20240105,09:42:13,1.0,4500,40900
20240105,09:42:47,1.0,50,40900
20240105,09:43:02,1.1,50,40900
20240105,09:43:02,1.0,200,40900
20240105,09:43:06,1.0,1100,40900
20240105,09:43:07,1.0,5250,40900
20240105,09:43:19,1.05,400,40900
20240105,09:43:56,1.05,300,40900
20240105,09:46:06,1.05,50,40900
20240105,09:46:11,1.0,100,40550
20240105,09:46:22,1.0,1250,40550
20240105,09:46:24,1.0,300,40550
20240105,09:46:25,1.0,200,40550
20240105,09:46:52,1.0,700,40550
20240105,09:46:53,1.0,200,40550
20240105,09:48:14,1.0,50,40550
20240105,09:48:22,1.0,500,40400
20240105,09:48:24,1.05,500,40400
20240105,09:48:26,1.05,1800,40400
20240105,09:48:52,1.05,50,40400
20240105,09:49:32,1.0,50,40400
20240105,09:50:07,1.05,500,40400
20240105,09:50:53,1.0,1800,42600
20240105,09:51:17,1.0,250,42600
20240105,09:53:20,1.05,750,42600
20240105,09:56:14,1.05,400,40650
20240105,09:56:27,1.05,600,41800
20240105,09:56:36,1.05,850,41800
20240105,09:56:36,1.05,250,41800
20240105,09:56:37,1.05,100,41800
20240105,09:56:44,1.05,150,41800
20240105,09:56:50,1.05,50,41800
20240105,09:56:51,1.05,500,41800
20240105,09:56:58,1.05,150,41800
20240105,09:59:46,1.05,100,42200
20240105,10:00:32,1.05,200,42200
20240105,10:02:00,1.05,1800,42200
20240105,10:03:24,1.05,100,42200
20240105,10:10:13,1.05,150,44400
20240105,10:10:18,1.05,150,44400
20240105,10:12:04,1.05,300,44450
20240105,10:12:08,1.05,250,44450
20240105,10:12:09,1.05,950,44450
20240105,10:12:36,1.05,400,44450
20240105,10:12:59,1.1,50,44450
20240105,10:18:20,1.05,250,44500
20240105,10:20:37,1.1,50,44500
20240105,10:21:26,1.05,300,44500
20240105,10:21:32,1.05,300,44500
20240105,10:21:35,1.05,300,44500
20240105,10:22:14,1.05,50,44500
20240105,10:22:15,1.05,50,44500
20240105,10:24:06,1.05,250,44550
20240105,10:24:35,1.1,750,44550
20240105,10:26:26,1.1,50,44550
20240105,10:26:43,1.05,50,44500
20240105,10:27:06,1.05,50,44500
20240105,10:27:18,1.05,50,44500
20240105,10:27:33,1.05,50,44500
20240105,10:27:48,1.05,50,44500
20240105,10:28:23,1.05,250,44500
20240105,10:28:49,1.05,50,44500
20240105,10:33:49,1.1,50,44500
20240105,10:35:50,1.1,100,44250
20240105,10:37:25,1.05,2500,44300
20240105,10:37:44,1.05,500,44300
20240105,10:38:04,1.05,100,44300
20240105,10:41:57,1.05,2250,44350
20240105,10:43:39,1.05,250,44350
20240105,10:43:54,1.05,250,44350
20240105,10:44:42,1.1,50,43800
20240105,10:44:45,1.1,50,43800
20240105,10:44:48,1.1,50,43800
20240105,10:46:41,1.05,1800,43800
20240105,10:46:42,1.05,500,43800
20240105,10:46:43,1.05,1800,43800
20240105,10:46:44,1.05,250,43800
20240105,10:46:57,1.05,250,43800
20240105,10:47:06,1.0,1400,43800
20240105,10:48:44,1.0,6300,42500
20240105,10:48:45,1.0,5450,42500
20240105,10:48:46,1.0,50,42500
20240105,10:49:25,1.05,50,42500
20240105,10:50:31,0.95,2000,36000
20240105,10:50:38,1.0,100,36000
20240105,10:50:49,0.95,50,36000
20240105,10:51:18,0.95,400,36000
20240105,10:51:38,0.9,100,36000
20240105,10:51:55,0.9,150,36000
20240105,10:52:07,0.9,1800,36000
20240105,10:54:07,0.9,1800,40050
20240105,10:54:24,0.9,1800,40050
20240105,10:54:32,0.95,250,40050
20240105,10:54:42,0.9,3350,40050
20240105,10:54:43,0.9,1250,40050
20240105,10:55:04,0.95,250,40050
20240105,10:55:06,0.9,1800,40050
20240105,10:55:07,0.85,4150,40050
20240105,10:55:09,0.9,50,40050
20240105,10:55:34,0.85,350,40050
20240105,10:56:15,0.85,3150,40050
20240105,10:56:16,0.85,350,40050
20240105,10:56:48,0.85,2650,40050
20240105,10:56:49,0.85,250,47100
20240105,10:56:50,0.9,200,47100
20240105,10:56:58,0.85,1800,47100
20240105,10:57:01,0.85,1400,47100
20240105,10:57:32,0.85,50,47100
20240105,11:00:09,0.85,50,47100
20240105,11:04:01,0.85,50,49450
20240105,11:05:06,0.85,600,49450
20240105,11:07:06,0.8,2250,49550
20240105,11:07:07,0.8,50,49550
20240105,11:08:38,0.8,250,49550
20240105,11:08:51,0.85,250,49550
20240105,11:09:08,0.85,250,49550
20240105,11:09:21,0.85,1000,49550
20240105,11:09:22,0.85,1100,49550
20240105,11:09:30,0.85,650,49550
20240105,11:11:45,0.9,50,49200
20240105,11:12:00,0.8,50,49200
20240105,11:12:05,0.9,600,49200
20240105,11:12:14,0.85,50,49200
20240105,11:12:32,0.9,100,49200
20240105,11:12:34,0.9,100,49200
20240105,11:12:45,0.9,100,49200
20240105,11:13:33,0.9,1300,49200
20240105,11:13:35,0.9,50,49200
20240105,11:14:14,0.9,100,49200
20240105,11:14:51,0.9,250,49200
20240105,11:15:23,0.9,1800,49350
20240105,11:15:29,0.9,1850,49350
20240105,11:15:52,0.9,2450,49350
20240105,11:15:56,0.9,100,49350
20240105,11:15:57,0.95,1800,49350
20240105,11:16:02,0.95,1800,49350
20240105,11:16:11,0.9,100,49350
20240105,11:16:22,0.95,1800,49350
20240105,11:16:23,0.95,15400,49350
20240105,11:16:24,0.95,100,49350
20240105,11:16:25,0.95,50,49350
20240105,11:16:26,0.95,50,49350
20240105,11:16:30,0.95,700,49350
20240105,11:16:39,0.95,100,49350
20240105,11:16:40,1.0,700,49350
20240105,11:16:41,0.95,250,49350
20240105,11:17:12,0.9,550,49350
20240105,11:17:17,0.95,150,49350
20240105,11:17:37,0.95,50,49350
20240105,11:17:50,0.9,50,53650
20240105,11:18:08,0.95,250,53650
20240105,11:18:10,0.95,250,53650
20240105,11:18:19,0.9,50,53650
20240105,11:18:43,0.9,50,53650
20240105,11:19:25,0.9,1000,53650
20240105,11:19:44,0.9,1000,53650
20240105,11:19:48,0.9,50,53650
20240105,11:20:01,0.9,50,53650
20240105,11:21:32,0.9,50,53650
20240105,11:22:23,0.9,50,56000
20240105,11:24:25,0.9,50,56000
20240105,11:28:41,0.9,50,56100
20240105,11:28:58,0.9,50,56100
20240105,11:29:07,0.95,1800,56100
20240105,11:29:27,0.95,250,56100
20240105,11:29:33,0.95,250,56100
20240105,11:30:18,0.95,100,53800
20240105,11:32:34,0.95,300,53800
20240105,11:32:35,0.95,50,53800
20240105,11:32:36,0.95,50,53800
20240105,11:32:37,0.95,50,53800
20240105,11:32:38,0.95,50,53800
20240105,11:32:46,0.95,50,53800
20240105,11:32:56,1.0,200,53800
20240105,11:33:56,1.0,150,53800
20240105,11:35:11,0.95,50,53800
20240105,11:40:31,1.0,50,53800
20240105,11:41:59,0.95,600,53900
20240105,11:42:48,0.95,250,53900
20240105,11:42:56,0.95,250,53900
20240105,11:43:29,0.95,150,53900
20240105,11:43:35,0.95,400,53900
20240105,11:43:36,0.95,150,53900
20240105,11:44:31,0.95,50,53900
20240105,11:46:06,0.95,50,53700
20240105,11:46:28,0.9,50,53700
20240105,11:46:44,0.95,50,53700
20240105,11:47:48,0.95,250,53700
20240105,11:48:25,0.95,1550,53650
20240105,11:53:03,0.95,950,52150
20240105,11:55:04,0.95,600,52150
20240105,11:58:53,1.0,50,51700
20240105,11:59:06,0.95,50,51550
20240105,12:03:42,0.95,750,51650
20240105,12:03:43,0.95,250,51650
20240105,12:06:27,0.95,650,51650
20240105,12:06:40,1.0,650,51100
20240105,12:07:21,1.0,100,51100
20240105,12:09:50,0.95,250,51050
20240105,12:12:07,0.95,250,51050
20240105,12:13:13,1.0,50,51050
20240105,12:13:23,1.0,50,51050
20240105,12:13:56,1.0,1150,51050
20240105,12:15:17,0.95,1450,52000
20240105,12:15:20,1.0,50,52000
20240105,12:15:48,0.95,50,52000
20240105,12:16:32,0.95,850,52000
20240105,12:16:33,1.0,250,52000
20240105,12:17:31,1.0,250,52000
20240105,12:18:18,1.0,1800,53550
20240105,12:18:29,1.0,250,53550
20240105,12:18:29,1.0,1450,53550
20240105,12:18:37,1.0,1650,53550
20240105,12:18:41,1.0,300,53550
20240105,12:19:16,1.0,50,53550
20240105,12:19:21,1.05,2050,53550
20240105,12:20:06,1.0,250,53550
20240105,12:20:15,1.05,3200,53550
20240105,12:20:27,1.15,4200,53550
20240105,12:20:27,1.15,1350,53550
20240105,12:20:28,1.15,50,53550
20240105,12:20:34,1.15,1100,53550
20240105,12:20:35,1.2,550,53550
20240105,12:20:39,1.15,300,53550
20240105,12:21:00,1.2,450,53550
20240105,12:21:33,1.2,1750,50850
20240105,12:23:03,1.15,700,50850
20240105,12:23:06,1.2,2000,50850
20240105,12:23:30,1.15,900,50850
20240105,12:23:35,1.15,250,50850
20240105,12:23:40,1.15,450,50850
20240105,12:24:24,1.1,1600,50850
20240105,12:24:27,1.1,900,50300
20240105,12:26:10,1.15,200,50300
20240105,12:26:11,1.15,900,50300
20240105,12:26:15,1.1,450,50300
20240105,12:26:38,1.15,50,50300
20240105,12:27:19,1.15,50,49350
20240105,12:29:16,1.1,50,49350
20240105,12:30:24,1.1,150,49250
20240105,12:30:38,1.1,500,49250
20240105,12:31:18,1.1,50,49250
20240105,12:32:28,1.15,250,49250
20240105,12:34:52,1.15,550,49250
20240105,12:34:58,1.1,900,49050
20240105,12:35:46,1.1,2250,49050
20240105,12:35:54,1.1,250,49050
20240105,12:37:38,1.1,250,49050
20240105,12:39:44,1.1,900,50300
20240105,12:40:15,1.1,50,50300
20240105,12:42:18,1.05,50,50300
20240105,12:45:50,1.1,250,49650
20240105,12:55:35,1.05,250,49650
20240105,13:03:24,1.1,50,49850
20240105,13:05:54,1.05,200,49850
20240105,13:06:20,1.05,100,49850
20240105,13:06:43,1.1,50,49850
20240105,13:13:33,1.05,600,49850
20240105,13:22:22,1.05,1000,49350
20240105,13:23:58,1.1,50,49350
20240105,13:24:25,1.05,50,49300
20240105,13:29:50,1.05,250,49250
20240105,13:32:05,1.0,15200,49250
20240105,13:32:09,1.05,50,49250
20240105,13:35:13,1.05,1000,49250
20240105,13:35:51,1.0,1000,45450
20240105,13:35:58,1.05,400,45450
20240105,13:35:59,1.0,200,45300
20240105,13:36:08,1.0,100,45300
20240105,13:37:43,1.05,50,45300
20240105,13:41:07,1.05,50,45250
20240105,13:41:08,1.05,50,45250
20240105,13:41:09,1.05,50,45250
20240105,13:42:54,1.0,1800,45100
20240105,13:43:04,1.05,50,45100
20240105,13:43:56,1.0,1800,45100
20240105,13:44:00,1.0,100,45100
20240105,13:45:53,1.0,250,42950
20240105,13:48:33,0.9,13900,43200
20240105,13:48:39,0.95,50,43200
20240105,13:48:44,0.95,50,43200
20240105,13:48:52,0.9,250,43200
20240105,13:48:53,0.9,5200,43200
20240105,13:48:58,0.95,250,43200
20240105,13:49:52,0.95,50,43200
20240105,13:50:12,0.95,50,43200
20240105,13:50:28,0.95,250,43200
20240105,13:51:15,0.95,250,43200
20240105,13:51:18,0.95,100,42900
20240105,13:52:00,0.95,250,42900
20240105,13:52:04,0.9,50,42900
20240105,13:53:27,0.95,50,42900
20240105,13:53:28,0.95,50,42900
20240105,13:53:35,0.95,550,42900
20240105,13:55:40,0.95,50,42650
20240105,13:56:11,0.95,300,42650
20240105,13:56:37,0.95,250,42650
20240105,13:56:51,0.95,450,42650
20240105,13:57:15,0.95,3350,42650
20240105,13:57:45,0.95,150,42650
20240105,13:58:36,1.0,1800,42650
20240105,13:58:38,1.0,1800,42650
20240105,13:58:39,1.0,1800,42650
20240105,13:58:40,1.0,1800,42650
20240105,14:00:48,0.95,1700,43700
20240105,14:03:29,0.95,250,42650
20240105,14:03:41,0.95,1950,42650
20240105,14:03:42,0.95,2550,42650
20240105,14:04:34,0.95,250,42650
20240105,14:04:38,0.9,1800,42650
20240105,14:04:40,0.9,1800,42650
20240105,14:04:42,0.9,1800,42650
20240105,14:10:23,0.95,250,40550
20240105,14:13:41,0.9,4150,40550
20240105,14:13:47,0.9,1500,40550
20240105,14:13:56,0.9,50,40550
20240105,14:14:04,0.85,500,40550
20240105,14:14:05,0.85,1800,40550
20240105,14:14:06,0.85,1850,40550
20240105,14:14:31,0.85,450,40550
20240105,14:15:09,0.85,250,40550
20240105,14:15:18,0.85,4200,41850
20240105,14:15:20,0.85,2250,41850
20240105,14:15:23,0.85,350,41850
20240105,14:17:49,0.9,1500,41850
20240105,14:18:46,0.85,1800,42100
20240105,14:18:47,0.85,250,42100
20240105,14:19:13,0.85,700,42100
20240105,14:19:40,0.8,1800,42100
20240105,14:19:41,0.8,50,42100
20240105,14:20:07,0.8,650,42100
20240105,14:20:09,0.8,1550,42100
20240105,14:20:16,0.8,50,42100
20240105,14:20:34,0.8,50,42100
20240105,14:21:29,0.75,1850,46250
20240105,14:21:44,0.75,2250,46250
20240105,14:22:12,0.8,50,46250
20240105,14:22:24,0.8,50,46250
20240105,14:23:43,0.8,50,46250
20240105,14:24:12,0.8,50,49800
20240105,14:25:33,0.75,250,49800
20240105,14:25:45,0.75,250,49800
20240105,14:25:52,0.75,250,49800
20240105,14:27:26,0.75,250,49800
20240105,14:33:42,0.8,1800,49800
20240105,14:33:53,0.8,1800,49800
20240105,14:34:34,0.8,1800,49800
20240105,14:34:35,0.8,1800,49800
20240105,14:34:36,0.8,850,49800
20240105,14:34:57,0.8,50,49800
20240105,14:35:30,0.8,50,49800
20240105,14:38:14,0.8,50,49800
20240105,14:38:15,0.8,50,49800
20240105,14:38:28,0.8,300,49800
20240105,14:39:04,0.85,1800,49800
20240105,14:39:06,0.85,1850,49800
20240105,14:45:53,0.8,950,49800
20240105,14:48:28,0.85,50,49800
20240105,14:49:10,0.85,1800,49800
20240105,14:49:41,0.85,1800,49800
20240105,14:49:42,0.85,1800,49800
20240105,14:49:45,0.85,500,49800
20240105,14:50:14,0.85,2650,49800
20240105,14:50:16,0.85,100,49800
20240105,14:50:38,0.85,50,49800
20240105,14:50:40,0.85,50,49800
20240105,14:50:40,0.85,300,49800
20240105,14:50:41,0.85,200,49800
20240105,14:50:43,0.85,150,49800
20240105,14:50:48,0.85,1000,49800
20240105,14:50:51,0.85,100,49800
20240105,14:50:55,0.85,50,49800
20240105,14:51:13,0.85,50,49800
20240105,14:51:14,0.85,50,45700
20240105,14:51:17,0.85,500,45700
20240105,14:51:24,0.85,50,45700
20240105,14:52:40,0.9,1000,45700
20240105,14:53:15,0.9,250,45700
20240105,14:53:18,0.9,100,45700
20240105,14:53:24,0.9,250,45700
20240105,14:53:35,0.9,100,45700
20240105,14:53:57,0.9,200,45700
20240105,14:53:58,0.9,600,45700
20240105,14:54:18,0.9,1750,46700
20240105,14:54:40,0.9,50,46700
20240105,14:55:08,0.95,1800,46700
20240105,14:55:13,0.95,1800,46700
20240105,14:55:14,0.95,1750,46700
20240105,14:55:17,0.95,1500,46700
20240105,14:55:18,0.95,1900,46700
20240105,14:55:19,0.95,50,46700
20240105,14:55:21,0.95,350,46700
20240105,14:55:22,1.0,3150,46700
20240105,14:55:23,1.0,1850,46700
20240105,14:55:41,0.95,50,46700
20240105,14:55:43,1.0,550,46700
20240105,14:55:59,1.0,350,46700
20240105,14:56:02,1.05,1950,46700
20240105,14:56:03,1.0,50,46700
20240105,14:56:04,1.0,50,46700
20240105,14:56:13,1.0,50,46700
20240105,14:56:14,1.05,1800,46700
20240105,14:56:16,1.0,450,46700
20240105,14:56:22,1.0,250,46700
20240105,14:56:23,1.0,250,46700
20240105,14:56:26,1.05,6000,46700
20240105,14:56:27,1.05,2050,46700
20240105,14:56:35,1.05,1800,46700
20240105,14:57:41,1.0,50,46700
20240105,14:57:47,1.0,500,38950
20240105,14:57:49,1.0,50,38950
20240105,14:58:02,1.0,50,38950
20240105,14:58:14,1.0,1800,38950
20240105,14:58:24,1.0,50,38950
20240105,14:58:29,1.0,1800,38950
20240105,14:58:33,1.0,500,38950
20240105,14:58:37,1.0,500,38950
20240105,14:58:45,1.0,150,38950
20240105,14:58:47,1.0,400,38950
20240105,14:58:47,1.0,100,38950
20240105,14:58:48,1.0,100,38950
20240105,14:59:35,1.0,1550,38950
20240105,14:59:40,0.95,400,38950
20240105,14:59:50,0.95,1500,38950
20240105,15:00:14,1.0,250,32700
20240105,15:00:16,1.05,3350,32700
20240105,15:00:22,1.0,350,32700
20240105,15:00:27,1.0,350,32700
20240105,15:00:33,1.0,300,32700
20240105,15:01:33,1.05,1800,32700
20240105,15:02:28,1.05,250,32700
20240105,15:02:30,1.05,250,32700
20240105,15:02:34,1.05,1750,32700
20240105,15:04:09,1.05,400,35950
20240105,15:05:09,1.1,1250,35950
20240105,15:05:16,1.1,250,35950
20240105,15:05:28,1.1,1850,35950
20240105,15:05:28,1.15,1800,35950
20240105,15:05:36,1.1,50,35950
20240105,15:06:01,1.1,50,35950
20240105,15:06:16,1.1,50,39600
20240105,15:06:26,1.1,50,39600
20240105,15:06:32,1.1,950,39600
20240105,15:06:34,1.1,1650,39600
20240105,15:08:06,1.05,50,39600
20240105,15:08:07,1.1,250,39600
20240105,15:08:08,1.1,250,39600
20240105,15:08:10,1.1,250,39600
20240105,15:08:19,1.1,1250,39600
20240105,15:08:27,1.15,500,39600
20240105,15:08:32,1.15,500,39600
20240105,15:09:03,1.1,50,39600
20240105,15:10:14,1.1,100,39600
20240105,15:10:24,1.1,1800,37700
20240105,15:10:28,1.1,2100,37700
20240105,15:10:32,1.05,500,37700
20240105,15:10:50,1.05,250,37700
20240105,15:10:51,1.05,250,37700
20240105,15:10:54,1.05,1800,37700
20240105,15:12:05,1.0,800,37700
20240105,15:12:08,1.0,50,35200
20240105,15:12:48,1.0,500,35200
20240105,15:12:51,1.0,250,35200
20240105,15:13:17,1.0,500,35200
20240105,15:13:33,1.0,200,35200
20240105,15:14:22,1.0,1800,35200
20240105,15:14:40,1.0,250,35200
20240105,15:14:40,1.0,100,35200
20240105,15:14:43,1.0,400,35200
20240105,15:15:11,1.0,50,35900
20240105,15:15:13,1.0,100,35900
20240105,15:15:43,0.95,50,35900
20240105,15:16:07,0.95,250,35900
20240105,15:16:13,0.95,250,35900
20240105,15:17:06,0.95,650,35900
20240105,15:17:25,0.95,700,35900
20240105,15:18:10,0.95,2800,36750
20240105,15:18:12,0.9,200,36750
20240105,15:18:30,0.95,500,36750
20240105,15:20:27,0.9,50,36750
20240105,15:20:32,0.85,750,36750
20240105,15:20:33,0.9,50,36750
20240105,15:20:40,0.9,50,36750
20240105,15:21:19,0.85,50,38500
20240105,15:21:46,0.85,300,38500
20240105,15:22:39,0.85,150,38500
20240105,15:22:41,0.85,200,38500
20240105,15:23:04,0.85,350,38500
20240105,15:23:06,0.85,50,38500
20240105,15:23:09,0.85,50,38500
20240105,15:23:20,0.85,1800,38500
20240105,15:23:21,0.85,50,38500
20240105,15:23:22,0.85,50,38500
20240105,15:23:23,0.85,50,38500
20240105,15:23:24,0.85,250,38500
20240105,15:23:54,0.85,50,38500
20240105,15:24:11,0.8,3600,36750
20240105,15:24:22,0.85,50,36750
20240105,15:24:57,0.85,50,36750
20240105,15:24:59,0.8,50,36750
20240105,15:25:00,0.85,250,36750
20240105,15:25:01,0.8,100,36750
20240105,15:25:04,0.8,100,36750
20240105,15:25:04,0.85,300,36750
20240105,15:25:06,0.8,50,36750
20240105,15:25:18,0.85,250,36750
20240105,15:25:26,0.85,500,36750
20240105,15:25:28,0.85,300,36750
20240105,15:25:34,0.85,250,36750
20240105,15:25:42,0.85,300,36750
20240105,15:25:53,0.85,250,36750
20240105,15:26:12,0.85,300,36750
20240105,15:26:15,0.85,50,36750
20240105,15:26:17,0.85,1300,36750
20240105,15:26:22,0.85,250,36750
20240105,15:26:25,0.8,50,36750
20240105,15:26:37,0.85,50,36750
20240105,15:26:48,0.85,250,36750
20240105,15:26:57,0.85,900,36750
20240105,15:27:01,0.85,350,36750
20240105,15:27:13,0.85,250,36750
20240105,15:27:26,0.85,450,33100
20240105,15:27:37,0.85,250,33100
20240105,15:27:37,0.8,50,33100
20240105,15:27:38,0.85,850,33100
20240105,15:28:12,0.9,850,33100
20240105,15:28:22,0.85,250,33100
20240105,15:28:23,0.85,300,33100
20240105,15:28:24,0.85,250,33100
20240105,15:28:27,0.85,250,33100
20240105,15:28:51,0.85,250,33100
20240105,15:29:06,0.85,250,33100
20240105,15:29:07,0.85,300,33100
20240105,15:29:14,0.85,250,33100
20240105,15:29:45,0.8,250,33100
20240108,09:15:00,0.8,1,31200
20240108,09:15:00,0.8,100,31200
20240108,09:15:01,0.1,300,31200
20240108,09:15:02,0.8,50,31200
20240108,09:15:05,1.0,50,31200
20240108,09:15:07,1.05,150,31200
20240108,09:15:34,1.05,50,31200
20240108,09:16:41,1.0,250,31200
20240108,09:17:36,1.0,150,31200
20240108,09:17:37,0.9,1450,31400
20240108,09:17:38,0.95,250,31400
20240108,09:17:43,0.95,400,31400
20240108,09:17:44,0.95,200,31400
20240108,09:17:48,0.95,50,31400
20240108,09:17:49,0.9,150,31400
20240108,09:17:50,0.95,50,31400
20240108,09:17:51,0.95,250,31400
20240108,09:17:52,0.95,650,31400
20240108,09:17:54,0.95,900,31400
20240108,09:17:55,0.95,500,31400
20240108,09:17:57,1.0,250,31400
20240108,09:18:13,0.95,50,31400
20240108,09:18:39,1.0,50,31400
20240108,09:18:40,1.0,250,31400
20240108,09:18:43,1.0,50,31400
20240108,09:18:57,1.0,250,31400
20240108,09:20:07,0.95,200,31400
20240108,09:20:19,1.0,200,31400
20240108,09:20:19,0.95,350,29850
20240108,09:20:40,0.95,300,29850
20240108,09:20:49,0.95,250,29850
20240108,09:20:58,0.95,450,29850
20240108,09:21:07,0.95,250,29850
20240108,09:21:28,0.95,50,29850
20240108,09:21:49,1.0,550,29850
20240108,09:22:06,1.0,50,29850
20240108,09:22:35,1.0,50,29850
20240108,09:22:54,1.0,50,29850
20240108,09:23:31,1.0,50,30000
20240108,09:23:37,1.05,50,30000
20240108,09:23:52,1.05,50,30000
20240108,09:24:30,1.05,100,30000
20240108,09:24:58,1.0,300,30000
20240108,09:25:02,1.0,250,30000
20240108,09:25:03,1.05,2400,30000
20240108,09:25:07,1.05,400,30000
20240108,09:25:23,1.0,250,30000
20240108,09:25:35,1.0,950,30000
20240108,09:25:36,1.0,1800,30000
20240108,09:26:05,1.05,100,30000
20240108,09:26:16,1.0,1800,30000
20240108,09:26:18,1.0,1800,30000
20240108,09:26:19,1.0,1800,30000
20240108,09:27:40,1.0,1000,30600
20240108,09:30:02,1.0,350,30600
20240108,09:30:04,1.0,250,30600
20240108,09:31:00,1.05,50,30600
20240108,09:31:07,1.05,50,30600
20240108,09:31:47,1.05,50,30600
20240108,09:31:55,1.0,900,30600
20240108,09:31:57,0.95,650,30600
20240108,09:32:03,0.95,850,30600
20240108,09:32:04,0.95,50,30600
20240108,09:33:57,1.0,250,30600
20240108,09:33:58,0.95,300,31850
20240108,09:34:03,0.95,250,31850
20240108,09:34:08,0.95,250,31850
20240108,09:34:24,0.95,250,31850
20240108,09:34:36,0.95,350,31850
20240108,09:35:01,0.9,50,31850
20240108,09:35:45,0.9,50,31850
20240108,09:36:33,0.9,250,30550
20240108,09:38:01,0.9,50,30550
20240108,09:39:13,0.9,50,30550
20240108,09:39:18,0.9,50,30450
20240108,09:39:20,0.9,100,30450
20240108,09:39:20,0.9,50,30450
20240108,09:39:21,0.9,50,30450
20240108,09:39:22,0.9,50,30450
20240108,09:39:23,0.9,50,30450
20240108,09:39:25,0.9,50,30450
20240108,09:39:27,0.9,50,30450
20240108,09:41:06,0.9,400,30450
20240108,09:41:09,0.9,250,30450
20240108,09:41:16,0.9,50,30450
20240108,09:41:30,0.85,50,30450
20240108,09:41:32,0.9,50,29800
20240108,09:41:39,0.9,50,29800
20240108,09:44:07,0.9,50,29800
20240108,09:44:18,0.9,50,29800
20240108,09:45:04,0.9,50,29800
20240108,09:47:11,0.95,50,29900
20240108,09:47:36,0.9,250,29900
20240108,09:49:45,0.9,250,29900
20240108,09:49:46,0.9,50,29900
20240108,09:50:03,0.85,2350,29900
20240108,09:50:04,0.75,5950,29900
20240108,09:50:06,0.8,100,29900
20240108,09:51:01,0.85,300,31300
20240108,09:51:02,0.8,300,31300
20240108,09:51:05,0.85,250,31300
20240108,09:51:09,0.8,600,31300
20240108,09:51:31,0.8,50,31300
20240108,09:51:51,0.85,300,31300
20240108,09:51:53,0.8,50,31300
20240108,09:51:56,0.85,300,31300
20240108,09:52:20,0.8,300,31300
20240108,09:52:26,0.8,400,31300
20240108,09:52:27,0.8,50,31300
20240108,09:52:39,0.85,1350,31300
20240108,09:54:07,0.85,250,31300
20240108,09:55:05,0.85,600,31500
20240108,09:56:30,0.85,50,31550
20240108,09:59:40,0.8,50,31550
20240108,10:01:17,0.85,50,31550
20240108,10:01:19,0.85,150,31550
20240108,10:01:20,0.85,350,31550
20240108,10:01:29,0.85,50,31550
20240108,10:01:39,0.85,50,31550
20240108,10:01:40,0.85,500,31550
20240108,10:01:41,0.85,300,31550
20240108,10:01:44,0.85,50,31550
20240108,10:01:48,0.85,1200,31550
20240108,10:02:23,0.85,50,31550
20240108,10:02:33,0.85,50,31550
20240108,10:02:33,0.85,50,31850
20240108,10:04:07,0.9,500,31850
20240108,10:04:10,0.9,300,31850
20240108,10:04:20,0.9,300,31850
20240108,10:04:32,0.9,50,31850
20240108,10:04:34,0.9,50,31850
20240108,10:04:36,0.9,50,31850
20240108,10:04:39,0.9,50,31850
20240108,10:04:44,0.9,50,31850
20240108,10:04:56,0.85,150,31850
20240108,10:07:26,0.85,50,31800
20240108,10:08:21,0.85,50,31800
20240108,10:08:44,0.85,450,31850
20240108,10:08:45,0.85,50,31850
20240108,10:08:46,0.85,50,31850
20240108,10:09:02,0.85,250,31850
20240108,10:09:16,0.85,50,31850
20240108,10:10:05,0.85,300,31850
20240108,10:10:27,0.9,1050,31850
20240108,10:10:28,0.9,100,31850
20240108,10:10:29,0.85,50,31850
20240108,10:10:34,0.85,50,31850
20240108,10:11:49,0.85,50,31950
20240108,10:13:04,0.9,600,31950
20240108,10:14:11,0.95,300,31950
20240108,10:14:11,0.9,250,31950
20240108,10:14:12,0.9,100,31950
20240108,10:14:13,0.9,100,31950
20240108,10:14:22,0.9,50,31950
20240108,10:14:36,0.95,1800,31500
20240108,10:15:13,0.95,250,31500
20240108,10:15:13,0.95,50,31500
20240108,10:15:14,0.95,50,31500
20240108,10:15:15,0.95,50,31500
20240108,10:15:18,0.95,50,31500
20240108,10:15:50,0.95,250,31500
20240108,10:16:07,0.95,50,31500
20240108,10:16:15,1.0,1850,31500
20240108,10:16:58,0.95,500,31500
20240108,10:19:38,0.95,250,29400
20240108,10:20:09,0.95,50,29400
20240108,10:20:22,0.9,50,29400
20240108,10:20:57,0.95,250,29400
20240108,10:20:59,0.95,100,29250
20240108,10:21:12,0.95,200,29250
20240108,10:21:23,0.95,50,29250
20240108,10:25:07,0.95,50,28900
20240108,10:25:09,0.95,50,28900
20240108,10:29:02,0.95,800,28900
20240108,10:29:18,1.0,1800,28900
20240108,10:30:15,0.95,50,29250
20240108,10:30:16,1.0,1800,29250
20240108,10:31:26,1.0,200,29250
20240108,10:31:53,1.0,1750,29250
20240108,10:31:54,1.0,800,29250
20240108,10:31:56,1.05,1850,29250
20240108,10:31:57,1.0,250,29250
20240108,10:31:59,1.0,100,29250
20240108,10:32:04,1.0,100,29250
20240108,10:32:06,1.0,50,29250
20240108,10:32:15,1.0,250,29250
20240108,10:32:19,1.0,800,29250
20240108,10:32:23,1.0,50,29250
20240108,10:32:40,1.0,100,30400
20240108,10:34:08,1.0,600,30400
20240108,10:34:09,1.05,50,30400
20240108,10:34:10,1.05,4100,30400
20240108,10:34:11,1.05,50,30400
20240108,10:34:12,1.1,1800,30400
20240108,10:34:14,1.1,500,30400
20240108,10:34:15,1.1,250,30400
20240108,10:34:20,1.1,250,30400
20240108,10:34:21,1.1,50,30400
20240108,10:35:09,1.1,100,30400
20240108,10:35:14,1.1,300,30400
20240108,10:35:15,1.1,1600,30400
20240108,10:35:17,1.1,50,30400
20240108,10:35:25,1.1,250,30400
20240108,10:35:26,1.1,250,30400
20240108,10:35:27,1.1,600,30400
20240108,10:35:29,1.1,600,30400
20240108,10:35:32,1.05,50,30400
20240108,10:35:38,1.05,1000,35250
20240108,10:35:45,1.1,50,35250
20240108,10:35:53,1.1,300,35250
20240108,10:35:53,1.1,400,35250
20240108,10:36:01,1.1,150,35250
20240108,10:36:05,1.15,150,35250
20240108,10:36:08,1.15,50,35250
20240108,10:36:10,1.1,500,35250
20240108,10:36:14,1.15,1800,35250
20240108,10:36:25,1.15,400,35250
20240108,10:37:14,1.15,50,35250
20240108,10:37:16,1.1,250,35250
20240108,10:37:35,1.15,500,35250
20240108,10:37:40,1.1,50,35250
20240108,10:38:13,1.15,300,35250
20240108,10:39:45,1.1,1500,36600
20240108,10:43:52,1.05,200,35400
20240108,10:43:55,1.05,50,35400
20240108,10:43:57,1.05,50,35400
20240108,10:44:00,1.05,50,35400
20240108,10:44:44,1.05,100,35050
20240108,10:44:45,1.05,450,35050
20240108,10:44:49,1.05,150,35050
20240108,10:44:54,1.05,150,35050
20240108,10:44:57,1.05,50,35050
20240108,10:45:03,1.05,150,35050
20240108,10:45:08,1.05,150,35050
20240108,10:45:12,1.05,100,35050
20240108,10:45:13,1.05,250,35050
20240108,10:45:16,1.05,50,35050
20240108,10:45:19,1.05,50,35050
20240108,10:45:20,1.05,50,35050
20240108,10:45:28,1.05,2000,35050
20240108,10:45:29,1.05,500,35050
20240108,10:45:30,1.05,500,35050
20240108,10:45:35,1.05,300,35050
20240108,10:46:54,1.0,150,35050
20240108,10:48:22,1.0,50,35050
20240108,10:48:47,1.05,50,36300
20240108,10:48:51,1.05,50,36300
20240108,10:49:27,1.0,250,36300
20240108,10:49:30,1.0,250,36300
20240108,10:49:40,1.0,250,36300
20240108,10:49:48,1.05,50,36300
20240108,10:50:01,1.0,1250,36300
20240108,10:50:03,1.0,600,36300
20240108,10:50:07,1.0,1550,36300
20240108,10:50:23,1.0,150,36300
20240108,10:50:32,1.0,50,36300
20240108,10:51:09,0.95,2550,37500
20240108,10:51:39,0.95,300,37500
20240108,10:51:40,0.9,1800,37500
20240108,10:52:09,0.95,50,37500
20240108,10:52:10,0.95,50,37500
20240108,10:52:47,0.9,300,37500
20240108,10:52:50,0.9,2500,37500
20240108,10:53:58,0.85,50,37500
20240108,10:54:17,0.9,100,35450
20240108,10:54:31,0.9,1250,35450
20240108,10:55:08,0.9,50,35450
20240108,10:55:15,0.85,200,35450
20240108,10:55:17,0.85,50,35450
20240108,10:55:19,0.85,50,35450
20240108,10:55:24,0.85,50,35450
20240108,10:55:29,0.85,250,35450
20240108,10:56:02,0.85,50,35450
20240108,10:56:11,0.85,50,35450
20240108,10:56:13,0.8,50,35450
20240108,10:56:31,0.85,50,35450
20240108,10:56:37,0.8,50,35050
20240108,10:57:14,0.85,50,35050
20240108,10:57:44,0.8,50,35050
20240108,10:59:12,0.85,250,35050
20240108,10:59:59,0.8,300,35100
20240108,11:00:03,0.8,250,35100
20240108,11:00:44,0.8,400,35100
20240108,11:03:17,0.85,450,35650
20240108,11:07:50,0.85,50,35650
20240108,11:08:03,0.85,50,35650
20240108,11:08:29,0.85,150,35650
20240108,11:08:36,0.8,250,35650
20240108,11:08:37,0.8,250,35650
20240108,11:08:49,0.8,250,35650
20240108,11:08:51,0.8,250,35650
20240108,11:08:52,0.8,100,35650
20240108,11:08:55,0.8,100,35650
20240108,11:08:58,0.8,50,35650
20240108,11:09:01,0.8,50,35650
20240108,11:10:04,0.75,250,35650
20240108,11:10:06,0.8,300,35650
20240108,11:10:07,0.75,100,35650
20240108,11:10:15,0.75,200,35650
20240108,11:10:36,0.75,250,35650
20240108,11:10:37,0.75,200,35650
20240108,11:10:37,0.75,2500,35650
20240108,11:10:38,0.75,200,35650
20240108,11:10:46,0.75,50,35650
20240108,11:11:34,0.8,50,35650
20240108,11:17:50,0.8,250,35650
20240108,11:19:01,0.8,50,36750
20240108,11:24:18,0.75,450,36750
20240108,11:24:19,0.8,50,36750
20240108,11:30:28,0.8,100,36750
20240108,11:30:59,0.8,50,37200
20240108,11:31:03,0.8,50,37200
20240108,11:31:04,0.8,50,37200
20240108,11:32:33,0.8,250,37200
20240108,11:34:07,0.8,50,37200
20240108,11:34:13,0.8,350,37200
20240108,11:34:15,0.75,250,37200
20240108,11:35:00,0.8,450,37200
20240108,11:35:01,0.8,300,37200
20240108,11:36:11,0.8,50,37150
20240108,11:36:18,0.8,4750,37150
20240108,11:36:22,0.8,150,37150
20240108,11:36:28,0.85,250,37150
20240108,11:37:08,0.8,50,37150
20240108,11:37:09,0.85,200,37150
20240108,11:37:31,0.85,400,37150
20240108,11:42:26,0.8,150,33350
20240108,11:44:32,0.85,50,33350
20240108,11:44:38,0.85,100,33350
20240108,11:44:38,0.85,900,33350
20240108,11:45:04,0.85,100,33350
20240108,11:45:23,0.85,50,33350
20240108,11:47:38,0.85,50,33350
20240108,11:47:50,0.9,50,33750
20240108,11:48:07,0.9,2300,33750
20240108,11:48:08,0.9,250,33750
20240108,11:48:11,0.9,50,33750
20240108,11:48:13,0.9,50,33750
20240108,11:48:17,0.9,1700,33750
20240108,11:52:10,0.9,150,35900
20240108,11:52:50,0.85,150,35900
20240108,11:54:18,0.85,100,35850
20240108,11:54:19,0.85,300,35850
20240108,11:54:23,0.85,250,35850
20240108,11:54:55,0.8,250,35850
20240108,11:54:56,0.8,100,35850
20240108,11:55:32,0.8,250,35850
20240108,11:56:01,0.75,50,35850
20240108,11:56:57,0.8,50,36400
20240108,11:58:02,0.75,250,36400
20240108,11:59:44,0.75,50,36400
20240108,11:59:59,0.75,1000,36400
20240108,12:00:05,0.75,1800,36400
20240108,12:01:17,0.75,1950,36400
20240108,12:01:18,0.75,200,36400
20240108,12:01:43,0.75,150,36400
20240108,12:01:48,0.7,50,36400
20240108,12:01:50,0.7,50,36400
20240108,12:02:34,0.8,1500,36400
20240108,12:04:26,0.75,250,37100
20240108,12:05:31,0.75,1550,37100
20240108,12:05:32,0.75,300,37100
20240108,12:06:47,0.75,100,37100
20240108,12:07:32,0.75,400,39150
20240108,12:07:46,0.75,400,39150
20240108,12:08:44,0.8,50,39150
20240108,12:09:10,0.75,50,39150
20240108,12:09:53,0.75,50,39150
20240108,12:10:33,0.75,50,39150
20240108,12:11:46,0.75,50,39150
20240108,12:15:38,0.75,250,39150
20240108,12:17:56,0.8,50,39150
20240108,12:19:09,0.8,50,39150
20240108,12:25:39,0.75,50,39150
20240108,12:26:00,0.8,50,39150
20240108,12:27:24,0.75,100,39150
20240108,12:29:53,0.75,50,39150
20240108,12:34:00,0.8,350,39150
20240108,12:35:41,0.8,250,39150
20240108,12:36:15,0.8,300,39150
20240108,12:36:20,0.8,500,38550
20240108,12:36:31,0.8,500,38550
20240108,12:36:32,0.8,250,38550
20240108,12:37:19,0.8,50,38550
20240108,12:37:20,0.8,50,38550
20240108,12:37:56,0.8,50,38550
20240108,12:38:17,0.8,200,38550
20240108,12:47:38,0.8,50,38550
20240108,12:49:32,0.8,50,38000
20240108,12:50:50,0.8,50,38000
20240108,12:51:26,0.8,2200,38000
20240108,12:51:31,0.8,100,38000
20240108,12:54:57,0.8,50,38000
20240108,12:59:57,0.8,50,37400
20240108,13:00:53,0.8,550,37400
20240108,13:01:12,0.75,150,37400
20240108,13:01:15,0.75,150,37400
20240108,13:01:17,0.75,50,37400
20240108,13:02:04,0.75,50,37400
20240108,13:02:22,0.75,200,37400
20240108,13:03:19,0.8,50,37400
20240108,13:03:43,0.75,50,37200
20240108,13:03:46,0.75,50,37200
20240108,13:04:24,0.75,50,37200
20240108,13:04:50,0.75,50,37200
20240108,13:05:08,0.75,50,37200
20240108,13:11:30,0.8,50,37050
20240108,13:11:55,0.8,500,37050
20240108,13:11:58,0.75,50,37050
20240108,13:21:35,0.75,150,37050
20240108,13:24:52,0.75,50,37050
20240108,13:24:54,0.8,50,37050
20240108,13:24:55,0.8,50,37050
20240108,13:24:57,0.8,50,37050
20240108,13:29:53,0.8,100,37050
20240108,13:31:28,0.8,100,37050
20240108,13:35:04,0.8,50,37050
20240108,13:39:23,0.8,50,37050
20240108,13:42:31,0.8,100,37050
20240108,13:47:42,0.75,50,37050
20240108,13:47:43,0.75,500,37050
20240108,13:47:47,0.75,300,37050
20240108,13:47:59,0.75,50,37050
20240108,13:48:00,0.75,350,37050
20240108,13:49:38,0.75,250,37050
20240108,13:49:44,0.75,50,37050
20240108,13:49:49,0.75,50,37050
20240108,13:49:51,0.75,50,37050
20240108,13:50:33,0.75,100,37050
20240108,13:52:08,0.75,250,36500
20240108,13:52:17,0.7,50,36500
20240108,13:53:50,0.75,250,36500
20240108,13:53:56,0.75,50,36500
20240108,13:54:05,0.75,50,36150
20240108,13:55:20,0.75,250,36150
20240108,13:56:44,0.75,300,36150
20240108,13:58:32,0.75,500,36150
20240108,14:00:01,0.75,50,35450
20240108,14:00:09,0.75,50,35450
20240108,14:00:11,0.8,250,35450
20240108,14:00:13,0.75,50,35450
20240108,14:00:14,0.75,50,35450
20240108,14:00:15,0.75,50,35450
20240108,14:00:16,0.75,50,35450
20240108,14:00:17,0.75,50,35450
20240108,14:02:58,0.75,100,35450
20240108,14:02:59,0.75,50,35450
20240108,14:03:00,0.75,50,35450
20240108,14:03:02,0.75,100,35450
20240108,14:05:19,0.75,50,35450
20240108,14:05:28,0.8,500,35450
20240108,14:05:29,0.75,50,35450
20240108,14:07:32,0.8,250,35450
20240108,14:07:47,0.75,50,35450
20240108,14:08:30,0.8,250,35450
20240108,14:11:19,0.8,100,35450
20240108,14:15:06,0.8,150,34950
20240108,14:15:21,0.8,100,35050
20240108,14:15:21,0.8,50,35050
20240108,14:15:23,0.8,50,35050
20240108,14:15:29,0.8,50,35050
20240108,14:16:29,0.8,100,35050
20240108,14:18:14,0.8,50,35200
20240108,14:21:58,0.8,500,35200
20240108,14:21:59,0.8,100,35200
20240108,14:23:40,0.8,250,35200
20240108,14:23:41,0.8,50,35200
20240108,14:23:43,0.8,50,35200
20240108,14:24:22,0.8,100,35200
20240108,14:24:22,0.8,100,35300
20240108,14:28:38,0.75,50,35300
20240108,14:28:45,0.75,50,35400
20240108,14:29:36,0.75,50,35400
20240108,14:30:48,0.75,300,35400
20240108,14:31:24,0.75,50,35400
20240108,14:33:24,0.75,200,35400
20240108,14:33:25,0.75,250,35400
20240108,14:35:06,0.75,50,35400
20240108,14:35:07,0.75,50,35400
20240108,14:35:14,0.75,50,35400
20240108,14:35:29,0.75,50,35400
20240108,14:36:20,0.7,50,35500
20240108,14:36:51,0.65,1850,35500
20240108,14:38:45,0.65,100,35500
20240108,14:39:15,0.65,50,37350
20240108,14:39:18,0.65,100,37350
20240108,14:39:26,0.65,700,37350
20240108,14:39:35,0.65,50,37350
20240108,14:39:40,0.65,50,37350
20240108,14:39:57,0.65,50,37350
20240108,14:40:02,0.65,1800,37350
20240108,14:40:03,0.65,200,37350
20240108,14:40:03,0.65,50,37350
20240108,14:40:04,0.65,50,37350
20240108,14:40:06,0.65,50,37350
20240108,14:40:07,0.65,50,37350
20240108,14:40:12,0.65,50,37350
20240108,14:40:16,0.65,50,37350
20240108,14:40:19,0.65,50,37350
20240108,14:41:10,0.65,50,37350
20240108,14:41:22,0.65,300,37350
20240108,14:41:24,0.65,500,37350
20240108,14:41:25,0.65,700,37350
20240108,14:41:26,0.65,200,37350
20240108,14:42:16,0.65,100,37150
20240108,14:49:08,0.65,250,37150
20240108,14:49:31,0.65,250,37150
20240108,14:51:07,0.65,250,36650
20240108,14:52:53,0.65,50,36650
20240108,14:53:25,0.65,50,36650
20240108,14:54:15,0.65,50,36650
20240108,14:54:23,0.65,50,36400
20240108,14:56:42,0.65,650,36400
20240108,14:58:33,0.7,500,36050
20240108,15:00:33,0.65,50,36250
20240108,15:00:54,0.65,50,36250
20240108,15:01:28,0.6,500,36250
20240108,15:01:49,0.6,1450,36250
20240108,15:02:00,0.65,100,36250
20240108,15:03:12,0.6,200,36250
20240108,15:04:13,0.65,250,36050
20240108,15:04:43,0.65,50,36050
20240108,15:05:02,0.65,500,36050
20240108,15:05:03,0.6,600,36050
20240108,15:05:11,0.65,550,36050
20240108,15:05:14,0.6,500,36050
20240108,15:05:16,0.6,50,36050
20240108,15:05:51,0.65,350,36050
20240108,15:05:51,0.65,250,36050
20240108,15:06:05,0.65,250,36050
20240108,15:06:07,0.65,50,36050
20240108,15:06:08,0.65,200,35600
20240108,15:06:12,0.65,50,35600
20240108,15:07:05,0.65,500,35600
20240108,15:08:07,0.6,150,35600
20240108,15:10:00,0.6,300,35600
20240108,15:11:05,0.65,50,36100
20240108,15:12:27,0.6,250,36100
20240108,15:12:41,0.6,300,36100
20240108,15:13:11,0.65,100,36100
20240108,15:14:20,0.65,200,36100
20240108,15:14:22,0.65,1200,36100
20240108,15:14:48,0.6,3800,36100
20240108,15:14:49,0.55,3350,36100
20240108,15:15:01,0.6,150,36100
20240108,15:15:04,0.6,500,36100
20240108,15:15:07,0.55,1850,36100
20240108,15:15:32,0.6,900,42400
20240108,15:15:56,0.6,1800,42400
20240108,15:15:58,0.6,2550,42400
20240108,15:16:40,0.6,50,42400
20240108,15:17:00,0.55,900,42400
20240108,15:17:20,0.6,300,42400
20240108,15:17:36,0.55,50,42400
20240108,15:21:56,0.6,50,42600
20240108,15:22:07,0.55,50,42600
20240108,15:24:32,0.55,1800,42600
20240108,15:25:15,0.55,100,42600
20240108,15:25:43,0.55,100,42600
20240108,15:25:48,0.55,150,42600
20240108,15:25:55,0.55,100,42600
20240108,15:26:13,0.55,100,42600
20240108,15:26:40,0.55,100,42600
20240108,15:27:05,0.55,50,42600
20240108,15:28:02,0.6,500,42600
20240108,15:28:18,0.55,1800,42600
20240108,15:28:31,0.6,50,42600
20240108,15:28:32,0.55,450,42600
20240108,15:28:46,0.55,50,42600
20240108,15:29:04,0.55,450,42600
20240108,15:29:16,0.6,500,42600
20240108,15:29:30,0.55,100,42600
20240108,15:29:47,0.6,100,42600
20240109,09:15:03,0.6,1,44200
20240109,09:15:03,0.6,500,44200
20240109,09:15:07,0.65,200,44200
20240109,09:15:09,0.55,50,44200
20240109,09:15:19,0.55,50,44200
20240109,09:15:24,0.7,250,44200
20240109,09:15:25,0.6,50,44200
20240109,09:15:26,0.6,50,44200
20240109,09:15:28,0.6,50,44200
20240109,09:15:33,0.6,50,44200
20240109,09:15:34,0.6,50,44200
20240109,09:15:41,0.6,50,44200
20240109,09:15:44,0.6,50,44200
20240109,09:15:47,0.6,100,44200
20240109,09:15:48,0.6,50,44200
20240109,09:16:22,0.65,600,44200
20240109,09:18:21,0.65,1800,44450
20240109,09:18:23,0.65,1900,44450
20240109,09:18:25,0.65,50,44450
20240109,09:21:14,0.65,100,44900
20240109,09:21:46,0.6,200,44900
20240109,09:22:22,0.65,50,44900
20240109,09:22:48,0.65,500,44900
20240109,09:22:49,0.7,50,44900
20240109,09:23:15,0.7,200,44900
20240109,09:24:18,0.65,250,44950
20240109,09:25:12,0.65,50,44950
20240109,09:25:14,0.65,50,44950
20240109,09:25:16,0.65,500,44950
20240109,09:25:20,0.65,400,44950
20240109,09:26:35,0.7,100,45900
20240109,09:26:42,0.7,3500,45900
20240109,09:26:43,0.7,400,45900
20240109,09:26:45,0.7,400,45900
20240109,09:27:06,0.7,150,45900
20240109,09:27:07,0.7,100,45900
20240109,09:27:10,0.7,50,45900
20240109,09:27:11,0.7,300,45900
20240109,09:27:20,0.7,400,45900
20240109,09:27:21,0.7,200,45900
20240109,09:27:22,0.7,200,45900
20240109,09:27:23,0.7,350,45900
20240109,09:27:30,0.7,500,45900
20240109,09:27:31,0.7,950,45900
20240109,09:27:43,0.7,100,45900
20240109,09:27:47,0.7,150,45900
20240109,09:27:47,0.7,600,45900
20240109,09:28:10,0.7,100,45900
20240109,09:28:42,0.7,50,45900
20240109,09:28:44,0.7,50,45900
20240109,09:28:45,0.7,50,45900
20240109,09:28:46,0.7,50,45900
20240109,09:29:18,0.75,200,45900
20240109,09:29:34,0.75,500,45900
20240109,09:29:46,0.75,300,47300
20240109,09:29:48,0.7,250,47300
20240109,09:31:12,0.75,100,47300
20240109,09:31:21,0.7,950,47300
20240109,09:31:34,0.65,100,47300
20240109,09:31:58,0.7,50,47300
20240109,09:31:59,0.7,50,47300
20240109,09:32:16,0.7,50,47300
20240109,09:34:47,0.7,50,46850
20240109,09:34:59,0.75,50,46850
20240109,09:34:59,0.7,100,46850
20240109,09:35:01,0.7,50,46850
20240109,09:35:39,0.75,1500,46800
20240109,09:35:41,0.7,50,46800
20240109,09:36:10,0.7,250,46800
20240109,09:36:38,0.7,100,46800
20240109,09:36:58,0.7,1800,46800
20240109,09:37:01,0.75,100,46800
20240109,09:37:07,0.7,300,46800
20240109,09:37:21,0.7,250,46800
20240109,09:37:26,0.7,300,46800
20240109,09:37:31,0.75,50,46800
20240109,09:37:37,0.7,50,46800
20240109,09:37:58,0.7,50,46800
20240109,09:38:00,0.7,50,46800
20240109,09:38:01,0.65,100,46800
20240109,09:38:02,0.7,50,46800
20240109,09:38:26,0.65,50,46800
20240109,09:40:02,0.65,300,46350
20240109,09:40:30,0.7,100,46350
20240109,09:40:45,0.65,350,46350
20240109,09:41:14,0.65,50,46350
20240109,09:41:39,0.7,350,46350
20240109,09:42:35,0.65,250,47100
20240109,09:43:04,0.65,250,47100
20240109,09:43:51,0.7,50,47100
20240109,09:44:20,0.7,50,47100
20240109,09:44:39,0.65,50,47100
20240109,09:44:52,0.65,450,47550
20240109,09:45:02,0.65,250,47550
20240109,09:45:22,0.65,350,47550
20240109,09:45:26,0.65,250,47550
20240109,09:45:39,0.65,400,47550
20240109,09:45:40,0.65,100,47550
20240109,09:45:41,0.65,50,47550
20240109,09:45:43,0.65,100,47550
20240109,09:46:03,0.6,500,47550
20240109,09:46:04,0.6,50,47550
20240109,09:46:17,0.6,150,47550
20240109,09:46:18,0.6,100,47550
20240109,09:47:00,0.6,1800,47550
20240109,09:47:15,0.6,2600,47550
20240109,09:47:18,0.6,1000,47550
20240109,09:48:14,0.6,300,47550
20240109,09:48:18,0.6,250,50400
20240109,09:48:23,0.6,250,50400
20240109,09:48:51,0.6,100,50400
20240109,09:49:08,0.6,50,50400
20240109,09:49:13,0.6,50,50400
20240109,09:49:43,0.6,50,50400
20240109,09:49:44,0.6,50,50400
20240109,09:50:17,0.6,250,50400
20240109,09:51:01,0.6,100,49600
20240109,09:51:02,0.6,1850,49600
20240109,09:52:59,0.6,250,49600
20240109,09:53:06,0.6,50,49600
20240109,09:55:47,0.6,450,49600
20240109,09:56:06,0.6,150,51300
20240109,09:56:20,0.6,1800,51300
20240109,09:56:31,0.6,50,51100
20240109,10:00:00,0.65,1500,51050
20240109,10:04:52,0.65,500,51800
20240109,10:04:53,0.6,150,51800
20240109,10:05:34,0.65,50,51800
20240109,10:05:48,0.6,400,51750
20240109,10:05:50,0.65,250,51750
20240109,10:05:55,0.65,50,51750
20240109,10:06:00,0.65,800,51750
20240109,10:06:01,0.65,50,51750
20240109,10:06:08,0.6,50,51750
20240109,10:06:13,0.65,50,51750
20240109,10:06:56,0.65,50,51750
20240109,10:07:00,0.65,50,51750
20240109,10:07:01,0.65,50,51750
20240109,10:07:02,0.65,50,51750
20240109,10:07:04,0.65,100,51750
20240109,10:07:32,0.65,3350,51750
20240109,10:08:13,0.6,50,51750
20240109,10:09:07,0.65,150,50700
20240109,10:09:26,0.65,1800,50700
20240109,10:09:34,0.65,150,50700
20240109,10:09:48,0.65,300,50700
20240109,10:09:54,0.65,50,50700
20240109,10:09:56,0.65,400,50700
20240109,10:10:09,0.65,50,50700
20240109,10:10:16,0.65,50,50700
20240109,10:10:22,0.65,50,50700
20240109,10:10:43,0.65,100,50700
20240109,10:11:36,0.7,1100,50700
20240109,10:11:43,0.7,250,50600
20240109,10:13:34,0.7,700,50600
20240109,10:14:29,0.7,1800,50600
20240109,10:14:31,0.7,700,50600
20240109,10:15:54,0.7,100,50600
20240109,10:16:04,0.7,150,53350
20240109,10:16:05,0.7,50,53350
20240109,10:16:06,0.7,50,53350
20240109,10:16:07,0.7,50,53350
20240109,10:16:08,0.7,50,53350
20240109,10:16:09,0.7,50,53350
20240109,10:16:11,0.7,50,53350
20240109,10:16:12,0.7,50,53350
20240109,10:16:16,0.7,50,53350
20240109,10:16:17,0.7,50,53350
20240109,10:16:35,0.75,100,53350
20240109,10:18:10,0.7,50,53350
20240109,10:18:13,0.7,50,50150
20240109,10:18:14,0.7,100,50150
20240109,10:18:19,0.7,50,50150
20240109,10:20:01,0.7,50,50150
20240109,10:22:00,0.75,300,50150
20240109,10:22:02,0.75,250,50150
20240109,10:22:06,0.75,250,50150
20240109,10:22:10,0.75,450,50150
20240109,10:23:19,0.75,400,50150
20240109,10:23:27,0.7,600,50150
20240109,10:24:11,0.75,50,50150
20240109,10:24:24,0.75,50,48900
20240109,10:25:46,0.8,200,48900
20240109,10:27:07,0.8,1850,48900
20240109,10:29:21,0.75,100,48900
20240109,10:29:22,0.75,50,48900
20240109,10:30:04,0.75,50,48650
20240109,10:30:28,0.75,100,48650
20240109,10:31:13,0.75,100,48650
20240109,10:31:28,0.75,850,48650
20240109,10:33:57,0.75,100,48650
20240109,10:34:14,0.75,50,47900
20240109,10:34:40,0.75,500,47900
20240109,10:34:58,0.7,750,47900
20240109,10:36:16,0.7,50,47350
20240109,10:36:33,0.75,300,47350
20240109,10:36:36,0.75,250,47350
20240109,10:37:07,0.75,250,47350
20240109,10:37:09,0.75,300,47350
20240109,10:37:34,0.75,300,47350
20240109,10:37:45,0.75,50,47350
20240109,10:38:34,0.75,50,47350
20240109,10:39:59,0.7,100,46900
20240109,10:41:45,0.75,250,46800
20240109,10:42:02,0.7,50,46800
20240109,10:42:14,0.7,50,46800
20240109,10:42:30,0.75,250,46800
20240109,10:42:32,0.7,200,46800
20240109,10:42:57,0.75,250,46800
20240109,10:43:03,0.75,250,46800
20240109,10:43:08,0.65,1500,46800
20240109,10:43:12,0.7,400,46800
20240109,10:43:19,0.75,350,46800
20240109,10:43:21,0.75,100,46800
20240109,10:43:24,0.75,250,46800
20240109,10:43:25,0.75,200,46800
20240109,10:43:30,0.7,50,46800
20240109,10:44:09,0.8,500,46800
20240109,10:44:12,0.8,50,46800
20240109,10:44:24,0.8,250,46800
20240109,10:44:29,0.8,150,46800
20240109,10:45:08,0.8,450,46800
20240109,10:48:01,0.85,100,45650
20240109,10:48:03,0.9,2000,45650
20240109,10:48:32,0.9,50,45650
20240109,10:48:34,0.9,400,45650
20240109,10:50:15,0.9,700,45650
20240109,10:51:30,0.85,50,43650
20240109,10:54:27,0.85,1650,43650
20240109,10:57:40,0.8,550,44550
20240109,10:58:00,0.8,200,44550
20240109,10:59:46,0.85,100,44550
20240109,11:02:25,0.8,250,44000
20240109,11:03:49,0.75,100,44000
20240109,11:05:08,0.8,50,44150
20240109,11:05:51,0.75,250,44150
20240109,11:05:52,0.75,300,44150
20240109,11:05:53,0.75,1000,44150
20240109,11:06:04,0.7,1850,44150
20240109,11:06:16,0.75,550,44150
20240109,11:06:16,0.7,950,44150
20240109,11:07:17,0.7,850,44150
20240109,11:07:28,0.65,1800,44150
20240109,11:07:50,0.7,250,44150
20240109,11:08:27,0.65,2300,44150
20240109,11:08:50,0.7,250,48300
20240109,11:09:30,0.6,1800,48300
20240109,11:09:35,0.6,50,48300
20240109,11:10:58,0.7,300,48300
20240109,11:11:10,0.65,3100,48300
20240109,11:12:34,0.6,100,51600
20240109,11:13:04,0.65,1650,51600
20240109,11:13:05,0.65,100,51600
20240109,11:13:07,0.65,50,51600
20240109,11:17:41,0.7,300,50800
20240109,11:17:41,0.65,50,50800
20240109,11:17:42,0.65,50,50800
20240109,11:17:43,0.65,200,50800
20240109,11:17:45,0.7,550,50800
20240109,11:17:46,0.65,50,50800
20240109,11:18:21,0.65,300,50800
20240109,11:18:21,0.65,50,50800
20240109,11:18:22,0.65,50,50800
20240109,11:18:23,0.65,50,50800
20240109,11:18:53,0.7,250,50800
20240109,11:18:54,0.65,50,50800
20240109,11:18:55,0.65,50,50800
20240109,11:18:56,0.65,50,50800
20240109,11:19:08,0.7,300,50800
20240109,11:19:09,0.65,50,50800
20240109,11:19:10,0.65,50,50800
20240109,11:19:11,0.65,50,50800
20240109,11:19:12,0.65,50,50800
20240109,11:19:13,0.65,50,50800
20240109,11:19:14,0.65,50,50800
20240109,11:19:15,0.65,50,50800
20240109,11:19:16,0.65,50,50800
20240109,11:19:17,0.65,50,50800
20240109,11:21:18,0.65,300,50800
20240109,11:22:44,0.65,50,50800
20240109,11:24:34,0.7,50,51100
20240109,11:25:43,0.65,50,51100
20240109,11:25:53,0.65,50,51100
20240109,11:25:54,0.65,50,51100
20240109,11:25:56,0.65,50,51100
20240109,11:26:21,0.65,50,51100
20240109,11:26:22,0.7,50,51100
20240109,11:26:32,0.65,50,51100
20240109,11:26:59,0.65,50,51100
20240109,11:29:12,0.65,50,51100
20240109,11:29:51,0.65,50,51100
20240109,11:30:41,0.7,50,51100
20240109,11:33:14,0.7,50,51100
20240109,11:35:49,0.65,50,51100
20240109,11:36:33,0.65,50,51100
20240109,11:36:42,0.65,200,51100
20240109,11:42:09,0.7,50,51100
20240109,11:42:33,0.65,50,51100
20240109,11:47:42,0.7,50,51100
20240109,11:48:55,0.7,250,51100
20240109,11:52:58,0.7,50,51100
20240109,11:59:27,0.65,250,51100
20240109,12:02:52,0.7,50,51100
20240109,12:07:04,0.6,450,51100
20240109,12:08:41,0.6,50,51100
20240109,12:09:04,0.6,50,51100
20240109,12:10:09,0.6,300,51100
20240109,12:10:29,0.6,300,51100
20240109,12:10:46,0.6,250,51100
20240109,12:10:50,0.6,300,51100
20240109,12:11:23,0.65,400,51100
20240109,12:12:18,0.65,50,51100
20240109,12:14:03,0.6,450,51100
20240109,12:19:09,0.65,50,51100
20240109,12:20:07,0.65,50,51100
20240109,12:20:08,0.65,50,51100
20240109,12:21:18,0.65,50,51100
20240109,12:24:41,0.65,50,51100
20240109,12:25:11,0.65,550,51100
20240109,12:25:28,0.6,400,51100
20240109,12:26:27,0.65,50,51100
20240109,12:26:47,0.65,50,51100
20240109,12:26:57,0.65,200,51100
20240109,12:27:45,0.65,50,51100
20240109,12:27:46,0.65,650,51100
20240109,12:29:38,0.7,300,51100
20240109,12:29:39,0.65,150,51100
20240109,12:29:40,0.65,150,51100
20240109,12:30:54,0.65,1500,51100
20240109,12:31:32,0.65,150,51100
20240109,12:32:27,0.7,50,51100
20240109,12:33:43,0.7,150,51100
20240109,12:35:25,0.7,500,51850
20240109,12:35:25,0.65,50,51850
20240109,12:37:02,0.7,50,52000
20240109,12:37:13,0.65,150,52000
20240109,12:38:52,0.65,200,52000
20240109,12:38:52,0.65,150,52000
20240109,12:38:54,0.65,100,51950
20240109,12:38:59,0.65,500,51950
20240109,12:39:00,0.65,50,51950
20240109,12:40:28,0.65,50,51950
20240109,12:44:47,0.65,50,51750
20240109,12:49:52,0.65,1800,51750
20240109,12:50:40,0.65,1800,51750
20240109,12:53:41,0.6,1400,53000
20240109,12:58:39,0.65,1950,54400
20240109,13:01:33,0.65,500,55100
20240109,13:02:04,0.6,500,55100
20240109,13:06:28,0.65,500,55100
20240109,13:06:28,0.6,500,55100
20240109,13:06:29,0.65,500,55100
20240109,13:07:21,0.7,250,55100
20240109,13:07:52,0.65,800,55100
20240109,13:10:49,0.6,1800,55650
20240109,13:11:57,0.65,250,55650
20240109,13:11:58,0.6,450,55650
20240109,13:17:01,0.6,250,55650
20240109,13:17:07,0.6,250,55900
20240109,13:18:34,0.6,200,55900
20240109,13:19:49,0.65,700,55900
20240109,13:22:47,0.6,50,55900
20240109,13:22:56,0.6,250,55900
20240109,13:23:01,0.65,250,55900
20240109,13:23:42,0.6,250,55900
20240109,13:23:59,0.6,250,55900
20240109,13:25:15,0.6,50,55900
20240109,13:25:46,0.6,50,56050
20240109,13:28:29,0.6,50,56050
20240109,13:28:54,0.6,50,55700
20240109,13:29:24,0.6,50,55700
20240109,13:30:38,0.6,1600,55700
20240109,13:31:32,0.55,300,55550
20240109,13:32:42,0.55,550,55550
20240109,13:33:19,0.55,500,54550
20240109,13:33:24,0.55,800,54550
20240109,13:33:36,0.6,900,54550
20240109,13:34:35,0.6,900,54550
20240109,13:35:06,0.6,900,54550
20240109,13:48:57,0.6,150,54550
20240109,13:50:08,0.6,250,54550
20240109,13:51:27,0.55,250,54550
20240109,13:51:32,0.6,150,54550
20240109,13:51:39,0.6,150,54550
20240109,13:52:52,0.55,300,54550
20240109,13:56:37,0.55,450,54550
20240109,13:58:12,0.55,300,54550
20240109,13:58:19,0.55,250,54400
20240109,13:58:21,0.55,250,54400
20240109,14:01:26,0.55,50,53800
20240109,14:06:05,0.55,500,53750
20240109,14:07:06,0.55,1000,53750
20240109,14:07:09,0.55,850,53750
20240109,14:07:10,0.55,50,53750
20240109,14:07:11,0.55,50,53750
20240109,14:07:12,0.55,50,53750
20240109,14:07:13,0.55,50,53750
20240109,14:07:14,0.55,50,53750
20240109,14:07:27,0.55,50,53750
20240109,14:07:56,0.55,550,53750
20240109,14:07:59,0.55,400,53750
20240109,14:08:01,0.55,250,53750
20240109,14:08:02,0.55,300,53750
20240109,14:08:47,0.6,500,53750
20240109,14:08:48,0.6,750,53750
20240109,14:09:07,0.6,250,54650
20240109,14:10:19,0.55,350,54650
20240109,14:10:20,0.55,50,54650
20240109,14:10:36,0.55,50,54650
20240109,14:10:59,0.55,50,54650
20240109,14:11:02,0.55,500,54650
20240109,14:12:03,0.6,250,54650
20240109,14:13:33,0.6,50,54900
20240109,14:13:46,0.55,550,54900
20240109,14:13:49,0.55,250,54900
20240109,14:13:51,0.55,250,54900
20240109,14:13:52,0.55,250,54900
20240109,14:13:56,0.55,550,54900
20240109,14:14:01,0.55,200,54900
20240109,14:14:08,0.5,1800,54900
20240109,14:15:30,0.5,1800,54900
20240109,14:16:11,0.5,1800,57000
20240109,14:16:31,0.5,1400,57000
20240109,14:16:36,0.45,1800,57000
20240109,14:17:05,0.45,150,57000
20240109,14:17:35,0.5,500,57000
20240109,14:17:46,0.45,50,57000
20240109,14:18:03,0.45,1800,57000
20240109,14:18:10,0.5,700,61400
20240109,14:18:43,0.5,700,61400
20240109,14:18:47,0.5,700,61400
20240109,14:18:58,0.5,300,61400
20240109,14:19:01,0.5,2050,61400
20240109,14:19:15,0.5,250,61400
20240109,14:19:16,0.5,250,61400
20240109,14:19:20,0.5,1800,61400
20240109,14:19:43,0.5,250,61400
20240109,14:19:43,0.55,400,61400
20240109,14:19:58,0.45,1800,61400
20240109,14:21:14,0.45,250,64450
20240109,14:21:38,0.5,50,64450
20240109,14:24:04,0.45,1800,64450
20240109,14:26:18,0.45,300,64450
20240109,14:26:26,0.5,50,64450
20240109,14:27:02,0.45,1800,64450
20240109,14:27:20,0.45,1800,64450
20240109,14:28:08,0.45,150,70150
20240109,14:28:39,0.45,1800,70150
20240109,14:29:06,0.45,400,70150
20240109,14:29:14,0.5,50,70150
20240109,14:29:34,0.5,50,70150
20240109,14:30:13,0.5,50,70150
20240109,14:30:40,0.5,250,73450
20240109,14:30:51,0.45,1800,73450
20240109,14:31:24,0.45,1800,73450
20240109,14:32:57,0.45,1800,73450
20240109,14:34:28,0.45,900,78150
20240109,14:34:35,0.5,100,78150
20240109,14:35:02,0.5,250,78150
20240109,14:35:33,0.45,50,78150
20240109,14:43:06,0.5,500,78150
20240109,14:43:39,0.45,1850,78150
20240109,14:43:40,0.45,800,78150
20240109,14:43:47,0.45,100,78150
20240109,14:44:28,0.45,250,78150
20240109,14:44:31,0.45,250,78150
20240109,14:44:37,0.45,100,78150
20240109,14:44:49,0.45,500,78150
20240109,14:44:55,0.45,100,78150
20240109,14:44:56,0.45,100,78150
20240109,14:45:08,0.45,1800,78150
20240109,14:45:18,0.45,1800,78150
20240109,14:45:22,0.45,1000,78250
20240109,14:45:25,0.45,50,78250
20240109,14:45:30,0.45,50,78250
20240109,14:45:35,0.4,550,78250
20240109,14:45:36,0.45,300,78250
20240109,14:45:37,0.45,100,78250
20240109,14:45:50,0.45,50,78250
20240109,14:47:03,0.45,1600,78250
20240109,14:47:07,0.45,250,78250
20240109,14:47:49,0.45,300,78250
20240109,14:47:50,0.45,1800,78250
20240109,14:47:51,0.45,1800,78250
20240109,14:47:52,0.45,1300,78250
20240109,14:48:29,0.45,1300,83100
20240109,14:48:39,0.45,1500,83100
20240109,14:49:34,0.45,3650,83100
20240109,14:49:39,0.45,50,83100
20240109,14:50:53,0.45,300,83100
20240109,14:51:52,0.5,200,81950
20240109,14:51:57,0.45,100,81950
20240109,14:52:11,0.45,400,81950
20240109,14:53:23,0.5,50,81950
20240109,14:53:50,0.45,450,81950
20240109,14:54:49,0.5,50,81950
20240109,14:55:00,0.45,50,82150
20240109,14:55:01,0.45,50,82150
20240109,14:55:29,0.45,1800,82150
20240109,14:56:56,0.5,500,82150
20240109,14:56:59,0.5,500,82150
20240109,14:57:00,0.5,500,82150
20240109,14:57:01,0.5,550,82150
20240109,14:57:06,0.5,550,82150
20240109,14:57:35,0.5,500,83000
20240109,14:57:40,0.5,500,83000
20240109,14:57:41,0.5,500,83000
20240109,14:57:42,0.5,10900,83000
20240109,14:57:50,0.5,300,83000
20240109,14:58:12,0.5,50,83000
20240109,14:58:27,0.5,250,83000
20240109,14:58:44,0.5,50,83000
20240109,14:59:15,0.55,250,83000
20240109,15:00:17,0.5,500,85550
20240109,15:00:19,0.5,500,85550
20240109,15:00:21,0.5,500,85550
20240109,15:00:27,0.5,300,85550
20240109,15:00:36,0.5,50,85550
20240109,15:00:49,0.5,50,85550
20240109,15:00:53,0.5,50,85550
20240109,15:01:01,0.5,50,85550
20240109,15:01:24,0.5,50,85550
20240109,15:01:28,0.55,250,85550
20240109,15:02:23,0.55,3150,85550
20240109,15:02:32,0.5,100,85550
20240109,15:03:07,0.5,50,85550
20240109,15:04:28,0.5,100,88000
20240109,15:05:47,0.5,1800,88000
20240109,15:05:55,0.5,1800,88000
20240109,15:06:53,0.5,100,88000
20240109,15:07:15,0.5,50,84450
20240109,15:08:09,0.5,250,84450
20240109,15:09:03,0.5,900,84450
20240109,15:10:17,0.5,250,84450
20240109,15:11:39,0.45,500,83300
20240109,15:11:40,0.5,3850,83300
20240109,15:11:41,0.5,500,83300
20240109,15:11:58,0.5,250,83300
20240109,15:12:09,0.5,900,83300
20240109,15:12:15,0.55,50,86150
20240109,15:12:40,0.5,900,86150
20240109,15:13:04,0.5,150,86150
20240109,15:13:35,0.5,1800,86150
20240109,15:14:14,0.45,100,86150
20240109,15:15:02,0.45,550,86150
20240109,15:15:07,0.45,500,86150
20240109,15:15:21,0.45,100,86150
20240109,15:18:25,0.5,50,82700
20240109,15:18:49,0.45,650,82700
20240109,15:20:51,0.45,150,82700
20240109,15:21:06,0.45,800,82700
20240109,15:21:53,0.45,3850,82700
20240109,15:21:54,0.45,450,82700
20240109,15:22:04,0.45,400,82700
20240109,15:22:19,0.45,50,82700
20240109,15:22:23,0.45,100,82700
20240109,15:22:24,0.45,100,82700
20240109,15:22:27,0.45,50,82700
20240109,15:22:34,0.45,1050,82700
20240109,15:22:42,0.45,300,82700
20240109,15:22:44,0.45,250,82700
20240109,15:22:47,0.45,100,82700
20240109,15:23:07,0.45,100,82700
20240109,15:23:08,0.45,8250,82700
20240109,15:23:29,0.45,250,82700
20240109,15:24:10,0.45,50,82700
20240109,15:24:40,0.4,50,77350
20240109,15:24:43,0.4,100,77350
20240109,15:25:04,0.4,250,77350
20240109,15:25:26,0.4,150,77350
20240109,15:25:41,0.4,150,77350
20240109,15:26:08,0.4,50,77350
20240109,15:28:07,0.4,1850,77350
20240109,15:28:32,0.45,1000,77350
20240109,15:28:33,0.4,50,77350
20240109,15:29:32,0.4,1300,77350
20240109,15:29:51,0.4,200,77350
20240109,15:29:56,0.4,1800,77350
20240109,15:29:58,0.4,1800,77350
20240110,09:15:09,0.45,1,79150
20240110,09:15:09,0.45,50,79150
20240110,09:15:15,0.45,50,79150
20240110,09:15:36,0.45,50,79150
20240110,09:16:06,0.45,250,79150
20240110,09:16:23,0.45,500,79150
20240110,09:16:27,0.45,550,79150
20240110,09:17:07,0.45,250,79150
20240110,09:17:13,0.45,250,79150
20240110,09:17:22,0.45,250,79150
20240110,09:17:28,0.45,250,79150
20240110,09:17:34,0.45,50,78450
20240110,09:17:39,0.4,400,78450
20240110,09:18:33,0.4,50,78450
20240110,09:18:38,0.4,250,78450
20240110,09:18:43,0.45,250,78450
20240110,09:18:52,0.45,250,78450
20240110,09:19:05,0.45,350,78450
20240110,09:19:08,0.45,150,78450
20240110,09:19:21,0.4,50,78450
20240110,09:21:06,0.45,50,77450
20240110,09:23:06,0.45,50,77450
20240110,09:23:08,0.45,50,77450
20240110,09:24:15,0.45,250,77450
20240110,09:25:02,0.45,250,77450
20240110,09:25:07,0.45,250,77450
20240110,09:25:23,0.45,250,77450
20240110,09:25:34,0.45,250,77450
20240110,09:25:41,0.45,300,77450
20240110,09:28:00,0.45,50,77350
20240110,09:28:47,0.45,50,77350
20240110,09:28:48,0.45,350,77350
20240110,09:28:52,0.45,250,77350
20240110,09:28:56,0.45,250,77350
20240110,09:29:01,0.45,50,77350
20240110,09:29:09,0.45,50,77350
20240110,09:30:08,0.45,50,77350
20240110,09:30:13,0.45,50,77250
20240110,09:30:16,0.45,50,77250
20240110,09:30:17,0.45,300,77250
20240110,09:30:18,0.45,50,77250
20240110,09:30:58,0.4,50,77250
20240110,09:31:03,0.4,50,77250
20240110,09:31:20,0.4,200,77250
20240110,09:31:39,0.45,7200,77250
20240110,09:33:05,0.4,250,78450
20240110,09:33:38,0.4,250,78450
20240110,09:33:46,0.45,250,78450
20240110,09:33:50,0.4,300,78450
20240110,09:33:59,0.45,50,78450
20240110,09:34:35,0.4,250,78450
20240110,09:34:37,0.45,50,78450
20240110,09:34:53,0.4,200,78450
20240110,09:36:00,0.4,50,78150
20240110,09:36:06,0.45,250,78150
20240110,09:36:08,0.4,200,78150
20240110,09:36:09,0.45,1000,78150
20240110,09:36:12,0.4,800,78150
20240110,09:37:46,0.4,50,78150
20240110,09:38:17,0.45,300,78150
20240110,09:38:51,0.45,50,78150
20240110,09:38:52,0.45,1800,77650
20240110,09:38:55,0.4,50,77650
20240110,09:39:10,0.45,1850,77650
20240110,09:39:29,0.45,50,77650
20240110,09:39:34,0.45,50,77650
20240110,09:39:34,0.45,150,77650
20240110,09:39:45,0.45,100,77650
20240110,09:39:46,0.45,50,77650
20240110,09:39:47,0.45,200,77650
20240110,09:39:48,0.45,700,77650
20240110,09:39:49,0.45,100,77650
20240110,09:39:50,0.45,200,77650
20240110,09:39:52,0.45,100,77650
20240110,09:40:03,0.45,100,77650
20240110,09:40:07,0.45,600,77650
20240110,09:40:08,0.45,200,77650
20240110,09:40:09,0.45,800,77650
20240110,09:40:10,0.45,50,77650
20240110,09:40:11,0.45,650,77650
20240110,09:40:13,0.45,1050,77650
20240110,09:40:19,0.45,50,77650
20240110,09:40:22,0.45,150,77650
20240110,09:40:28,0.5,100,77650
20240110,09:40:43,0.5,250,77650
20240110,09:40:43,0.5,100,77650
20240110,09:40:55,0.5,50,77650
20240110,09:41:02,0.5,50,77650
20240110,09:41:09,0.5,400,77650
20240110,09:41:13,0.5,300,77650
20240110,09:41:17,0.5,50,77650
20240110,09:41:20,0.5,1150,77650
20240110,09:41:21,0.5,50,77650
20240110,09:41:25,0.5,300,77650
20240110,09:41:27,0.5,2500,77650
20240110,09:41:29,0.5,50,77650
20240110,09:41:41,0.45,150,77650
20240110,09:41:43,0.5,1800,78550
20240110,09:42:05,0.5,1300,78550
20240110,09:42:11,0.5,1300,78550
20240110,09:42:12,0.5,400,78550
20240110,09:42:15,0.5,100,78550
20240110,09:42:20,0.5,100,78550
20240110,09:43:04,0.5,50,78550
20240110,09:43:06,0.5,300,78550
20240110,09:43:07,0.5,2350,78550
20240110,09:43:08,0.5,100,78550
20240110,09:43:12,0.5,50,78550
20240110,09:43:18,0.5,50,78550
20240110,09:43:18,0.55,50,78550
20240110,09:44:04,0.55,350,78550
20240110,09:44:05,0.55,100,78550
20240110,09:44:06,0.55,200,78550
20240110,09:44:07,0.55,150,78550
20240110,09:44:13,0.55,350,78550
20240110,09:44:15,0.55,1800,78550
20240110,09:44:16,0.55,50,78550
20240110,09:44:17,0.55,50,78550
20240110,09:44:17,0.55,1800,78550
20240110,09:44:18,0.55,2400,78550
20240110,09:44:19,0.55,1800,78550
20240110,09:44:20,0.55,1800,78550
20240110,09:44:21,0.55,4100,78550
20240110,09:44:22,0.55,2400,78550
20240110,09:44:23,0.55,50,78550
20240110,09:44:25,0.6,1800,78550
20240110,09:45:00,0.6,250,78550
20240110,09:46:33,0.55,50,79600
20240110,09:46:34,0.6,50,79600
20240110,09:47:27,0.55,1800,79600
20240110,09:47:30,0.6,50,79600
20240110,09:47:33,0.55,1800,79600
20240110,09:47:41,0.6,1800,79550
20240110,09:47:51,0.6,50,79550
20240110,09:48:05,0.6,450,79550
20240110,09:48:11,0.55,3000,79550
20240110,09:48:21,0.55,250,79550
20240110,09:48:32,0.5,1500,79550
20240110,09:48:40,0.55,300,79550
20240110,09:48:42,0.55,250,79550
20240110,09:48:43,0.55,700,79550
20240110,09:48:47,0.5,50,79550
20240110,09:48:48,0.55,2700,79550
20240110,09:48:51,0.55,1250,79550
20240110,09:48:55,0.55,2050,79550
20240110,09:48:56,0.55,5200,79550
20240110,09:49:00,0.55,150,79550
20240110,09:49:02,0.55,650,79550
20240110,09:49:05,0.55,50,79550
20240110,09:49:06,0.55,50,79550
20240110,09:49:07,0.55,250,79550
20240110,09:49:08,0.55,50,79550
20240110,09:49:09,0.55,2050,79550
20240110,09:49:22,0.55,350,79550
20240110,09:49:45,0.55,1500,79550
20240110,09:49:49,0.6,1800,79550
20240110,09:49:58,0.55,150,79550
20240110,09:50:38,0.55,50,79550
20240110,09:50:47,0.6,300,78150
20240110,09:51:33,0.55,50,78150
20240110,09:52:26,0.55,150,78150
20240110,09:53:00,0.6,100,78150
20240110,09:55:16,0.6,50,78300
20240110,09:56:02,0.6,250,78300
20240110,09:56:05,0.6,250,78300
20240110,09:56:15,0.6,250,78300
20240110,09:56:33,0.6,250,78300
20240110,09:57:15,0.6,300,79350
20240110,09:57:30,0.6,250,79350
20240110,09:57:31,0.6,300,79350
20240110,09:58:12,0.6,250,79350
20240110,09:58:20,0.6,250,79350
20240110,09:58:31,0.6,250,79350
20240110,09:58:33,0.6,1000,79350
20240110,09:58:35,0.6,150,79350
20240110,09:58:36,0.6,50,79350
20240110,09:58:58,0.65,50,79350
20240110,09:59:45,0.65,700,81800
20240110,10:00:01,0.6,50,81800
20240110,10:00:07,0.6,50,81800
20240110,10:00:46,0.6,1650,81800
20240110,10:01:17,0.6,100,81800
20240110,10:01:47,0.6,50,81800
20240110,10:02:27,0.6,100,81800
20240110,10:05:56,0.55,100,79250
20240110,10:06:05,0.55,500,79250
20240110,10:06:06,0.55,550,79250
20240110,10:06:07,0.55,250,79250
20240110,10:06:35,0.6,100,79250
20240110,10:06:37,0.6,500,79250
20240110,10:08:02,0.55,50,79250
20240110,10:11:39,0.6,50,78350
20240110,10:13:15,0.55,50,78350
20240110,10:13:23,0.55,950,78350
20240110,10:16:35,0.55,50,78350
20240110,10:17:32,0.6,50,77400
20240110,10:19:31,0.65,1100,77400
20240110,10:22:46,0.6,300,77400
20240110,10:22:49,0.6,550,78400
20240110,10:23:01,0.6,600,78400
20240110,10:24:37,0.6,600,78400
20240110,10:24:42,0.6,50,77550
20240110,10:25:13,0.65,100,77550
20240110,10:25:38,0.6,50,77550
20240110,10:25:42,0.65,50,77550
20240110,10:27:01,0.6,50,77000
20240110,10:27:09,0.65,50,77000
20240110,10:27:10,0.65,50,77000
20240110,10:28:19,0.65,50,77000
20240110,10:31:07,0.6,300,77000
20240110,10:31:28,0.6,100,77100
20240110,10:32:30,0.65,50,77100
20240110,10:32:42,0.6,50,77100
20240110,10:33:30,0.6,50,76700
20240110,10:34:04,0.65,50,76700
20240110,10:36:38,0.6,150,76600
20240110,10:38:34,0.6,50,76600
20240110,10:38:38,0.6,600,76600
20240110,10:38:39,0.6,50,76600
20240110,10:39:05,0.6,50,76600
20240110,10:39:10,0.65,250,76750
20240110,10:39:10,0.6,200,76750
20240110,10:39:14,0.65,50,76750
20240110,10:40:25,0.65,300,76750
20240110,10:40:26,0.6,50,76750
20240110,10:40:27,0.6,100,76750
20240110,10:40:27,0.6,50,76750
20240110,10:40:55,0.6,600,76750
20240110,10:40:55,0.6,250,76750
20240110,10:41:08,0.65,300,76750
20240110,10:41:09,0.6,50,76750
20240110,10:41:10,0.6,300,76750
20240110,10:41:28,0.65,250,76750
20240110,10:41:29,0.6,50,76750
20240110,10:41:34,0.65,250,76750
20240110,10:41:35,0.6,50,76750
20240110,10:41:36,0.6,50,76750
20240110,10:41:37,0.65,450,76750
20240110,10:41:38,0.6,100,76750
20240110,10:42:17,0.65,50,76750
20240110,10:46:46,0.6,1400,77000
20240110,10:47:26,0.65,50,77000
20240110,10:48:52,0.65,50,75600
20240110,10:48:53,0.6,250,75600
20240110,10:48:59,0.65,50,75600
20240110,10:49:12,0.6,300,75600
20240110,10:51:01,0.65,200,75600
20240110,10:51:26,0.65,250,75150
20240110,10:52:17,0.65,50,75150
20240110,10:52:34,0.6,1450,75150
20240110,10:52:46,0.6,50,75150
20240110,10:53:39,0.55,50,75150
20240110,10:54:03,0.6,300,75150
20240110,10:54:20,0.6,250,74700
20240110,10:57:07,0.6,50,75250
20240110,10:59:15,0.55,100,75250
20240110,11:02:54,0.6,150,75250
20240110,11:03:10,0.6,750,75200
20240110,11:03:55,0.6,50,75200
20240110,11:04:16,0.6,150,75200
20240110,11:05:40,0.65,50,75200
20240110,11:06:03,0.6,200,75200
20240110,11:06:17,0.6,50,75300
20240110,11:06:40,0.6,750,75300
20240110,11:08:11,0.6,50,75300
20240110,11:08:39,0.6,50,75300
20240110,11:08:59,0.6,50,75300
20240110,11:09:25,0.65,200,75050
20240110,11:10:04,0.55,50,75050
20240110,11:15:04,0.65,300,75150
20240110,11:15:06,0.65,250,75150
20240110,11:15:11,0.6,50,75150
20240110,11:15:12,0.65,300,75150
20240110,11:15:17,0.65,50,75150
20240110,11:17:25,0.65,250,75150
20240110,11:22:07,0.65,550,75150
20240110,11:23:12,0.65,50,75400
20240110,11:26:24,0.65,100,75400
20240110,11:28:00,0.65,1000,75400
20240110,11:28:21,0.65,200,75400
20240110,11:29:15,0.65,300,75400
20240110,11:31:07,0.65,500,73900
20240110,11:31:12,0.65,50,73900
20240110,11:31:14,0.65,50,73900
20240110,11:47:23,0.7,50,73900
20240110,11:51:54,0.7,250,73650
20240110,11:53:35,0.7,50,73700
20240110,11:55:16,0.65,150,73700
20240110,11:55:51,0.7,1550,73750
20240110,11:57:45,0.65,450,73750
20240110,11:57:46,0.65,250,74350
20240110,11:57:47,0.65,500,74350
20240110,11:57:48,0.65,50,74350
20240110,11:58:02,0.65,250,74350
20240110,11:58:14,0.65,250,74350
20240110,12:00:22,0.7,250,74350
20240110,12:03:32,0.65,100,73650
20240110,12:03:36,0.65,250,73650
20240110,12:03:43,0.65,250,73650
20240110,12:04:13,0.7,500,73650
20240110,12:04:14,0.65,250,73650
20240110,12:04:42,0.65,350,73650
20240110,12:04:42,0.65,50,73650
20240110,12:05:22,0.65,250,73650
20240110,12:05:22,0.65,100,73650
20240110,12:05:45,0.65,50,73650
20240110,12:05:46,0.6,50,73650
20240110,12:07:24,0.65,50,73650
20240110,12:08:27,0.6,50,73100
20240110,12:11:13,0.65,50,73100
20240110,12:14:33,0.65,50,73100
20240110,12:14:34,0.6,50,73100
20240110,12:14:39,0.65,50,73100
20240110,12:15:18,0.65,50,73100
20240110,12:15:19,0.6,50,73100
20240110,12:15:41,0.65,50,73100
20240110,12:15:42,0.6,50,73100
20240110,12:15:48,0.65,50,73100
20240110,12:15:48,0.6,50,73100
20240110,12:16:21,0.65,50,73100
20240110,12:17:07,0.65,50,73100
20240110,12:17:08,0.6,50,73100
20240110,12:17:10,0.65,50,73100
20240110,12:17:10,0.6,50,73100
20240110,12:17:13,0.65,100,73100
20240110,12:17:13,0.6,100,73100
20240110,12:17:34,0.6,50,73100
20240110,12:18:13,0.65,50,73100
20240110,12:18:13,0.6,50,73100
20240110,12:19:28,0.65,50,73100
20240110,12:22:23,0.6,250,73100
20240110,12:23:39,0.6,150,73100
20240110,12:24:13,0.6,200,73100
20240110,12:24:19,0.6,250,73100
20240110,12:24:20,0.6,100,73100
20240110,12:24:26,0.6,100,73100
20240110,12:24:34,0.6,150,73100
20240110,12:24:43,0.6,250,73100
20240110,12:24:47,0.6,300,73100
20240110,12:24:48,0.6,50,73100
20240110,12:24:52,0.6,100,73100
20240110,12:26:55,0.55,250,73100
20240110,12:27:21,0.55,250,73100
20240110,12:28:00,0.55,1100,73100
20240110,12:28:35,0.55,1100,73100
20240110,12:29:18,0.55,50,73100
20240110,12:29:26,0.55,50,73100
20240110,12:29:40,0.5,150,73100
20240110,12:30:11,0.55,1250,72850
20240110,12:32:24,0.55,150,72850
20240110,12:32:56,0.55,50,72850
20240110,12:33:15,0.55,300,72850
20240110,12:35:38,0.55,50,72850
20240110,12:44:04,0.5,100,72850
20240110,12:44:13,0.5,50,72850
20240110,12:44:36,0.5,100,72850
20240110,12:44:40,0.55,750,72850
20240110,12:44:46,0.55,50,72850
20240110,12:44:47,0.55,100,72850
20240110,12:44:58,0.55,50,72850
20240110,12:45:14,0.55,250,72850
20240110,12:45:16,0.55,50,72850
20240110,12:45:17,0.55,50,72850
20240110,12:46:02,0.55,300,72850
20240110,12:46:08,0.55,250,72850
20240110,12:46:23,0.55,300,72850
20240110,12:46:43,0.55,50,72850
20240110,12:46:44,0.55,300,72850
20240110,12:46:46,0.55,250,72850
20240110,12:47:52,0.55,50,72850
20240110,12:49:30,0.55,50,72100
20240110,12:49:31,0.55,1250,72100
20240110,12:49:35,0.5,50,72100
20240110,12:50:31,0.5,250,72100
20240110,12:50:53,0.5,200,72100
20240110,12:50:58,0.55,650,72100
20240110,12:50:58,0.5,550,72100
20240110,12:50:59,0.5,100,72100
20240110,12:51:12,0.5,1150,72850
20240110,12:51:13,0.5,100,72850
20240110,12:51:14,0.45,100,72850
20240110,12:51:21,0.45,600,72850
20240110,12:51:35,0.5,850,72850
20240110,12:51:39,0.5,50,72850
20240110,12:51:40,0.55,250,72850
20240110,12:51:45,0.5,50,72850
20240110,12:51:47,0.5,50,72850
20240110,12:52:17,0.5,300,72850
20240110,12:52:18,0.55,200,72850
20240110,12:52:23,0.5,300,72850
20240110,12:52:25,0.5,350,72850
20240110,12:53:22,0.5,600,72850
20240110,12:54:04,0.5,100,72850
20240110,12:54:35,0.5,50,72100
20240110,12:54:39,0.5,250,72100
20240110,12:54:53,0.5,50,72100
20240110,12:57:38,0.55,250,72150
20240110,12:57:55,0.5,400,72150
20240110,12:58:43,0.55,100,72150
20240110,12:59:06,0.45,100,72150
20240110,12:59:14,0.5,150,72150
20240110,12:59:41,0.55,100,72150
20240110,13:00:39,0.5,1300,72450
20240110,13:01:54,0.55,50,72450
20240110,13:02:33,0.55,50,72450
20240110,13:03:24,0.55,750,73400
20240110,13:03:43,0.55,250,73400
20240110,13:04:11,0.55,50,73400
20240110,13:04:51,0.5,150,73400
20240110,13:04:56,0.55,150,73400
20240110,13:05:39,0.5,50,73400
20240110,13:06:43,0.5,200,73400
20240110,13:06:47,0.5,100,73400
20240110,13:07:03,0.45,400,73400
20240110,13:07:13,0.5,400,73400
20240110,13:08:45,0.5,400,73400
20240110,13:12:19,0.5,50,73400
20240110,13:15:28,0.5,600,73400
20240110,13:16:44,0.5,650,73400
20240110,13:24:24,0.45,100,73400
20240110,13:24:36,0.5,100,73400
20240110,13:24:54,0.45,250,73400
20240110,13:25:34,0.45,150,73400
20240110,13:26:01,0.5,50,73400
20240110,13:26:48,0.45,50,73400
20240110,13:26:52,0.5,1050,73400
20240110,13:27:39,0.45,500,73400
20240110,13:30:24,0.5,250,73550
20240110,13:32:12,0.5,500,73550
20240110,13:35:05,0.5,200,73550
20240110,13:39:56,0.5,100,73600
20240110,13:46:24,0.5,300,73700
20240110,13:52:04,0.5,50,74000
20240110,13:53:04,0.5,100,74000
20240110,13:54:03,0.45,50,74000
20240110,13:55:11,0.5,250,74000
20240110,14:00:38,0.45,50,74150
20240110,14:02:04,0.45,100,74400
20240110,14:02:44,0.45,750,74400
20240110,14:04:47,0.45,50,74400
20240110,14:07:10,0.45,250,74400
20240110,14:07:46,0.45,300,74400
20240110,14:08:25,0.45,250,74400
20240110,14:09:57,0.45,100,74250
20240110,14:10:22,0.45,1550,74250
20240110,14:10:24,0.45,50,74250
20240110,14:11:05,0.45,100,74250
20240110,14:11:13,0.45,150,74250
20240110,14:11:19,0.45,150,74250
20240110,14:13:05,0.4,50,73000
20240110,14:13:07,0.4,50,73000
20240110,14:13:15,0.4,100,73000
20240110,14:13:22,0.4,50,73000
20240110,14:13:23,0.4,150,73000
20240110,14:13:24,0.4,350,73000
20240110,14:14:20,0.4,150,73000
20240110,14:17:26,0.35,900,73000
20240110,14:20:01,0.35,50,73000
20240110,14:20:45,0.35,50,73000
20240110,14:22:04,0.35,1250,73000
20240110,14:25:56,0.35,200,73000
20240110,14:28:55,0.35,500,73000
20240110,14:30:04,0.35,50,72950
20240110,14:31:22,0.35,250,72400
20240110,14:31:22,0.35,300,72400
20240110,14:31:29,0.35,400,72400
20240110,14:33:04,0.35,250,72400
20240110,14:35:32,0.35,300,72400
20240110,14:36:12,0.35,200,71450
20240110,14:37:14,0.35,1000,71450
20240110,14:37:36,0.4,250,70950
20240110,14:37:37,0.35,250,70950
20240110,14:37:41,0.4,250,70950
20240110,14:37:42,0.35,250,70950
20240110,14:37:44,0.35,800,70950
20240110,14:42:03,0.35,2800,68650
20240110,14:42:38,0.3,50,68650
20240110,14:47:40,0.3,500,67450
20240110,14:52:08,0.3,1700,67450
20240110,14:52:09,0.3,900,67450
20240110,14:52:25,0.3,850,67450
20240110,14:52:26,0.3,1750,67450
20240110,14:53:23,0.3,350,67450
20240110,14:53:41,0.3,250,67450
20240110,14:56:43,0.3,300,67450
20240110,14:57:02,0.3,250,67450
20240110,14:57:53,0.3,1000,67450
20240110,14:58:20,0.3,50,67450
20240110,14:58:50,0.3,250,67450
20240110,14:58:51,0.3,250,67450
20240110,14:59:02,0.3,100,67450
20240110,14:59:21,0.3,250,67450
20240110,14:59:30,0.3,250,67450
20240110,14:59:44,0.3,300,67450
20240110,14:59:57,0.25,50,67450
20240110,15:00:04,0.25,350,67450
20240110,15:00:08,0.3,250,67450
20240110,15:00:24,0.3,50,68150
20240110,15:01:10,0.25,1500,68150
20240110,15:01:25,0.3,900,68150
20240110,15:01:27,0.3,250,68150
20240110,15:01:29,0.3,250,68150
20240110,15:01:39,0.3,50,68150
20240110,15:01:42,0.3,300,68150
20240110,15:01:42,0.25,800,68150
20240110,15:02:09,0.3,250,68150
20240110,15:02:10,0.3,400,68150
20240110,15:02:11,0.3,900,68150
20240110,15:02:12,0.3,200,68150
20240110,15:02:32,0.35,100,68150
20240110,15:02:46,0.35,600,68150
20240110,15:02:47,0.35,600,68150
20240110,15:02:52,0.35,600,68150
20240110,15:02:53,0.35,50,68150
20240110,15:02:53,0.4,1600,68150
20240110,15:02:54,0.4,1250,68150
20240110,15:02:55,0.35,500,68150
20240110,15:02:56,0.35,300,68150
20240110,15:02:58,0.35,250,68150
20240110,15:02:59,0.35,300,68150
20240110,15:03:01,0.4,50,68150
20240110,15:03:15,0.35,1000,68150
20240110,15:03:21,0.35,250,68600
20240110,15:03:22,0.35,250,68600
20240110,15:04:07,0.4,350,68600
20240110,15:04:15,0.4,250,68600
20240110,15:04:16,0.4,800,68600
20240110,15:04:21,0.45,50,68600
20240110,15:04:29,0.5,3050,68600
20240110,15:04:43,0.45,2050,68600
20240110,15:04:45,0.4,450,68600
20240110,15:05:03,0.4,250,68600
20240110,15:05:06,0.4,250,68600
20240110,15:05:08,0.4,250,68600
20240110,15:05:09,0.35,550,68600
20240110,15:05:32,0.4,250,68600
20240110,15:06:01,0.4,2050,68600
20240110,15:06:13,0.45,1800,68600
20240110,15:07:00,0.35,300,67100
20240110,15:07:03,0.35,100,67100
20240110,15:07:04,0.35,250,67100
20240110,15:07:05,0.35,200,67100
20240110,15:07:06,0.35,250,67100
20240110,15:07:07,0.35,200,67100
20240110,15:07:08,0.35,100,67100
20240110,15:07:22,0.35,150,67100
20240110,15:07:23,0.35,300,67100
20240110,15:07:24,0.35,350,67100
20240110,15:07:25,0.35,350,67100
20240110,15:07:26,0.35,200,67100
20240110,15:07:28,0.35,250,67100
20240110,15:07:29,0.35,50,67100
20240110,15:07:30,0.35,700,67100
20240110,15:07:31,0.3,50,67100
20240110,15:07:32,0.3,350,67100
20240110,15:07:33,0.3,50,67100
20240110,15:07:54,0.35,250,67100
20240110,15:07:58,0.35,150,67100
20240110,15:09:20,0.35,1800,67100
20240110,15:09:42,0.35,1800,65150
20240110,15:10:20,0.3,300,65150
20240110,15:12:06,0.3,100,65150
20240110,15:14:46,0.35,300,65150
20240110,15:15:03,0.3,250,66650
20240110,15:15:11,0.35,50,66650
20240110,15:15:36,0.35,1200,66900
20240110,15:16:41,0.3,50,66900
20240110,15:16:50,0.35,50,66900
20240110,15:16:53,0.35,100,66900
20240110,15:16:54,0.35,50,66900
20240110,15:17:44,0.3,200,66900
20240110,15:17:45,0.3,700,66900
20240110,15:17:46,0.25,2200,66900
20240110,15:17:56,0.3,50,66900
20240110,15:18:50,0.3,500,65200
20240110,15:19:18,0.3,400,65200
20240110,15:20:07,0.25,50,65200
20240110,15:20:30,0.3,350,65200
20240110,15:20:33,0.3,50,65200
20240110,15:21:39,0.25,50,64550
20240110,15:22:23,0.25,500,64550
20240110,15:22:51,0.25,550,64550
20240110,15:24:06,0.25,450,64550
20240110,15:24:33,0.25,50,64550
20240110,15:24:49,0.3,50,64550
20240110,15:25:41,0.3,400,64550
20240110,15:25:43,0.25,1900,64550
20240110,15:25:52,0.25,100,64550
20240110,15:25:54,0.25,100,64550
20240110,15:25:56,0.25,100,64550
20240110,15:26:12,0.3,400,64550
20240110,15:27:02,0.3,1800,64550
20240110,15:28:20,0.3,1850,64850
20240110,15:28:22,0.35,400,64850
20240110,15:28:54,0.25,50,64850
20240110,15:29:04,0.3,250,64850
20240110,15:29:13,0.35,50,64850
20240110,15:29:14,0.25,500,64850
20240110,15:29:35,0.35,200,64850
20240111,09:15:04,0.3,1,63500
20240111,09:15:04,0.3,150,63500
20240111,09:15:33,0.2,100,63500
20240111,09:15:41,0.2,400,63500
20240111,09:15:49,0.2,1200,63500
20240111,09:15:50,0.2,400,63500
20240111,09:15:51,0.2,800,63500
20240111,09:15:55,0.2,300,63500
20240111,09:16:02,0.2,100,63500
20240111,09:16:11,0.2,100,63500
20240111,09:16:17,0.2,600,63500
20240111,09:16:26,0.2,600,63500
20240111,09:16:46,0.2,50,63500
20240111,09:16:56,0.2,100,63500
20240111,09:17:59,0.2,50,63250
20240111,09:19:22,0.2,500,63250
20240111,09:19:23,0.2,3600,63250
20240111,09:19:26,0.2,100,63250
20240111,09:19:38,0.2,500,63250
20240111,09:19:40,0.2,100,63250
20240111,09:19:44,0.25,500,63250
20240111,09:19:45,0.2,500,63250
20240111,09:19:49,0.2,100,63250
20240111,09:20:12,0.2,1900,63250
20240111,09:20:18,0.2,250,63250
20240111,09:20:56,0.2,2700,63250
20240111,09:21:09,0.2,550,64350
20240111,09:21:40,0.2,1000,64350
20240111,09:22:13,0.2,150,64350
20240111,09:25:37,0.2,1000,66650
20240111,09:25:52,0.15,2200,66650
20240111,09:25:52,0.15,700,66650
20240111,09:27:05,0.15,100,66650
20240111,09:27:44,0.2,50,66000
20240111,09:27:48,0.2,50,66000
20240111,09:29:40,0.15,50,66150
20240111,09:29:46,0.2,1800,66150
20240111,09:33:03,0.15,50,67700
20240111,09:34:14,0.15,50,67700
20240111,09:34:18,0.15,300,67700
20240111,09:35:36,0.15,3200,67700
20240111,09:35:36,0.15,2400,67750
20240111,09:35:40,0.15,50,67750
20240111,09:35:47,0.15,1700,67750
20240111,09:38:25,0.15,2800,67750
20240111,09:38:27,0.15,2300,67750
20240111,09:39:11,0.15,900,67750
20240111,09:39:43,0.15,1300,63300
20240111,09:41:35,0.15,50,61950
20240111,09:41:47,0.15,200,61950
20240111,09:42:36,0.15,200,61950
20240111,09:44:07,0.2,50,61950
20240111,09:44:32,0.15,300,61950
20240111,09:44:42,0.2,500,61950
20240111,09:45:40,0.15,400,61950
20240111,09:46:05,0.2,400,61950
20240111,09:46:40,0.15,100,61950
20240111,09:46:40,0.1,50,61950
20240111,09:46:45,0.1,50,61950
20240111,09:47:02,0.15,400,61950
20240111,09:47:23,0.15,300,61950
20240111,09:47:53,0.15,150,61900
20240111,09:50:30,0.2,100,61900
20240111,09:52:54,0.15,150,61900
20240111,09:53:03,0.15,50,61900
20240111,09:53:07,0.15,50,61900
20240111,09:53:10,0.15,50,61900
20240111,09:53:23,0.15,50,61900
20240111,09:54:00,0.15,750,61750
20240111,09:55:09,0.15,50,61750
20240111,09:55:31,0.15,1250,61750
20240111,10:00:00,0.15,1650,63700
20240111,10:00:02,0.15,600,63700
20240111,10:00:03,0.2,1200,63700
20240111,10:00:13,0.15,400,63700
20240111,10:00:42,0.15,250,63700
20240111,10:00:43,0.15,250,63700
20240111,10:00:43,0.15,300,63700
20240111,10:00:59,0.15,300,63700
20240111,10:01:59,0.1,250,63700
20240111,10:03:05,0.15,500,65300
20240111,10:03:07,0.2,100,65300
20240111,10:03:11,0.2,1200,65300
20240111,10:06:18,0.15,250,65300
20240111,10:06:35,0.15,150,65400
20240111,10:06:37,0.1,50,65400
20240111,10:06:58,0.2,50,65400
20240111,10:08:14,0.1,50,65400
20240111,10:09:06,0.1,50,65400
20240111,10:09:54,0.15,50,65400
20240111,10:10:29,0.2,50,65400
20240111,10:14:08,0.2,400,65400
20240111,10:14:29,0.2,500,65400
20240111,10:15:01,0.15,250,65400
20240111,10:15:13,0.1,50,65700
20240111,10:15:14,0.15,300,65700
20240111,10:17:14,0.15,100,65700
20240111,10:17:17,0.15,200,65700
20240111,10:17:21,0.15,200,65700
20240111,10:17:28,0.1,50,65700
20240111,10:19:37,0.2,1800,65700
20240111,10:19:38,0.2,1800,65700
20240111,10:19:39,0.2,1800,65700
20240111,10:19:40,0.2,3600,65700
20240111,10:19:41,0.2,1800,65700
20240111,10:19:42,0.25,4000,65700
20240111,10:19:43,0.2,7600,65700
20240111,10:19:44,0.2,3600,65700
20240111,10:19:45,0.25,5600,65700
20240111,10:19:46,0.25,3600,65700
20240111,10:19:47,0.25,5050,65700
20240111,10:19:48,0.3,3600,65700
20240111,10:19:49,0.25,2050,65700
20240111,10:19:51,0.25,1500,65700
20240111,10:19:55,0.2,1350,65700
20240111,10:19:59,0.2,250,65700
20240111,10:20:04,0.2,750,65700
20240111,10:20:13,0.2,500,65700
20240111,10:20:14,0.2,250,65700
20240111,10:20:26,0.2,2200,65700
20240111,10:20:31,0.2,950,65700
20240111,10:20:33,0.2,50,65700
20240111,10:21:24,0.15,100,64900
20240111,10:21:40,0.2,250,64900
20240111,10:22:35,0.15,200,64900
20240111,10:22:40,0.15,550,64900
20240111,10:22:50,0.2,700,64900
20240111,10:23:15,0.2,50,64900
20240111,10:23:32,0.15,900,64900
20240111,10:23:44,0.15,2300,66300
20240111,10:23:45,0.15,200,66300
20240111,10:23:47,0.15,850,66300
20240111,10:23:49,0.15,200,66300
20240111,10:23:50,0.15,50,66300
20240111,10:23:52,0.15,700,66300
20240111,10:23:54,0.15,250,66300
20240111,10:23:56,0.15,950,66300
20240111,10:25:06,0.2,50,66300
20240111,10:25:17,0.15,250,66300
20240111,10:25:25,0.15,3100,66300
20240111,10:25:27,0.15,250,66300
20240111,10:25:28,0.15,2750,66300
20240111,10:25:29,0.15,100,66300
20240111,10:25:33,0.15,850,66300
20240111,10:25:34,0.15,900,66300
20240111,10:25:48,0.15,900,66300
20240111,10:25:49,0.15,900,66300
20240111,10:25:51,0.15,900,66300
20240111,10:25:52,0.15,900,66300
20240111,10:25:53,0.15,900,66300
20240111,10:25:54,0.15,250,66300
20240111,10:25:58,0.15,2050,66300
20240111,10:25:59,0.15,50,66300
20240111,10:26:00,0.15,50,66300
20240111,10:26:01,0.15,50,66300
20240111,10:26:02,0.15,50,66300
20240111,10:26:03,0.15,1000,66300
20240111,10:26:05,0.15,50,66300
20240111,10:26:12,0.15,50,66300
20240111,10:27:42,0.15,50,67650
20240111,10:29:26,0.15,300,67650
20240111,10:29:33,0.15,50,67650
20240111,10:29:55,0.15,50,67650
20240111,10:30:04,0.15,1000,67350
20240111,10:31:35,0.15,50,67350
20240111,10:33:29,0.15,50,67350
20240111,10:35:54,0.1,1500,67350
20240111,10:36:41,0.1,100,67350
20240111,10:38:36,0.1,100,67350
20240111,10:38:46,0.1,100,67100
20240111,10:39:11,0.1,350,67100
20240111,10:41:55,0.1,50,67450
20240111,10:42:36,0.15,250,67450
20240111,10:43:10,0.15,12350,67450
20240111,10:44:15,0.15,300,67450
20240111,10:46:29,0.15,250,68500
20240111,10:49:52,0.15,50,68450
20240111,10:50:08,0.1,50,68450
20240111,10:50:40,0.15,250,68450
20240111,10:55:01,0.1,1200,68450
20240111,10:55:21,0.15,1200,68450
20240111,10:56:01,0.15,300,68450
20240111,10:56:04,0.15,300,68450
20240111,11:02:32,0.15,50,68450
20240111,11:05:02,0.15,100,69300
20240111,11:08:49,0.15,50,69450
20240111,11:10:06,0.1,50,69450
20240111,11:10:42,0.15,1100,69450
20240111,11:12:43,0.15,50,69450
20240111,11:12:45,0.1,1800,70600
20240111,11:14:12,0.15,1000,70600
20240111,11:14:41,0.1,50,70600
20240111,11:18:43,0.15,50,69800
20240111,11:21:50,0.1,50,69800
20240111,11:22:53,0.1,50,69850
20240111,11:34:59,0.15,150,69750
20240111,11:35:00,0.15,300,69750
20240111,11:39:41,0.1,300,69750
20240111,11:40:43,0.1,300,70200
20240111,11:41:13,0.1,50,70200
20240111,11:47:10,0.15,50,70200
20240111,11:48:56,0.1,700,69550
20240111,11:49:05,0.15,50,69600
20240111,11:49:27,0.15,100,69600
20240111,11:49:31,0.1,900,69600
20240111,11:51:10,0.1,150,69150
20240111,11:51:13,0.1,1500,69150
20240111,11:51:14,0.15,1500,69150
20240111,11:55:17,0.1,27050,69200
20240111,11:55:29,0.1,1000,69200
20240111,11:55:31,0.1,1400,69200
20240111,11:55:49,0.1,7200,69200
20240111,11:57:35,0.15,50,69200
20240111,12:00:01,0.15,6000,56000
20240111,12:03:55,0.1,1800,56000
20240111,12:03:55,0.1,4200,57550
20240111,12:04:46,0.1,1400,57550
20240111,12:07:11,0.1,50,56000
20240111,12:07:21,0.15,800,56000
20240111,12:09:11,0.1,250,56000
20240111,12:12:45,0.1,1500,56000
20240111,12:12:46,0.1,400,56000
20240111,12:13:17,0.05,50,56000
20240111,12:15:05,0.05,50,56050
20240111,12:15:06,0.15,3000,56050
20240111,12:16:35,0.15,700,56050
20240111,12:22:48,0.1,1150,56900
20240111,12:23:37,0.15,500,56900
20240111,12:26:12,0.1,100,57350
20240111,12:32:13,0.15,1200,57250
20240111,12:34:17,0.15,50,57550
20240111,12:37:18,0.15,100,57550
20240111,12:38:02,0.05,250,57550
20240111,12:38:11,0.1,250,57550
20240111,12:38:59,0.1,550,57300
20240111,12:40:19,0.05,250,57300
20240111,12:45:07,0.1,2050,56950
20240111,12:45:32,0.1,100,56950
20240111,12:45:55,0.15,150,56950
20240111,12:50:46,0.15,50,58350
20240111,12:50:55,0.05,50,58350
20240111,12:50:59,0.05,100,58350
20240111,12:52:07,0.05,150,58350
20240111,12:53:05,0.15,1500,58350
20240111,12:54:12,0.1,400,58350
20240111,12:55:00,0.1,200,58050
20240111,12:55:54,0.05,1500,58050
20240111,12:55:55,0.15,1500,58050
20240111,12:56:04,0.1,300,58050
20240111,12:56:06,0.1,1600,58050
20240111,12:56:25,0.05,200,58050
20240111,12:57:59,0.05,50,55900
20240111,13:00:15,0.05,1500,55850
20240111,13:00:16,0.1,650,55850
20240111,13:00:22,0.1,850,55850
20240111,13:00:57,0.1,500,55850
20240111,13:03:22,0.05,500,55850
20240111,13:03:22,0.05,50,56350
20240111,13:03:52,0.05,1500,56350
20240111,13:03:53,0.1,1500,56350
20240111,13:10:08,0.05,50,55800
20240111,13:10:09,0.05,600,55800
20240111,13:18:46,0.1,1800,56150
20240111,13:20:40,0.1,50,56150
20240111,13:23:18,0.05,1000,57500
20240111,13:23:19,0.1,1000,57500
20240111,13:29:10,0.1,500,57300
20240111,13:29:47,0.1,50,57300
20240111,13:31:07,0.05,500,57850
20240111,13:31:08,0.05,750,57850
20240111,13:31:23,0.05,500,57850
20240111,13:31:36,0.05,500,57850
20240111,13:31:56,0.1,1000,57850
20240111,13:31:58,0.05,100,57850
20240111,13:32:17,0.05,1500,57850
20240111,13:32:19,0.1,1500,57850
20240111,13:34:50,0.05,100,57850
20240111,13:36:21,0.1,200,59100
20240111,13:37:03,0.05,1500,59100
20240111,13:37:04,0.1,1500,59100
20240111,13:40:00,0.1,500,60250
20240111,13:50:39,0.05,200,60300
20240111,13:53:27,0.05,1000,60300
20240111,13:57:16,0.05,1500,60300
20240111,14:02:15,0.05,1500,60300
20240111,14:02:55,0.05,200,60300
20240111,14:02:57,0.1,200,60300
20240111,14:04:00,0.05,1500,60300
20240111,14:05:26,0.1,150,60500
20240111,14:05:27,0.1,3550,60500
20240111,14:08:07,0.1,50,60500
20240111,14:08:35,0.05,1000,58350
20240111,14:08:36,0.05,50,58350
20240111,14:09:51,0.1,1800,58350
20240111,14:10:04,0.05,1200,58000
20240111,14:12:15,0.05,1800,58000
20240111,14:12:22,0.05,1000,57200
20240111,14:12:34,0.05,1500,57200
20240111,14:13:33,0.05,1200,57200
20240111,14:13:49,0.05,200,57200
20240111,14:13:50,0.1,150,57200
20240111,14:13:51,0.1,50,57200
20240111,14:13:59,0.05,1200,57200
20240111,14:14:00,0.05,1200,57200
20240111,14:14:27,0.05,400,57200
20240111,14:14:59,0.1,50,57200
20240111,14:15:35,0.1,50,57200
20240111,14:15:52,0.1,450,52000
20240111,14:16:39,0.1,50,52000
20240111,14:16:46,0.1,150,52000
20240111,14:16:48,0.1,500,52000
20240111,14:16:48,0.1,300,52000
20240111,14:17:18,0.05,100,52000
