date,time,tick_price,volume,open_interest
20240206,13:12:12,2.25,100,650
20240206,13:12:38,2.4,200,650
20240206,13:12:43,2.45,100,650
20240206,13:12:47,2.5,100,650
20240206,13:12:55,2.6,400,650
20240206,13:13:00,2.6,50,650
20240206,13:13:05,2.45,50,650
20240206,13:13:10,2.55,50,650
20240206,13:35:48,2.6,50,650
20240206,13:43:16,2.6,100,700
20240206,13:44:23,2.6,50,800
20240206,13:44:33,2.6,50,800
20240206,13:46:16,2.6,50,800
20240206,13:53:46,2.6,100,950
20240206,13:59:56,2.65,50,1050
20240206,14:01:47,2.65,50,1050
20240206,14:06:02,2.65,50,950
20240206,14:06:30,2.6,50,950
20240206,14:06:57,2.65,150,950
20240206,14:38:38,2.85,50,1150
20240206,15:09:46,2.85,50,1150
20240206,15:09:51,2.85,50,1150
20240206,15:09:57,2.85,100,1150
20240206,15:10:03,2.85,50,1150
20240206,15:10:26,2.85,50,1150
20240206,15:17:49,2.95,50,1450
20240206,15:19:45,3.0,50,1450
20240206,15:25:25,3.0,50,1450
20240206,15:27:12,2.95,50,1500
20240206,15:27:26,2.95,50,1500
20240206,15:27:33,2.9,50,1500
20240207,09:15:20,2.3,1,1650
20240207,09:15:20,2.3,300,1650
20240207,09:15:31,2.3,100,1650
20240207,09:16:41,2.3,50,2050
20240207,09:27:02,2.4,50,2050
20240207,09:27:36,2.4,50,2050
20240207,09:28:41,2.4,50,2000
20240207,09:29:23,2.4,100,2000
20240207,09:50:23,2.8,1800,1900
20240207,09:50:33,2.8,500,1900
20240207,09:50:33,2.25,500,1900
20240207,09:50:52,2.3,300,1900
20240207,09:51:02,2.35,100,1900
20240207,09:51:22,2.3,50,1900
20240207,09:52:09,2.35,50,1900
20240207,09:52:36,2.15,700,2850
20240207,09:53:34,2.25,50,2850
20240207,11:23:17,2.3,100,2300
20240207,11:31:59,2.2,50,2300
20240207,11:32:10,2.2,50,2300
20240207,11:47:15,2.2,250,2200
20240207,12:12:01,1.75,1000,2050
20240207,12:19:57,1.75,200,2800
20240207,12:20:12,2.05,400,2800
20240207,12:20:20,2.05,50,2800
20240207,12:20:27,2.05,50,2800
20240207,12:20:33,2.05,50,2800
20240207,12:48:25,2.25,100,2450
20240207,13:42:44,1.95,50,2450
20240207,14:00:24,1.9,50,2500
20240207,14:08:02,1.85,50,2550
20240207,14:28:56,1.8,50,2600
20240207,14:40:31,1.8,50,2550
20240207,14:44:59,1.8,50,2500
20240207,14:45:06,1.8,100,2500
20240207,14:49:51,1.75,150,2450
20240207,14:50:09,1.75,100,2450
20240207,14:51:04,1.7,50,2650
20240207,14:51:37,1.7,250,2650
20240207,14:56:45,1.7,1000,2850
20240207,14:56:50,1.85,300,2850
20240207,14:57:00,1.85,550,2850
20240207,14:58:17,1.85,100,2850
20240207,14:58:58,1.85,50,2850
20240207,14:59:09,1.85,50,2850
20240207,14:59:32,1.85,50,3700
20240207,14:59:49,1.85,50,3700
20240207,15:00:01,1.85,50,3700
20240207,15:00:08,1.85,350,3700
20240207,15:01:03,1.8,50,3700
20240207,15:02:51,1.8,50,3850
20240207,15:03:30,1.8,50,3850
20240207,15:03:59,1.8,50,3850
20240207,15:05:38,1.8,300,4000
20240207,15:05:43,1.8,50,4000
20240207,15:06:10,1.8,50,4000
20240207,15:13:26,1.7,50,4400
20240207,15:17:20,1.85,50,4450
20240207,15:19:07,1.9,100,4450
20240207,15:23:01,1.9,100,4450
20240207,15:25:56,1.95,50,4450
20240207,15:28:14,1.7,50,4450
20240207,15:28:32,1.8,50,4450
20240207,15:29:40,2.2,50,4450
20240208,09:21:17,1.35,1,4500
20240208,09:21:17,1.35,50,4500
20240208,09:47:08,1.7,50,4500
20240208,10:11:32,1.7,100,4550
20240208,10:11:40,1.55,500,4550
20240208,10:15:08,1.75,50,4950
20240208,10:16:06,1.75,300,4950
20240208,10:16:06,1.3,300,4950
20240208,10:22:19,1.6,50,5150
20240208,10:25:05,1.65,150,5200
20240208,10:38:02,1.2,1000,5250
20240208,10:46:03,1.2,100,5000
20240208,10:48:29,1.55,50,5100
20240208,10:58:25,1.45,100,5100
20240208,10:59:17,1.4,50,5100
20240208,10:59:58,1.65,50,5100
20240208,11:03:24,1.45,50,5100
20240208,11:04:32,1.65,50,5100
20240208,11:04:42,1.7,100,5100
20240208,11:05:44,1.7,50,4900
20240208,11:06:55,1.5,200,4900
20240208,11:07:15,1.5,100,4900
20240208,11:08:05,1.5,150,4700
20240208,11:08:34,1.55,200,4700
20240208,11:16:09,1.7,50,4600
20240208,11:18:47,1.6,50,4600
20240208,11:18:56,1.6,50,4600
20240208,11:20:03,1.55,50,4600
20240208,11:22:16,1.5,100,4650
20240208,11:22:41,1.5,100,4650
20240208,11:22:49,1.5,50,4650
20240208,11:37:38,1.4,50,4650
20240208,11:37:46,1.4,50,4650
20240208,11:39:48,1.5,50,4750
20240208,11:42:59,1.55,350,4750
20240208,11:43:07,1.6,250,4750
20240208,11:43:23,1.7,50,4750
20240208,11:53:29,1.75,50,5050
20240208,12:27:37,1.45,350,5050
20240208,12:28:11,1.45,100,5050
20240208,12:31:36,1.6,100,5050
20240208,12:59:28,1.4,250,5050
20240208,13:01:06,1.4,250,5050
20240208,13:01:28,1.4,100,5050
20240208,13:02:56,1.45,50,5650
20240208,13:03:14,1.4,50,5650
20240208,13:03:23,1.45,50,5650
20240208,13:04:00,1.4,250,5650
20240208,13:04:05,1.45,250,5650
20240208,13:07:17,1.4,100,5900
20240208,13:08:17,1.4,100,5950
20240208,13:17:01,1.4,50,5900
20240208,13:17:18,1.4,50,5900
20240208,13:23:14,1.45,300,5850
20240208,13:34:09,1.6,50,5950
20240208,13:34:49,1.55,200,5950
20240208,13:35:17,1.45,50,5950
20240208,13:35:23,1.6,100,6000
20240208,13:35:27,1.6,50,6000
20240208,13:35:57,1.65,50,6000
20240208,13:36:04,1.65,100,6000
20240208,13:48:02,1.55,50,6050
20240208,13:50:31,1.55,50,6050
20240208,13:52:52,1.55,250,6050
20240208,13:56:04,1.45,100,6250
20240208,14:03:27,1.45,150,6350
20240208,14:04:05,1.5,50,6350
20240208,14:06:04,1.95,750,6200
20240208,14:08:31,1.7,200,6400
20240208,14:08:37,1.65,50,6400
20240208,14:08:44,1.65,50,6400
20240208,14:13:39,1.7,50,6450
20240208,14:13:53,1.7,50,6450
20240208,14:14:08,1.65,400,6450
20240208,14:15:25,1.75,750,6750
20240208,14:15:42,1.75,200,6750
20240208,14:16:38,1.9,300,6750
20240208,14:16:47,1.9,100,6750
20240208,14:17:35,1.8,700,7900
20240208,14:17:44,1.85,50,7900
20240208,14:19:31,1.75,50,7900
20240208,14:20:39,1.75,50,7700
20240208,14:20:46,1.75,50,7700
20240208,14:20:54,1.75,50,7700
20240208,14:21:15,1.85,50,7700
20240208,14:21:36,1.85,1000,7700
20240208,14:21:43,1.9,50,7700
20240208,14:21:49,1.85,500,7700
20240208,14:21:56,1.85,400,7700
20240208,14:22:16,1.85,100,7700
20240208,14:22:25,1.7,50,7700
20240208,14:24:17,1.8,100,9650
20240208,14:24:37,1.8,100,9650
20240208,14:24:50,1.8,100,9650
20240208,14:27:34,1.9,50,9750
20240208,14:28:07,1.9,50,9750
20240208,14:28:39,1.75,50,9750
20240208,14:31:20,1.9,50,9750
20240208,14:31:29,1.9,300,9750
20240208,14:31:37,1.85,100,9750
20240208,14:31:46,1.85,50,9750
20240208,14:31:56,1.9,150,9750
20240208,14:32:04,1.95,50,9750
20240208,14:32:21,1.9,50,9750
20240208,14:32:30,1.9,50,9750
20240208,14:32:38,1.9,50,9850
20240208,14:32:46,1.9,50,9850
20240208,14:34:02,1.9,850,9850
20240208,14:34:32,1.85,150,9850
20240208,14:34:40,1.9,50,9850
20240208,14:36:05,1.95,100,9900
20240208,14:36:21,1.85,50,9900
20240208,14:39:35,1.8,550,9750
20240208,14:40:01,1.8,200,9750
20240208,14:40:09,1.85,300,9750
20240208,14:40:34,1.85,250,9750
20240208,14:40:42,1.85,250,9750
20240208,14:40:59,1.9,400,9750
20240208,14:41:24,1.8,300,9750
20240208,14:42:15,1.85,50,9100
20240208,14:48:51,1.75,350,9150
20240208,14:48:59,1.7,650,9150
20240208,14:49:06,1.65,400,9150
20240208,14:49:14,1.75,150,9150
20240208,14:49:22,1.7,200,9150
20240208,14:49:30,1.65,450,9150
20240208,14:49:38,1.7,50,9150
20240208,14:50:48,1.7,900,7600
20240208,14:51:18,1.85,500,7600
20240208,14:53:19,1.85,700,7600
20240208,14:55:42,1.75,900,8500
20240208,14:58:43,1.75,300,8150
20240208,14:59:38,1.7,50,8150
20240208,15:00:48,1.7,100,8000
20240208,15:01:53,1.75,50,8000
20240208,15:02:13,1.7,150,8000
20240208,15:02:23,1.7,300,8000
20240208,15:02:32,1.8,150,8000
20240208,15:02:42,1.8,50,7900
20240208,15:02:52,1.8,100,7900
20240208,15:03:02,1.8,50,7900
20240208,15:03:21,1.75,50,7900
20240208,15:03:41,1.75,50,7900
20240208,15:04:44,1.75,100,7900
20240208,15:08:28,1.65,450,7850
20240208,15:08:45,1.65,200,7450
20240208,15:09:20,1.75,250,7450
20240208,15:09:48,1.7,150,7450
20240208,15:09:57,1.7,100,7450
20240208,15:10:14,1.7,400,7450
20240208,15:10:32,1.7,50,7450
20240208,15:10:50,1.7,900,7450
20240208,15:10:58,1.7,750,7450
20240208,15:12:22,1.65,100,7050
20240208,15:12:46,1.8,600,7050
20240208,15:13:58,1.75,1000,7050
20240208,15:14:06,1.8,3250,7050
20240208,15:14:15,1.85,1150,7050
20240208,15:14:32,1.85,50,7050
20240208,15:14:41,1.85,50,7050
20240208,15:14:49,1.8,400,12000
20240208,15:15:57,1.75,800,12000
20240208,15:16:45,1.8,200,12000
20240208,15:18:11,1.8,100,12250
20240208,15:18:19,1.8,350,12250
20240208,15:18:34,1.85,100,12250
20240208,15:18:42,1.8,50,12250
20240208,15:19:05,1.8,50,12250
20240208,15:19:12,1.8,50,12250
20240208,15:19:20,1.85,3450,12250
20240208,15:19:36,1.85,400,12250
20240208,15:21:07,1.9,2250,16350
20240208,15:21:23,1.8,200,16350
20240208,15:21:47,1.8,550,16350
20240208,15:22:28,1.8,250,16350
20240208,15:22:54,1.8,50,16350
20240208,15:24:25,1.75,100,19400
20240208,15:24:47,1.75,50,19400
20240208,15:25:02,1.8,50,19400
20240208,15:25:44,1.85,50,19400
20240208,15:26:50,1.75,50,19450
20240208,15:27:06,1.8,400,19450
20240208,15:27:24,1.75,200,19450
20240208,15:28:01,1.8,150,19450
20240208,15:28:11,1.7,100,19450
20240208,15:28:46,1.75,250,19450
20240208,15:28:55,1.7,50,19450
20240208,15:29:04,1.75,100,19450
20240208,15:29:12,1.75,50,19450
20240209,09:15:03,1.85,1,19500
20240209,09:15:03,1.85,50,19500
20240209,09:15:04,1.85,200,19500
20240209,09:15:05,1.8,100,19500
20240209,09:15:06,1.8,250,19500
20240209,09:15:07,1.9,50,19500
20240209,09:15:09,1.55,500,19500
20240209,09:15:10,1.8,200,19500
20240209,09:15:19,1.7,200,19500
20240209,09:15:24,1.75,100,19500
20240209,09:15:33,1.75,100,19500
20240209,09:15:42,1.7,1750,19500
20240209,09:15:53,1.6,500,19500
20240209,09:16:03,1.55,300,19500
20240209,09:16:04,1.6,100,19500
20240209,09:16:05,1.6,100,19500
20240209,09:16:18,1.6,100,20850
20240209,09:17:02,1.65,50,20850
20240209,09:17:14,1.7,100,20850
20240209,09:17:30,1.7,1800,20850
20240209,09:17:34,1.75,1850,20850
20240209,09:17:42,1.7,100,20850
20240209,09:17:44,1.75,200,20850
20240209,09:17:49,1.75,200,20850
20240209,09:17:51,1.75,800,20850
20240209,09:17:52,1.85,5650,20850
20240209,09:17:53,1.8,6300,20850
20240209,09:17:54,1.95,10300,20850
20240209,09:17:55,1.95,2600,20850
20240209,09:18:03,1.95,100,20850
20240209,09:18:06,1.9,200,20850
20240209,09:18:07,1.85,450,20850
20240209,09:18:08,1.8,150,20850
20240209,09:18:12,1.8,50,20850
20240209,09:18:18,1.85,100,20850
20240209,09:18:27,1.75,700,20850
20240209,09:18:28,1.75,50,20850
20240209,09:18:42,1.75,50,20850
20240209,09:18:44,1.75,1350,20850
20240209,09:18:49,1.7,350,20850
20240209,09:18:51,1.65,50,20850
20240209,09:18:55,1.65,200,20850
20240209,09:19:01,1.65,300,20850
20240209,09:19:05,1.65,100,20850
20240209,09:19:40,1.6,50,41500
20240209,09:19:45,1.6,300,41500
20240209,09:19:47,1.6,500,41500
20240209,09:19:53,1.6,50,41500
20240209,09:19:55,1.6,50,41500
20240209,09:20:00,1.6,250,41500
20240209,09:20:21,1.6,50,41500
20240209,09:20:25,1.55,50,41500
20240209,09:20:37,1.6,500,41500
20240209,09:20:45,1.6,500,41500
20240209,09:20:50,1.6,1200,41500
20240209,09:20:52,1.55,1000,41500
20240209,09:20:53,1.55,1000,41500
20240209,09:20:55,1.5,2600,41500
20240209,09:20:56,1.55,50,41500
20240209,09:20:57,1.55,1200,41500
20240209,09:20:58,1.55,100,41500
20240209,09:20:59,1.5,500,41500
20240209,09:21:02,1.5,1000,41500
20240209,09:21:04,1.5,1000,41500
20240209,09:21:05,1.5,400,41500
20240209,09:21:07,1.5,50,41500
20240209,09:21:09,1.5,500,41500
20240209,09:21:25,1.55,200,41500
20240209,09:21:27,1.55,250,41500
20240209,09:21:38,1.55,3350,41500
20240209,09:21:39,1.55,900,41500
20240209,09:21:43,1.55,50,41500
20240209,09:21:45,1.55,250,41500
20240209,09:21:48,1.55,50,41500
20240209,09:21:52,1.6,300,41500
20240209,09:21:54,1.6,1650,41500
20240209,09:22:03,1.65,300,41500
20240209,09:22:05,1.65,700,41500
20240209,09:22:09,1.65,50,41500
20240209,09:22:12,1.7,600,41500
20240209,09:22:12,1.65,400,41500
20240209,09:22:13,1.6,3200,41500
20240209,09:22:14,1.6,3850,41500
20240209,09:22:15,1.6,2050,41500
20240209,09:22:16,1.6,500,41500
20240209,09:22:17,1.6,750,41500
20240209,09:22:25,1.6,50,41700
20240209,09:22:32,1.55,550,41700
20240209,09:22:44,1.55,50,41700
20240209,09:22:54,1.55,50,41700
20240209,09:23:03,1.5,300,41700
20240209,09:23:04,1.5,300,41700
20240209,09:24:06,1.5,650,41700
20240209,09:24:07,1.45,1600,41700
20240209,09:24:08,1.45,300,41700
20240209,09:24:09,1.45,600,41700
20240209,09:24:10,1.5,200,41700
20240209,09:24:19,1.45,100,41700
20240209,09:25:10,1.5,100,41700
20240209,09:25:38,1.5,50,41700
20240209,09:26:09,1.5,50,41250
20240209,09:26:33,1.4,1000,41250
20240209,09:26:35,1.4,400,41250
20240209,09:26:37,1.45,1100,41250
20240209,09:26:37,1.45,250,41250
20240209,09:26:38,1.4,750,41250
20240209,09:26:39,1.4,500,41250
20240209,09:26:41,1.4,650,41250
20240209,09:26:48,1.45,700,41250
20240209,09:26:48,1.4,200,41250
20240209,09:27:04,1.45,200,41250
20240209,09:27:36,1.45,100,41250
20240209,09:28:08,1.45,1000,41250
20240209,09:28:09,1.45,100,41250
20240209,09:28:15,1.45,250,41250
20240209,09:28:17,1.45,2050,41250
20240209,09:28:30,1.45,100,39900
20240209,09:28:37,1.5,100,39900
20240209,09:28:59,1.45,200,39900
20240209,09:29:00,1.5,450,39900
20240209,09:29:09,1.45,200,39900
20240209,09:29:12,1.45,400,39900
20240209,09:29:24,1.5,50,39900
20240209,09:30:01,1.5,1500,39900
20240209,09:30:05,1.45,100,39900
20240209,09:30:31,1.5,100,39900
20240209,09:30:35,1.5,50,39900
20240209,09:30:37,1.45,100,39900
20240209,09:31:00,1.45,250,39900
20240209,09:31:19,1.45,250,39900
20240209,09:31:33,1.45,50,40600
20240209,09:33:57,1.4,1800,40600
20240209,09:34:21,1.4,50,42400
20240209,09:34:27,1.4,500,42400
20240209,09:35:32,1.45,50,42400
20240209,09:35:56,1.4,50,42400
20240209,09:37:41,1.45,4050,41850
20240209,09:38:02,1.45,800,41850
20240209,09:38:03,1.45,50,41850
20240209,09:38:05,1.45,50,41850
20240209,09:38:07,1.45,50,41850
20240209,09:38:11,1.5,1450,41850
20240209,09:38:12,1.5,50,41850
20240209,09:38:54,1.5,50,41850
20240209,09:39:28,1.55,1100,41850
20240209,09:39:29,1.55,50,41850
20240209,09:39:30,1.55,50,41850
20240209,09:39:33,1.55,50,41850
20240209,09:39:38,1.55,400,41850
20240209,09:39:51,1.5,400,41850
20240209,09:40:20,1.55,50,41850
20240209,09:40:21,1.55,100,46550
20240209,09:40:26,1.5,200,46550
20240209,09:40:29,1.6,2100,46550
20240209,09:40:31,1.55,2200,46550
20240209,09:41:07,1.65,4200,46550
20240209,09:41:16,1.6,1600,46550
20240209,09:41:21,1.65,400,46550
20240209,09:41:23,1.65,300,46550
20240209,09:41:33,1.6,200,46550
20240209,09:41:39,1.6,1250,46550
20240209,09:42:02,1.55,600,46550
20240209,09:42:11,1.6,50,46550
20240209,09:42:14,1.6,1850,46550
20240209,09:42:15,1.6,2300,46550
20240209,09:42:16,1.6,100,46550
20240209,09:42:25,1.6,50,46550
20240209,09:42:53,1.6,1600,46550
20240209,09:42:54,1.6,150,46550
20240209,09:42:55,1.6,100,46550
20240209,09:43:11,1.6,1800,46550
20240209,09:43:47,1.6,1850,46550
20240209,09:43:47,1.6,400,46550
20240209,09:43:48,1.6,300,54950
20240209,09:43:49,1.6,800,54950
20240209,09:44:11,1.6,1800,54950
20240209,09:44:22,1.55,1900,54950
20240209,09:44:24,1.55,600,54950
20240209,09:44:43,1.65,4200,54950
20240209,09:44:44,1.6,3900,54950
20240209,09:47:09,1.6,950,62150
20240209,09:47:11,1.6,150,62150
20240209,09:47:12,1.6,1600,62150
20240209,09:47:13,1.6,600,62150
20240209,09:47:14,1.6,200,62150
20240209,09:47:39,1.6,800,62150
20240209,09:47:40,1.6,400,62150
20240209,09:47:43,1.6,50,62150
20240209,09:47:47,1.6,800,62150
20240209,09:48:10,1.6,1000,62150
20240209,09:48:13,1.6,200,62150
20240209,09:48:13,1.6,450,62150
20240209,09:48:15,1.6,50,62150
20240209,09:48:16,1.6,50,62150
20240209,09:48:26,1.6,50,62150
20240209,09:48:40,1.65,50,62150
20240209,09:48:58,1.6,1500,62150
20240209,09:49:22,1.6,200,62150
20240209,09:49:53,1.6,100,67900
20240209,09:49:56,1.65,100,67900
20240209,09:50:02,1.6,3400,67900
20240209,09:50:59,1.6,1900,67900
20240209,09:51:00,1.6,2750,67900
20240209,09:51:01,1.6,50,67900
20240209,09:51:12,1.6,100,67900
20240209,09:51:13,1.6,50,67900
20240209,09:51:21,1.6,600,67900
20240209,09:51:25,1.6,200,67900
20240209,09:51:26,1.6,200,67900
20240209,09:51:45,1.65,50,67900
20240209,09:52:07,1.65,100,67900
20240209,09:52:33,1.6,100,74050
20240209,09:52:47,1.65,50,74050
20240209,09:52:48,1.65,50,74050
20240209,09:53:01,1.6,800,74050
20240209,09:53:02,1.6,400,74050
20240209,09:53:03,1.6,100,74050
20240209,09:53:36,1.6,50,74050
20240209,09:53:38,1.6,50,74050
20240209,09:53:41,1.6,100,74050
20240209,09:53:45,1.6,50,74050
20240209,09:53:53,1.6,50,74050
20240209,09:54:15,1.55,2150,74050
20240209,09:54:53,1.55,50,74050
20240209,09:55:39,1.55,100,75050
20240209,09:56:00,1.55,200,75050
20240209,09:56:01,1.6,2000,75050
20240209,09:56:15,1.55,50,75050
20240209,09:56:17,1.6,200,75050
20240209,09:56:19,1.6,300,75050
20240209,09:56:20,1.6,250,75050
20240209,09:58:11,1.6,2750,75050
20240209,09:59:40,1.65,100,76050
20240209,09:59:42,1.65,3450,76050
20240209,09:59:51,1.7,50,76050
20240209,10:00:02,1.7,150,76050
20240209,10:00:04,1.7,50,76050
20240209,10:00:09,1.65,50,76050
20240209,10:00:31,1.7,50,76050
20240209,10:00:33,1.7,100,76050
20240209,10:00:34,1.7,50,76050
20240209,10:00:53,1.75,800,76050
20240209,10:00:54,1.75,400,76050
20240209,10:01:07,1.8,50,76050
20240209,10:01:08,1.8,250,76050
20240209,10:01:09,1.8,400,76050
20240209,10:01:10,1.8,350,76050
20240209,10:01:11,1.85,2550,76050
20240209,10:01:12,1.85,150,76050
20240209,10:01:13,1.85,50,76050
20240209,10:01:19,1.85,150,76050
20240209,10:01:20,1.85,150,76050
20240209,10:01:22,1.9,1200,76050
20240209,10:01:29,1.85,400,78500
20240209,10:01:30,1.85,300,78500
20240209,10:01:33,1.85,500,78500
20240209,10:01:38,1.8,250,78500
20240209,10:01:40,1.85,1800,78500
20240209,10:01:41,1.85,1800,78500
20240209,10:01:44,1.8,250,78500
20240209,10:01:45,1.8,200,78500
20240209,10:01:58,1.8,50,78500
20240209,10:01:59,1.8,50,78500
20240209,10:02:00,1.75,2250,78500
20240209,10:02:01,1.75,100,78500
20240209,10:02:06,1.8,2100,78500
20240209,10:02:08,1.75,400,78500
20240209,10:02:21,1.75,250,78500
20240209,10:02:38,1.7,500,78500
20240209,10:02:54,1.65,1700,78500
20240209,10:02:58,1.6,200,78500
20240209,10:03:02,1.6,350,78500
20240209,10:03:28,1.65,50,78500
20240209,10:04:11,1.65,50,78500
20240209,10:04:50,1.6,50,81650
20240209,10:04:51,1.6,300,81650
20240209,10:04:55,1.6,100,81650
20240209,10:04:56,1.6,250,81650
20240209,10:04:57,1.6,100,81650
20240209,10:05:56,1.6,50,81650
20240209,10:06:01,1.6,1600,81650
20240209,10:06:14,1.55,300,81650
20240209,10:06:19,1.6,200,81650
20240209,10:07:48,1.5,50,83650
20240209,10:08:53,1.5,50,83650
20240209,10:09:00,1.5,50,83650
20240209,10:09:36,1.5,50,83650
20240209,10:09:37,1.5,50,83650
20240209,10:10:05,1.5,50,83650
20240209,10:10:39,1.55,150,83650
20240209,10:11:01,1.55,350,83850
20240209,10:11:06,1.55,400,83850
20240209,10:11:08,1.55,100,83850
20240209,10:11:11,1.55,50,83850
20240209,10:11:15,1.55,1800,83850
20240209,10:11:15,1.55,50,83850
20240209,10:11:25,1.55,250,83850
20240209,10:11:27,1.55,50,83850
20240209,10:11:41,1.5,100,83850
20240209,10:11:53,1.55,50,83850
20240209,10:12:00,1.55,1600,83850
20240209,10:12:29,1.6,50,83850
20240209,10:13:05,1.6,50,83850
20240209,10:13:57,1.55,50,83850
20240209,10:13:58,1.55,50,79900
20240209,10:14:02,1.6,3050,79900
20240209,10:14:03,1.6,100,79900
20240209,10:14:10,1.6,100,79900
20240209,10:14:12,1.6,250,79900
20240209,10:14:13,1.6,50,79900
20240209,10:14:14,1.6,50,79900
20240209,10:14:57,1.6,50,79900
20240209,10:15:38,1.6,50,79900
20240209,10:15:42,1.65,1800,79900
20240209,10:16:03,1.65,600,79900
20240209,10:16:29,1.65,1800,80650
20240209,10:16:53,1.7,1800,80650
20240209,10:17:46,1.65,700,80650
20240209,10:17:58,1.7,50,80650
20240209,10:18:02,1.7,3600,80650
20240209,10:18:11,1.65,50,80650
20240209,10:18:23,1.7,50,80650
20240209,10:18:24,1.7,50,80650
20240209,10:18:33,1.7,2950,80650
20240209,10:18:34,1.75,50,80650
20240209,10:18:57,1.7,1200,80650
20240209,10:19:25,1.7,100,80650
20240209,10:19:27,1.65,50,88700
20240209,10:19:51,1.7,500,88700
20240209,10:19:55,1.7,1500,88700
20240209,10:19:56,1.7,1600,88700
20240209,10:19:57,1.7,3050,88700
20240209,10:20:01,1.75,150,88700
20240209,10:20:01,1.75,1800,88700
20240209,10:21:02,1.75,1800,88700
20240209,10:21:10,1.75,1800,88700
20240209,10:21:12,1.7,1000,88700
20240209,10:21:32,1.6,3750,88700
20240209,10:21:36,1.65,50,88700
20240209,10:21:44,1.65,100,88700
20240209,10:22:46,1.65,1800,99250
20240209,10:23:01,1.6,700,99250
20240209,10:24:26,1.65,50,99250
20240209,10:24:33,1.65,1800,99250
20240209,10:25:56,1.7,550,100200
20240209,10:25:58,1.7,100,100200
20240209,10:25:59,1.7,50,100200
20240209,10:26:00,1.7,50,100200
20240209,10:26:03,1.7,200,100200
20240209,10:26:11,1.7,50,100200
20240209,10:26:26,1.7,50,100200
20240209,10:26:38,1.7,100,100200
20240209,10:26:39,1.7,50,100200
20240209,10:27:25,1.7,50,100200
20240209,10:27:40,1.7,50,100200
20240209,10:28:16,1.7,1550,100200
20240209,10:28:19,1.7,400,100200
20240209,10:28:24,1.7,100,100200
20240209,10:28:29,1.7,150,98150
20240209,10:29:10,1.7,450,98150
20240209,10:29:20,1.7,50,98150
20240209,10:29:52,1.7,1900,98150
20240209,10:29:54,1.7,150,98150
20240209,10:29:59,1.7,150,98150
20240209,10:30:14,1.75,1800,98150
20240209,10:30:41,1.7,400,98150
20240209,10:30:44,1.7,1550,98150
20240209,10:30:44,1.7,50,98150
20240209,10:30:45,1.7,50,98150
20240209,10:31:12,1.7,1000,98150
20240209,10:31:14,1.7,100,98150
20240209,10:31:29,1.7,250,102150
20240209,10:31:31,1.7,50,102150
20240209,10:31:38,1.7,50,102150
20240209,10:31:50,1.7,50,102150
20240209,10:34:12,1.75,1800,102150
20240209,10:34:20,1.75,200,102150
20240209,10:34:21,1.75,50,102150
20240209,10:34:23,1.75,1800,102150
20240209,10:34:24,1.75,800,102150
20240209,10:34:51,1.7,50,102150
20240209,10:34:53,1.7,700,103150
20240209,10:35:07,1.65,50,103150
20240209,10:36:04,1.65,50,103150
20240209,10:36:21,1.65,50,103150
20240209,10:36:44,1.7,50,103150
20240209,10:37:43,1.65,500,102850
20240209,10:37:56,1.7,1800,102850
20240209,10:37:57,1.7,1800,102850
20240209,10:39:37,1.7,400,102850
20240209,10:40:03,1.7,1350,102850
20240209,10:40:08,1.7,100,102850
20240209,10:40:09,1.7,50,102850
20240209,10:40:13,1.7,50,102850
20240209,10:40:14,1.7,50,102850
20240209,10:40:20,1.7,500,102850
20240209,10:41:36,1.65,500,102850
20240209,10:41:38,1.65,500,107450
20240209,10:42:14,1.65,900,107450
20240209,10:42:32,1.7,100,107450
20240209,10:43:11,1.65,50,107450
20240209,10:45:07,1.65,50,107450
20240209,10:45:08,1.65,50,108750
20240209,10:47:09,1.7,50,108800
20240209,10:47:48,1.65,50,108800
20240209,10:48:25,1.65,400,108800
20240209,10:48:33,1.6,3850,108800
20240209,10:49:07,1.6,200,108800
20240209,10:49:38,1.55,300,110650
20240209,10:49:39,1.55,300,110650
20240209,10:49:40,1.55,50,110650
20240209,10:49:41,1.55,100,110650
20240209,10:49:42,1.55,750,110650
20240209,10:50:10,1.5,1800,110650
20240209,10:50:24,1.55,50,110650
20240209,10:50:34,1.5,500,110650
20240209,10:50:35,1.5,300,110650
20240209,10:50:36,1.5,200,110650
20240209,10:50:38,1.55,250,110650
20240209,10:50:52,1.5,1050,110650
20240209,10:50:58,1.5,100,110650
20240209,10:51:01,1.5,1950,110650
20240209,10:51:07,1.45,3350,110650
20240209,10:51:08,1.5,1200,110650
20240209,10:51:13,1.45,1800,110650
20240209,10:51:13,1.45,3600,110650
20240209,10:51:15,1.45,1800,110650
20240209,10:51:17,1.45,1000,110650
20240209,10:51:21,1.5,50,110650
20240209,10:51:26,1.5,5200,110650
20240209,10:51:27,1.5,400,110650
20240209,10:51:28,1.5,2800,110650
20240209,10:51:29,1.5,550,110650
20240209,10:51:30,1.5,1650,110650
20240209,10:51:31,1.5,1250,110650
20240209,10:51:32,1.5,1050,110650
20240209,10:51:33,1.5,250,110650
20240209,10:51:34,1.5,2850,110650
20240209,10:51:35,1.5,150,110650
20240209,10:51:37,1.5,750,110650
20240209,10:51:38,1.5,3550,110650
20240209,10:51:39,1.5,8050,110650
20240209,10:51:41,1.5,100,110650
20240209,10:51:43,1.5,8150,110650
20240209,10:51:45,1.45,1300,110650
20240209,10:51:48,1.45,1000,110650
20240209,10:51:50,1.45,100,110650
20240209,10:52:05,1.45,1600,110650
20240209,10:52:05,1.45,1000,110650
20240209,10:52:06,1.45,2900,110650
20240209,10:52:07,1.45,250,110650
20240209,10:52:10,1.4,2500,110650
20240209,10:52:11,1.45,2000,110650
20240209,10:52:12,1.45,750,110650
20240209,10:52:13,1.45,400,110650
20240209,10:52:14,1.45,50,110650
20240209,10:52:15,1.45,50,110650
20240209,10:52:42,1.45,100,85050
20240209,10:52:58,1.45,900,85050
20240209,10:53:10,1.4,2550,85050
20240209,10:53:11,1.4,750,85050
20240209,10:53:12,1.35,3100,85050
20240209,10:53:22,1.4,1250,85050
20240209,10:53:22,1.4,200,85050
20240209,10:53:59,1.4,50,85050
20240209,10:54:04,1.4,700,85050
20240209,10:54:05,1.4,200,85050
20240209,10:54:09,1.4,50,85050
20240209,10:54:15,1.4,1100,85050
20240209,10:54:16,1.4,200,85050
20240209,10:54:19,1.4,300,85050
20240209,10:54:31,1.4,2300,85050
20240209,10:54:32,1.4,1300,85050
20240209,10:56:04,1.35,2400,78000
20240209,10:56:05,1.35,650,78000
20240209,10:56:06,1.35,1900,78000
20240209,10:56:07,1.35,1600,78000
20240209,10:56:09,1.3,3650,78000
20240209,10:56:31,1.3,100,78000
20240209,10:56:47,1.3,3600,78000
20240209,10:56:58,1.3,100,78000
20240209,10:57:12,1.3,700,78000
20240209,10:57:14,1.3,200,78000
20240209,10:57:33,1.25,8600,78000
20240209,10:57:34,1.25,50,78000
20240209,10:57:36,1.25,50,78000
20240209,10:57:37,1.3,50,78000
20240209,10:57:39,1.3,100,78000
20240209,10:57:40,1.3,50,78000
20240209,10:57:54,1.25,100,78000
20240209,10:57:55,1.3,650,78000
20240209,10:57:56,1.3,100,78000
20240209,10:58:03,1.35,7300,78000
20240209,10:58:04,1.35,1250,78000
20240209,10:58:25,1.3,300,78000
20240209,10:58:26,1.3,200,78000
20240209,10:58:27,1.3,200,78000
20240209,10:58:29,1.3,100,78000
20240209,10:58:33,1.35,10150,72900
20240209,10:58:34,1.35,1500,72900
20240209,10:58:37,1.3,100,72900
20240209,10:58:38,1.3,100,72900
20240209,10:58:42,1.35,1350,72900
20240209,10:58:43,1.35,2150,72900
20240209,10:58:48,1.35,450,72900
20240209,10:58:49,1.35,150,72900
20240209,10:58:51,1.3,100,72900
20240209,10:58:54,1.3,300,72900
20240209,10:58:56,1.3,1200,72900
20240209,10:58:57,1.3,100,72900
20240209,10:58:59,1.3,100,72900
20240209,10:59:00,1.3,300,72900
20240209,10:59:01,1.3,400,72900
20240209,10:59:02,1.3,700,72900
20240209,10:59:22,1.3,50,72900
20240209,11:00:05,1.25,50,72900
20240209,11:01:07,1.3,50,72900
20240209,11:01:24,1.3,50,72900
20240209,11:01:28,1.25,2200,72900
20240209,11:03:00,1.3,50,72900
20240209,11:03:09,1.25,1800,72250
20240209,11:03:58,1.25,800,72250
20240209,11:03:59,1.25,50,72250
20240209,11:04:03,1.25,100,72250
20240209,11:04:06,1.25,50,72250
20240209,11:04:29,1.25,250,72250
20240209,11:04:33,1.25,50,72250
20240209,11:04:42,1.25,50,72200
20240209,11:04:53,1.25,250,72200
20240209,11:05:01,1.3,50,72200
20240209,11:05:08,1.3,850,72200
20240209,11:05:09,1.3,1250,72200
20240209,11:05:15,1.35,250,72200
20240209,11:05:18,1.3,50,72200
20240209,11:05:22,1.3,50,72200
20240209,11:05:34,1.3,100,72200
20240209,11:05:38,1.3,1600,72200
20240209,11:05:46,1.25,300,72200
20240209,11:05:50,1.25,50,72200
20240209,11:06:10,1.25,1850,72200
20240209,11:06:13,1.25,1350,72200
20240209,11:06:25,1.25,1150,72200
20240209,11:07:11,1.25,50,72200
20240209,11:07:41,1.25,1500,69200
20240209,11:07:42,1.25,50,69200
20240209,11:07:47,1.25,50,69200
20240209,11:07:49,1.25,100,69200
20240209,11:08:23,1.25,50,69200
20240209,11:10:08,1.25,50,69200
20240209,11:10:09,1.25,50,69200
20240209,11:10:23,1.25,300,69200
20240209,11:10:36,1.25,50,69150
20240209,11:10:38,1.25,1350,69150
20240209,11:10:53,1.25,250,69150
20240209,11:11:10,1.25,50,69150
20240209,11:11:20,1.25,50,69150
20240209,11:11:22,1.25,50,69150
20240209,11:11:27,1.25,50,69150
20240209,11:11:28,1.25,50,69150
20240209,11:11:39,1.25,250,69150
20240209,11:11:40,1.25,200,69150
20240209,11:11:41,1.25,100,69150
20240209,11:11:42,1.25,750,69150
20240209,11:11:43,1.25,100,69150
20240209,11:11:45,1.25,50,69150
20240209,11:15:03,1.25,50,70800
20240209,11:17:10,1.25,50,70850
20240209,11:17:52,1.25,50,70850
20240209,11:18:21,1.25,50,70850
20240209,11:18:39,1.25,100,70850
20240209,11:19:09,1.25,50,70850
20240209,11:19:12,1.25,50,70850
20240209,11:19:34,1.25,100,70850
20240209,11:20:12,1.25,50,70800
20240209,11:20:24,1.25,50,70800
20240209,11:20:44,1.25,150,70800
20240209,11:20:45,1.25,100,70800
20240209,11:20:54,1.25,1000,70800
20240209,11:20:56,1.25,500,70800
20240209,11:21:00,1.25,100,70800
20240209,11:21:02,1.2,100,70800
20240209,11:21:46,1.2,200,70800
20240209,11:22:05,1.25,50,70800
20240209,11:22:21,1.25,50,70800
20240209,11:22:22,1.3,50,70800
20240209,11:23:20,1.25,50,70800
20240209,11:23:21,1.25,50,69950
20240209,11:23:39,1.25,50,69950
20240209,11:23:48,1.25,50,69950
20240209,11:24:25,1.25,50,69950
20240209,11:24:58,1.25,50,69950
20240209,11:25:42,1.3,50,69950
20240209,11:26:19,1.25,50,69950
20240209,11:26:25,1.25,100,69950
20240209,11:29:13,1.25,500,69950
20240209,11:30:13,1.25,100,70100
20240209,11:30:14,1.25,50,70100
20240209,11:31:10,1.3,250,70100
20240209,11:31:32,1.3,7550,70100
20240209,11:31:35,1.3,400,70100
20240209,11:31:50,1.35,50,76300
20240209,11:32:28,1.3,200,76300
20240209,11:32:31,1.3,200,76300
20240209,11:32:45,1.3,50,76300
20240209,11:33:18,1.3,550,76300
20240209,11:33:19,1.3,450,76300
20240209,11:33:20,1.3,50,76300
20240209,11:33:36,1.25,50,76300
20240209,11:33:41,1.3,50,76300
20240209,11:33:42,1.3,50,76300
20240209,11:34:18,1.3,50,76300
20240209,11:34:43,1.3,50,76250
20240209,11:35:58,1.3,1000,76250
20240209,11:37:04,1.25,50,76250
20240209,11:38:30,1.25,1600,76250
20240209,11:38:34,1.25,450,76300
20240209,11:38:46,1.25,50,76300
20240209,11:40:17,1.25,50,76300
20240209,11:40:18,1.25,50,76300
20240209,11:40:56,1.25,50,75900
20240209,11:40:57,1.25,50,75900
20240209,11:41:02,1.25,1000,75900
20240209,11:41:30,1.25,50,75900
20240209,11:43:53,1.25,50,75900
20240209,11:44:01,1.25,50,74900
20240209,11:44:28,1.25,50,74900
20240209,11:44:55,1.25,50,74900
20240209,11:45:18,1.25,500,74900
20240209,11:46:24,1.3,50,74900
20240209,11:47:28,1.3,100,74550
20240209,11:47:30,1.3,100,74550
20240209,11:47:32,1.3,1100,74550
20240209,11:47:34,1.3,900,74550
20240209,11:47:35,1.3,200,74550
20240209,11:47:36,1.3,200,74550
20240209,11:47:37,1.3,50,74550
20240209,11:47:38,1.3,150,74550
20240209,11:49:10,1.3,300,74550
20240209,11:50:25,1.3,1800,72300
20240209,11:50:41,1.3,50,72300
20240209,11:51:58,1.25,500,72300
20240209,11:52:16,1.25,200,72300
20240209,11:53:07,1.3,50,74050
20240209,11:55:07,1.3,50,74050
20240209,11:55:39,1.3,50,74050
20240209,11:56:06,1.25,50,74050
20240209,11:57:36,1.3,50,74050
20240209,11:57:37,1.25,100,74050
20240209,11:57:42,1.25,50,74050
20240209,11:57:51,1.25,50,74050
20240209,11:58:14,1.2,50,74050
20240209,11:58:34,1.25,50,74050
20240209,12:01:27,1.25,500,73900
20240209,12:01:39,1.2,350,73900
20240209,12:05:04,1.2,50,73850
20240209,12:05:19,1.2,50,73850
20240209,12:06:01,1.15,50,73850
20240209,12:07:20,1.15,250,73850
20240209,12:09:08,1.2,250,73650
20240209,12:09:27,1.2,700,73650
20240209,12:09:36,1.2,500,73650
20240209,12:09:54,1.2,50,73650
20240209,12:10:28,1.15,50,73650
20240209,12:11:40,1.15,700,73900
20240209,12:12:17,1.2,50,73900
20240209,12:12:57,1.2,50,73900
20240209,12:13:23,1.2,1400,73900
20240209,12:13:24,1.2,200,73900
20240209,12:13:25,1.2,600,73900
20240209,12:13:27,1.2,800,73900
20240209,12:13:49,1.15,50,73900
20240209,12:14:22,1.2,50,71450
20240209,12:14:24,1.2,50,71450
20240209,12:15:14,1.2,100,71450
20240209,12:15:16,1.25,50,71450
20240209,12:15:58,1.25,200,71450
20240209,12:15:59,1.25,100,71450
20240209,12:17:47,1.25,100,71450
20240209,12:18:42,1.25,50,71550
20240209,12:18:46,1.3,550,71550
20240209,12:20:03,1.25,50,71550
20240209,12:20:04,1.25,50,71050
20240209,12:22:07,1.25,50,71050
20240209,12:22:08,1.25,50,71050
20240209,12:22:34,1.3,50,71050
20240209,12:22:45,1.3,50,71000
20240209,12:22:55,1.25,100,71000
20240209,12:23:59,1.25,1500,71000
20240209,12:24:23,1.2,100,71000
20240209,12:26:00,1.25,100,72100
20240209,12:27:26,1.25,600,72100
20240209,12:27:28,1.25,200,72100
20240209,12:27:29,1.25,200,72100
20240209,12:27:32,1.25,200,72100
20240209,12:27:33,1.25,200,72100
20240209,12:27:35,1.25,200,72100
20240209,12:27:37,1.25,300,72100
20240209,12:27:39,1.25,200,72100
20240209,12:27:41,1.25,200,72100
20240209,12:27:43,1.25,200,72100
20240209,12:27:45,1.25,200,72100
20240209,12:27:47,1.25,200,72100
20240209,12:27:48,1.25,50,72100
20240209,12:31:00,1.25,1500,69350
20240209,12:33:07,1.25,150,69350
20240209,12:34:22,1.2,50,69400
20240209,12:34:24,1.2,50,69400
20240209,12:34:25,1.2,50,69400
20240209,12:42:17,1.2,1000,69450
20240209,12:42:18,1.2,300,69450
20240209,12:42:47,1.2,50,69450
20240209,12:48:36,1.25,50,70300
20240209,12:49:37,1.25,250,70300
20240209,12:49:56,1.25,250,70150
20240209,12:50:20,1.25,250,70150
20240209,12:50:29,1.25,50,70150
20240209,12:50:31,1.25,50,70150
20240209,12:50:38,1.25,50,70150
20240209,12:50:39,1.25,50,70150
20240209,12:50:44,1.25,50,70150
20240209,12:50:46,1.25,50,70150
20240209,12:50:47,1.25,250,70150
20240209,12:50:59,1.25,200,70150
20240209,12:51:14,1.25,250,70150
20240209,12:52:16,1.25,250,70150
20240209,12:52:35,1.25,650,70150
20240209,12:54:14,1.25,1200,70150
20240209,12:54:20,1.2,50,69750
20240209,12:54:22,1.25,50,69750
20240209,12:54:41,1.2,50,69750
20240209,12:54:42,1.25,50,69750
20240209,12:55:57,1.25,100,70850
20240209,12:55:59,1.25,1100,70850
20240209,12:57:10,1.25,100,70850
20240209,12:57:20,1.25,150,70850
20240209,12:58:39,1.2,50,70850
20240209,12:59:59,1.2,50,70900
20240209,13:00:19,1.2,150,70900
20240209,13:00:51,1.2,1600,70900
20240209,13:02:32,1.2,3100,70900
20240209,13:02:32,1.2,350,71550
20240209,13:06:44,1.2,200,72700
20240209,13:10:07,1.2,1400,72850
20240209,13:10:08,1.2,50,72850
20240209,13:10:09,1.2,50,72850
20240209,13:10:13,1.2,50,72850
20240209,13:10:38,1.2,1500,72850
20240209,13:12:22,1.2,50,72850
20240209,13:13:12,1.15,400,72100
20240209,13:14:40,1.15,50,72100
20240209,13:17:25,1.15,50,72050
20240209,13:18:23,1.15,50,72050
20240209,13:19:25,1.15,50,72050
20240209,13:19:35,1.15,50,72050
20240209,13:20:32,1.15,50,72050
20240209,13:20:33,1.15,50,71900
20240209,13:21:33,1.2,50,71900
20240209,13:22:31,1.15,1800,71900
20240209,13:22:46,1.15,50,71900
20240209,13:22:57,1.15,50,70650
20240209,13:24:00,1.15,50,70650
20240209,13:24:04,1.15,1800,70650
20240209,13:24:06,1.15,50,70650
20240209,13:24:37,1.1,50,70650
20240209,13:25:11,1.1,50,70650
20240209,13:28:15,1.1,150,70650
20240209,13:28:28,1.1,50,69550
20240209,13:29:06,1.1,100,69550
20240209,13:32:07,1.15,50,69450
20240209,13:32:59,1.15,50,69450
20240209,13:34:20,1.1,6750,69450
20240209,13:34:21,1.1,50,69450
20240209,13:35:26,1.05,1850,69450
20240209,13:36:07,1.05,600,66900
20240209,13:38:06,1.05,800,66900
20240209,13:38:06,1.0,6200,65400
20240209,13:38:07,0.95,3800,65400
20240209,13:38:11,1.0,150,65400
20240209,13:38:39,1.05,50,65400
20240209,13:38:54,0.95,50,65400
20240209,13:39:13,1.05,600,65400
20240209,13:39:33,1.0,50,65400
20240209,13:41:08,1.05,50,63650
20240209,13:41:30,1.05,50,63650
20240209,13:42:52,1.0,50,63650
20240209,13:43:29,1.0,3250,63650
20240209,13:43:33,1.05,50,63650
20240209,13:43:40,1.0,600,63650
20240209,13:43:43,0.95,50,63650
20240209,13:43:54,1.05,100,63650
20240209,13:43:56,1.0,1650,60850
20240209,13:44:04,1.0,50,60850
20240209,13:44:23,1.0,200,60850
20240209,13:44:39,1.0,1000,60850
20240209,13:47:52,1.0,50,58050
20240209,13:49:38,1.0,3800,58050
20240209,13:49:50,0.95,1550,58050
20240209,13:50:30,1.0,100,52850
20240209,13:51:18,1.0,50,52850
20240209,13:52:07,0.95,1000,52850
20240209,13:52:22,0.95,50,52850
20240209,13:54:33,0.95,100,52800
20240209,13:56:10,0.95,600,52800
20240209,13:58:08,0.95,250,52700
20240209,14:00:59,0.95,50,51850
20240209,14:01:18,0.95,1500,51850
20240209,14:01:26,0.95,50,51850
20240209,14:02:24,0.95,2050,51150
20240209,14:02:24,0.95,250,51150
20240209,14:02:25,0.95,50,51150
20240209,14:03:00,1.0,100,51150
20240209,14:04:53,0.95,800,51150
20240209,14:04:54,0.95,50,51150
20240209,14:05:25,0.95,2000,48400
20240209,14:05:56,0.95,1000,48400
20240209,14:05:56,0.9,1800,48400
20240209,14:06:05,0.9,800,48400
20240209,14:12:01,0.9,50,48400
20240209,14:12:32,0.95,150,45050
20240209,14:12:47,0.95,300,45050
20240209,14:12:51,0.95,1750,45050
20240209,14:13:15,0.9,50,45050
20240209,14:13:35,0.95,50,45050
20240209,14:16:04,0.95,200,45050
20240209,14:16:19,0.9,50,43050
20240209,14:16:29,0.9,50,43050
20240209,14:16:54,0.9,200,43050
20240209,14:16:57,0.95,200,43050
20240209,14:18:08,0.9,50,43050
20240209,14:18:26,0.9,50,43050
20240209,14:18:27,0.9,50,43050
20240209,14:18:44,0.9,200,43050
20240209,14:18:50,0.95,200,43050
20240209,14:20:09,0.9,200,43050
20240209,14:20:33,0.9,250,43050
20240209,14:20:58,0.9,250,43050
20240209,14:23:49,0.9,50,43550
20240209,14:27:47,0.95,50,43550
20240209,14:27:56,0.9,50,43550
20240209,14:28:13,0.9,50,43550
20240209,14:28:49,0.9,250,43550
20240209,14:29:22,0.95,400,43800
20240209,14:30:50,0.9,50,43800
20240209,14:31:05,0.9,100,43800
20240209,14:31:06,0.9,1550,43800
20240209,14:31:07,0.9,950,43800
20240209,14:31:08,0.9,1100,43800
20240209,14:31:09,0.9,550,43800
20240209,14:31:15,0.9,50,43800
20240209,14:31:27,0.9,250,43800
20240209,14:31:28,0.85,450,43800
20240209,14:31:30,0.85,150,43800
20240209,14:31:31,0.85,500,43800
20240209,14:31:32,0.85,300,43800
20240209,14:31:33,0.85,350,43800
20240209,14:31:39,0.85,1450,43800
20240209,14:31:47,0.85,1450,43800
20240209,14:31:54,0.85,150,43800
20240209,14:31:59,0.8,1850,43800
20240209,14:32:01,0.8,150,43800
20240209,14:32:57,0.85,2050,48450
20240209,14:33:04,0.85,800,48450
20240209,14:33:33,0.8,1800,48450
20240209,14:33:52,0.9,250,48450
20240209,14:33:56,0.9,200,48450
20240209,14:34:04,0.9,1500,48450
20240209,14:34:16,0.85,1800,48450
20240209,14:34:16,0.8,350,48450
20240209,14:36:14,0.85,550,48450
20240209,14:36:14,0.8,2000,44450
20240209,14:36:20,0.85,1000,44450
20240209,14:36:24,0.85,2000,44450
20240209,14:37:32,0.85,1100,44450
20240209,14:37:33,0.85,1100,44450
20240209,14:37:35,0.85,50,44450
20240209,14:37:37,0.85,1500,44450
20240209,14:37:56,0.85,800,44450
20240209,14:37:58,0.85,500,44450
20240209,14:38:16,0.85,500,41350
20240209,14:38:22,0.85,100,41350
20240209,14:38:51,0.85,150,41350
20240209,14:39:31,0.85,100,41350
20240209,14:40:32,0.9,250,41350
20240209,14:41:50,0.9,900,41000
20240209,14:41:51,0.9,50,41000
20240209,14:41:52,0.9,50,41000
20240209,14:41:53,0.9,100,41000
20240209,14:42:59,0.9,50,41000
20240209,14:43:10,0.9,300,41000
20240209,14:43:24,0.95,50,41000
20240209,14:45:03,0.85,1800,40450
20240209,14:45:50,0.85,500,40450
20240209,14:46:08,0.85,950,40450
20240209,14:46:22,0.85,50,40450
20240209,14:46:39,0.85,50,40450
20240209,14:46:47,0.85,250,40450
20240209,14:47:08,0.85,500,39600
20240209,14:49:32,0.8,50,39600
20240209,14:50:06,0.9,50,39150
20240209,14:50:16,0.85,50,39150
20240209,14:53:03,0.8,800,39150
20240209,14:53:15,0.85,500,39100
20240209,14:53:36,0.9,250,39100
20240209,14:54:57,0.9,100,39100
20240209,14:55:01,0.9,250,39100
20240209,14:56:14,0.85,50,39100
20240209,14:56:24,0.85,50,38250
20240209,14:56:32,0.85,50,38250
20240209,14:56:43,0.85,50,38250
20240209,14:58:03,0.9,50,38250
20240209,14:58:35,0.9,200,38250
20240209,14:58:51,0.9,300,38250
20240209,14:58:55,0.85,1500,38250
20240209,14:59:24,0.85,50,38400
20240209,14:59:35,0.85,1500,38400
20240209,14:59:39,0.9,2300,38400
20240209,14:59:40,0.85,650,38400
20240209,14:59:50,0.9,1000,38400
20240209,14:59:52,0.85,1800,38400
20240209,14:59:54,0.9,400,38400
20240209,15:00:30,0.9,2000,38400
20240209,15:00:36,0.85,2050,38400
20240209,15:00:37,0.85,300,38400
20240209,15:01:01,0.85,250,38400
20240209,15:01:34,0.85,50,38400
20240209,15:02:06,0.85,50,38400
20240209,15:02:58,0.85,100,38400
20240209,15:03:41,0.9,350,32900
20240209,15:04:04,0.9,50,32900
20240209,15:04:21,0.9,200,32900
20240209,15:04:53,0.9,200,32900
20240209,15:04:59,0.9,100,32900
20240209,15:05:09,0.9,250,32050
20240209,15:06:49,0.9,500,32050
20240209,15:06:52,0.85,50,32050
20240209,15:07:17,0.85,50,32050
20240209,15:08:31,0.9,50,31500
20240209,15:08:48,0.9,500,31500
20240209,15:09:44,0.9,250,31500
20240209,15:11:18,0.9,150,31500
20240209,15:13:05,0.9,250,30950
20240209,15:13:12,0.9,1000,30950
20240209,15:13:13,0.9,1000,30950
20240209,15:13:14,0.9,1000,30950
20240209,15:13:22,0.9,1000,30950
20240209,15:13:32,0.9,500,30950
20240209,15:14:00,0.9,250,30950
20240209,15:14:58,0.9,1100,30950
20240209,15:15:02,0.85,150,32050
20240209,15:15:25,0.85,250,32050
20240209,15:18:12,0.85,1450,32050
20240209,15:21:41,0.9,250,30950
20240209,15:22:33,0.85,50,31150
20240209,15:22:54,0.9,300,31150
20240209,15:23:46,0.9,100,30550
20240209,15:23:49,0.9,600,30550
20240209,15:24:17,0.95,100,30550
20240209,15:24:18,0.9,50,30550
20240209,15:25:04,0.9,100,30550
20240209,15:25:07,0.9,50,30550
20240209,15:26:05,0.9,500,30550
20240209,15:26:12,0.95,250,30550
20240209,15:26:18,0.9,50,29800
20240209,15:26:19,0.9,50,29800
20240209,15:26:27,0.9,50,29800
20240209,15:26:39,0.95,250,29800
20240209,15:27:09,0.95,600,29800
20240209,15:27:10,0.9,100,29800
20240209,15:27:14,0.9,100,29800
20240209,15:27:20,0.95,200,29800
20240209,15:27:21,0.9,100,29800
20240209,15:27:23,0.9,50,29800
20240209,15:27:29,0.9,500,29800
20240209,15:27:38,0.95,650,29800
20240209,15:27:39,0.9,50,29800
20240209,15:27:41,0.9,150,29800
20240209,15:27:45,0.9,2400,29800
20240209,15:28:10,0.9,500,29800
20240209,15:28:14,0.9,650,29800
20240209,15:28:18,0.95,400,29800
20240209,15:28:33,0.9,400,29800
20240209,15:28:35,0.85,100,29800
20240209,15:29:03,0.85,500,29800
20240209,15:29:31,0.85,50,25050
20240209,15:29:32,0.85,450,25050
20240209,15:29:48,0.8,200,25050
20240212,09:15:01,0.95,1,25050
20240212,09:15:01,0.9,100,25050
20240212,09:15:03,0.95,50,25050
20240212,09:15:06,0.85,400,25050
20240212,09:15:07,0.85,1050,25050
20240212,09:15:18,0.95,50,25050
20240212,09:15:42,0.95,250,25050
20240212,09:15:47,0.8,800,25600
20240212,09:15:53,0.8,50,25600
20240212,09:16:03,0.85,250,25600
20240212,09:17:39,0.8,50,25600
20240212,09:18:15,0.85,50,25600
20240212,09:18:42,0.8,100,25650
20240212,09:18:57,0.85,50,25650
20240212,09:19:27,0.8,1300,25650
20240212,09:19:30,0.75,50,25650
20240212,09:19:48,0.75,50,25650
20240212,09:19:57,0.85,50,25650
20240212,09:20:10,0.75,50,25650
20240212,09:20:23,0.85,350,25650
20240212,09:21:42,0.9,950,26450
20240212,09:22:35,0.8,450,26450
20240212,09:22:37,0.85,700,26450
20240212,09:23:16,0.9,50,26450
20240212,09:26:01,0.9,50,26450
20240212,09:26:18,0.9,500,27000
20240212,09:26:39,0.9,100,27000
20240212,09:26:53,0.85,250,27000
20240212,09:27:56,0.85,500,27000
20240212,09:28:15,0.85,50,27650
20240212,09:28:39,0.85,100,27650
20240212,09:28:54,0.9,200,27650
20240212,09:31:12,0.9,50,27300
20240212,09:31:31,0.85,50,27300
20240212,09:31:48,0.85,50,27300
20240212,09:32:00,0.85,50,27300
20240212,09:32:03,0.9,300,27300
20240212,09:32:32,0.9,100,27300
20240212,09:32:43,0.9,1800,27300
20240212,09:32:43,0.9,800,27300
20240212,09:32:45,0.9,50,27300
20240212,09:32:45,0.9,100,27300
20240212,09:33:26,0.9,50,27300
20240212,09:33:58,0.9,300,27300
20240212,09:34:40,0.9,500,30100
20240212,09:34:53,0.9,100,30100
20240212,09:35:19,0.85,1800,30100
20240212,09:35:20,0.85,700,30100
20240212,09:35:51,0.9,250,30100
20240212,09:35:53,0.9,50,30100
20240212,09:36:00,0.9,250,30100
20240212,09:36:16,0.95,50,30100
20240212,09:36:57,0.85,50,27650
20240212,09:36:58,0.95,50,27650
20240212,09:37:00,0.95,50,27650
20240212,09:38:01,0.95,50,27650
20240212,09:38:26,0.85,50,27650
20240212,09:40:34,0.85,50,27650
20240212,09:40:52,0.9,250,27550
20240212,09:40:55,0.95,50,27550
20240212,09:41:32,0.9,50,27550
20240212,09:41:41,0.85,50,27550
20240212,09:41:42,0.9,50,27550
20240212,09:41:43,0.9,50,27550
20240212,09:42:14,0.9,1150,27550
20240212,09:42:18,0.85,1000,27550
20240212,09:42:19,0.85,1000,27550
20240212,09:42:21,0.85,1000,27550
20240212,09:42:22,0.8,1000,27550
20240212,09:42:24,0.8,1000,27550
20240212,09:42:25,0.8,1000,27550
20240212,09:42:27,0.8,1000,27550
20240212,09:42:28,0.8,1000,27550
20240212,09:42:29,0.8,1000,27550
20240212,09:42:31,0.8,1150,25500
20240212,09:42:33,0.8,2200,25500
20240212,09:46:03,0.85,50,25500
20240212,09:46:08,0.85,50,25450
20240212,09:47:06,0.8,200,25450
20240212,09:47:14,0.85,500,25450
20240212,09:48:14,0.8,500,25450
20240212,09:49:01,0.8,950,25150
20240212,09:51:25,0.85,50,25150
20240212,09:52:40,0.85,100,25150
20240212,09:56:45,0.8,600,24350
20240212,10:01:02,0.8,200,24350
20240212,10:01:23,0.8,300,24150
20240212,10:01:26,0.8,250,24150
20240212,10:03:04,0.8,50,24150
20240212,10:03:11,0.8,900,24150
20240212,10:03:31,0.8,50,24150
20240212,10:03:39,0.75,50,23500
20240212,10:03:58,0.8,50,23500
20240212,10:04:32,0.75,200,23500
20240212,10:04:32,0.75,50,23500
20240212,10:04:33,0.75,50,23500
20240212,10:05:02,0.7,50,23500
20240212,10:06:20,0.7,50,23500
20240212,10:10:37,0.75,50,23500
20240212,10:11:24,0.7,50,23500
20240212,10:11:53,0.65,250,23500
20240212,10:11:57,0.65,250,23500
20240212,10:13:21,0.75,50,23500
20240212,10:14:04,0.7,800,23200
20240212,10:14:25,0.65,50,23200
20240212,10:15:20,0.7,50,23200
20240212,10:15:48,0.75,200,23000
20240212,10:15:49,0.65,50,23000
20240212,10:20:01,0.7,50,23000
20240212,10:20:03,0.65,50,23000
20240212,10:24:54,0.7,50,23050
20240212,10:26:10,0.7,1800,23050
20240212,10:27:51,0.7,2800,23050
20240212,10:27:53,0.65,250,23850
20240212,10:29:24,0.65,2450,23850
20240212,10:33:13,0.65,1600,25400
20240212,10:33:15,0.8,1000,25400
20240212,10:33:29,0.8,500,25400
20240212,10:33:37,0.7,450,25400
20240212,10:33:50,0.7,50,26500
20240212,10:35:32,0.7,750,26500
20240212,10:39:14,0.8,250,26500
20240212,10:40:28,0.7,250,26200
20240212,10:40:30,0.7,1600,26450
20240212,10:40:32,0.7,50,26450
20240212,10:40:36,0.7,50,26450
20240212,10:43:15,0.7,50,26450
20240212,10:46:31,0.7,50,25250
20240212,10:46:40,0.7,400,25250
20240212,10:50:15,0.7,1100,25250
20240212,10:50:16,0.65,1800,25150
20240212,10:51:12,0.65,950,25150
20240212,10:52:07,0.65,750,24900
20240212,10:52:10,0.65,1950,24900
20240212,10:52:11,0.65,2050,24900
20240212,10:52:12,0.65,950,24900
20240212,10:52:34,0.65,300,24900
20240212,10:55:41,0.65,50,24900
20240212,10:55:42,0.6,1800,27900
20240212,10:55:57,0.6,50,27900
20240212,10:55:58,0.65,100,27900
20240212,10:56:00,0.65,50,27900
20240212,10:56:35,0.6,1800,27900
20240212,10:58:50,0.65,50,31550
20240212,11:00:02,0.65,250,31550
20240212,11:00:52,0.65,500,31550
20240212,11:01:47,0.65,50,31300
20240212,11:02:10,0.65,1650,31300
20240212,11:03:03,0.65,100,31300
20240212,11:03:09,0.65,150,31300
20240212,11:05:47,0.65,50,31600
20240212,11:06:00,0.65,50,31600
20240212,11:07:00,0.7,250,31550
20240212,11:07:03,0.65,50,31550
20240212,11:07:27,0.65,50,31550
20240212,11:07:38,0.65,50,31550
20240212,11:09:58,0.65,450,31550
20240212,11:10:11,0.65,400,31450
20240212,11:10:12,0.65,50,31450
20240212,11:10:15,0.65,50,31450
20240212,11:10:33,0.65,50,31450
20240212,11:13:34,0.65,50,31450
20240212,11:13:35,0.65,50,30900
20240212,11:14:01,0.65,300,30900
20240212,11:14:39,0.65,250,30900
20240212,11:15:53,0.6,50,30650
20240212,11:20:50,0.65,750,30650
20240212,11:20:51,0.65,50,30650
20240212,11:20:52,0.65,100,30650
20240212,11:20:54,0.65,100,30650
20240212,11:20:55,0.65,50,30650
20240212,11:21:03,0.65,50,30650
20240212,11:22:36,0.7,100,30650
20240212,11:23:01,0.75,950,30000
20240212,11:23:04,0.65,50,30000
20240212,11:25:02,0.7,50,30750
20240212,11:25:50,0.65,250,30750
20240212,11:26:05,0.75,50,30750
20240212,11:26:09,0.75,250,30750
20240212,11:26:13,0.7,250,30750
20240212,11:26:24,0.7,500,30750
20240212,11:26:36,0.75,500,30750
20240212,11:26:48,0.8,400,30750
20240212,11:26:52,0.75,1000,30750
20240212,11:26:53,0.75,50,30750
20240212,11:26:54,0.75,100,30750
20240212,11:27:00,0.75,550,30750
20240212,11:27:02,0.75,50,30750
20240212,11:29:38,0.7,1000,31900
20240212,11:31:53,0.75,100,31900
20240212,11:33:10,0.75,50,31900
20240212,11:33:17,0.75,50,31900
20240212,11:33:21,0.7,50,31900
20240212,11:34:02,0.7,50,31900
20240212,11:34:35,0.7,1750,31850
20240212,11:35:08,0.7,50,31850
20240212,11:35:10,0.7,50,31850
20240212,11:35:13,0.7,250,31850
20240212,11:35:17,0.7,500,31850
20240212,11:35:18,0.7,100,31850
20240212,11:40:09,0.7,400,29850
20240212,11:40:31,0.7,50,29850
20240212,11:40:32,0.7,50,29850
20240212,11:40:34,0.7,50,29850
20240212,11:40:44,0.7,200,29850
20240212,11:40:48,0.7,1900,29850
20240212,11:41:16,0.65,300,29850
20240212,11:42:00,0.6,3050,29850
20240212,11:42:15,0.65,100,29850
20240212,11:42:31,0.65,50,29850
20240212,11:43:41,0.65,250,31900
20240212,11:43:44,0.65,250,31900
20240212,11:46:17,0.65,300,31900
20240212,11:46:25,0.6,300,31900
20240212,11:47:00,0.6,100,31900
20240212,11:47:33,0.6,3600,31900
20240212,11:48:36,0.65,250,31900
20240212,11:48:54,0.65,50,31900
20240212,11:48:55,0.65,100,35050
20240212,11:51:07,0.55,4850,35050
20240212,11:51:08,0.55,3600,35050
20240212,11:51:09,0.55,1800,35050
20240212,11:51:12,0.55,1750,35050
20240212,11:51:13,0.6,600,35050
20240212,11:51:14,0.6,50,35050
20240212,11:51:15,0.6,50,35050
20240212,11:51:19,0.55,50,35050
20240212,11:52:51,0.6,50,35050
20240212,11:55:12,0.6,3050,43700
20240212,11:55:12,0.55,3950,43700
20240212,11:55:13,0.6,750,43700
20240212,11:56:57,0.6,2950,43700
20240212,11:57:06,0.6,250,43700
20240212,11:57:12,0.6,250,43700
20240212,11:57:29,0.6,250,43700
20240212,11:59:39,0.55,50,45850
20240212,11:59:41,0.6,250,45850
20240212,12:00:23,0.6,250,45850
20240212,12:02:10,0.6,100,45850
20240212,12:02:45,0.6,1900,45600
20240212,12:03:05,0.65,3300,45600
20240212,12:03:11,0.6,50,45600
20240212,12:03:37,0.65,50,45600
20240212,12:04:07,0.6,1800,46850
20240212,12:04:23,0.6,50,46850
20240212,12:05:26,0.65,150,46850
20240212,12:05:30,0.65,50,46850
20240212,12:06:32,0.6,50,46850
20240212,12:06:33,0.65,4150,46850
20240212,12:06:37,0.6,3600,46850
20240212,12:06:54,0.65,6350,50550
20240212,12:07:03,0.6,4400,50550
20240212,12:07:59,0.6,1800,50550
20240212,12:08:04,0.7,50,50550
20240212,12:08:49,0.6,1800,50550
20240212,12:08:51,0.6,50,50550
20240212,12:09:09,0.6,1950,50550
20240212,12:09:55,0.7,300,50550
20240212,12:10:00,0.65,1300,59750
20240212,12:10:01,0.65,850,59750
20240212,12:10:02,0.7,100,59750
20240212,12:10:08,0.65,1800,59750
20240212,12:10:11,0.6,1800,59750
20240212,12:11:03,0.65,2150,59750
20240212,12:12:24,0.65,4600,59750
20240212,12:12:26,0.65,250,59750
20240212,12:12:31,0.65,50,59750
20240212,12:12:32,0.65,100,59750
20240212,12:13:29,0.7,100,67050
20240212,12:13:31,0.65,100,67050
20240212,12:14:59,0.7,900,67050
20240212,12:15:00,0.75,50,67050
20240212,12:17:10,0.7,50,67050
20240212,12:17:34,0.7,50,67000
20240212,12:17:48,0.7,100,67000
20240212,12:18:55,0.7,200,67050
20240212,12:19:22,0.7,700,67050
20240212,12:19:37,0.7,1000,67050
20240212,12:20:08,0.65,50,67050
20240212,12:20:16,0.65,150,67050
20240212,12:22:13,0.65,50,67050
20240212,12:23:33,0.7,100,67400
20240212,12:24:23,0.7,50,67400
20240212,12:24:24,0.7,50,67400
20240212,12:24:36,0.7,50,67400
20240212,12:24:53,0.7,50,67400
20240212,12:25:54,0.7,50,67400
20240212,12:27:46,0.7,50,67400
20240212,12:28:06,0.7,400,67500
20240212,12:28:28,0.7,50,67500
20240212,12:29:40,0.7,100,67500
20240212,12:29:44,0.75,50,67500
20240212,12:30:21,0.7,400,67500
20240212,12:31:01,0.7,50,67500
20240212,12:34:59,0.7,850,67650
20240212,12:35:00,0.7,100,67650
20240212,12:35:01,0.7,50,67650
20240212,12:35:30,0.7,50,67650
20240212,12:35:46,0.7,50,67650
20240212,12:35:55,0.7,600,67650
20240212,12:35:56,0.75,250,67650
20240212,12:38:44,0.75,50,67650
20240212,12:39:23,0.7,250,67600
20240212,12:41:04,0.7,50,67650
20240212,12:42:08,0.7,50,67650
20240212,12:42:30,0.65,50,67650
20240212,12:43:26,0.7,50,67650
20240212,12:43:36,0.65,250,67550
20240212,12:44:27,0.65,50,67550
20240212,12:50:51,0.7,50,67550
20240212,12:50:51,0.7,50,67400
20240212,12:51:50,0.65,100,67400
20240212,12:55:27,0.7,800,67400
20240212,12:55:28,0.65,2500,67400
20240212,12:55:38,0.7,1200,67400
20240212,12:55:40,0.65,300,67400
20240212,12:56:59,0.65,150,67400
20240212,12:57:54,0.7,100,67400
20240212,13:00:45,0.7,1350,65000
20240212,13:00:46,0.75,850,65000
20240212,13:00:56,0.7,50,65000
20240212,13:00:57,0.7,50,65000
20240212,13:01:05,0.7,250,65000
20240212,13:01:38,0.7,1000,65450
20240212,13:02:13,0.7,250,65450
20240212,13:02:24,0.7,100,65450
20240212,13:02:44,0.7,400,65450
20240212,13:04:06,0.7,50,66350
20240212,13:04:39,0.65,600,66350
20240212,13:04:40,0.65,150,66350
20240212,13:04:42,0.65,50,66350
20240212,13:05:53,0.7,250,66350
20240212,13:06:23,0.7,900,66350
20240212,13:06:24,0.7,900,66350
20240212,13:06:25,0.7,250,66350
20240212,13:07:02,0.7,750,66350
20240212,13:08:19,0.65,50,68550
20240212,13:10:26,0.65,50,67900
20240212,13:11:06,0.65,500,67900
20240212,13:13:38,0.65,250,67900
20240212,13:15:03,0.65,50,67900
20240212,13:18:43,0.7,450,67900
20240212,13:18:50,0.7,1800,67900
20240212,13:21:30,0.65,50,68300
20240212,13:22:35,0.65,650,68300
20240212,13:26:38,0.7,50,68300
20240212,13:28:56,0.65,50,68300
20240212,13:28:59,0.65,100,68300
20240212,13:30:45,0.65,250,68300
20240212,13:33:54,0.65,100,68300
20240212,13:34:48,0.65,150,68300
20240212,13:38:36,0.7,300,68300
20240212,13:40:29,0.65,50,68300
20240212,13:40:51,0.7,50,68300
20240212,13:47:26,0.7,500,68300
20240212,13:48:11,0.7,200,68300
20240212,13:49:38,0.65,500,68300
20240212,13:52:20,0.7,50,68950
20240212,13:53:29,0.75,100,68950
20240212,13:53:30,0.7,50,68950
20240212,13:53:53,0.7,50,68950
20240212,13:54:02,0.7,50,68950
20240212,13:54:16,0.7,50,68950
20240212,13:54:35,0.7,50,68950
20240212,13:54:45,0.7,50,68950
20240212,13:54:55,0.7,100,68950
20240212,13:55:05,0.65,1200,68950
20240212,13:56:05,0.65,100,68400
20240212,13:59:31,0.7,50,68400
20240212,13:59:55,0.65,1000,68400
20240212,14:01:17,0.65,750,68400
20240212,14:02:40,0.7,200,68350
20240212,14:02:57,0.65,50,68350
20240212,14:02:58,0.65,300,68350
20240212,14:03:42,0.7,50,68350
20240212,14:03:43,0.7,50,68350
20240212,14:04:33,0.7,50,68350
20240212,14:06:32,0.65,250,68300
20240212,14:13:12,0.65,400,68300
20240212,14:13:13,0.65,50,68300
20240212,14:13:14,0.65,50,68300
20240212,14:14:37,0.6,300,68300
20240212,14:15:04,0.65,600,68300
20240212,14:15:05,0.65,50,68300
20240212,14:15:06,0.65,50,68300
20240212,14:15:08,0.65,50,68300
20240212,14:17:33,0.7,50,68300
20240212,14:19:41,0.7,200,67650
20240212,14:22:40,0.65,100,67650
20240212,14:23:40,0.65,50,67650
20240212,14:23:52,0.65,100,67650
20240212,14:28:01,0.65,50,67650
20240212,14:28:41,0.65,50,67650
20240212,14:28:42,0.65,50,67650
20240212,14:29:18,0.7,50,67650
20240212,14:34:03,0.65,250,67650
20240212,14:34:07,0.65,50,67650
20240212,14:34:11,0.65,650,67650
20240212,14:34:12,0.65,300,67650
20240212,14:34:13,0.65,500,67650
20240212,14:35:42,0.65,1800,68900
20240212,14:41:31,0.6,150,68900
20240212,14:44:18,0.65,300,69400
20240212,14:44:39,0.6,300,69450
20240212,14:45:18,0.6,50,69450
20240212,14:47:19,0.6,250,69400
20240212,14:48:42,0.65,100,69400
20240212,14:48:50,0.65,1250,69400
20240212,14:48:54,0.65,250,69400
20240212,14:51:08,0.65,250,69400
20240212,14:53:14,0.6,250,69400
20240212,14:54:10,0.55,100,69400
20240212,14:54:43,0.6,500,69400
20240212,14:57:42,0.6,100,69400
20240212,15:00:31,0.55,500,70000
20240212,15:06:07,0.55,50,70000
20240212,15:07:09,0.6,50,70000
20240212,15:09:18,0.55,500,70050
20240212,15:09:24,0.6,500,70050
20240212,15:10:02,0.55,900,70050
20240212,15:10:14,0.55,1400,70050
20240212,15:10:25,0.6,400,69300
20240212,15:11:21,0.55,50,69300
20240212,15:11:22,0.55,50,69300
20240212,15:11:23,0.55,50,69300
20240212,15:11:30,0.55,250,69300
20240212,15:11:51,0.6,700,69300
20240212,15:12:26,0.6,400,69300
20240212,15:12:54,0.55,250,69300
20240212,15:13:03,0.55,850,69300
20240212,15:14:00,0.55,100,69300
20240212,15:14:39,0.5,100,71050
20240212,15:15:02,0.5,200,71050
20240212,15:15:21,0.5,500,71050
20240212,15:16:46,0.55,50,71100
20240212,15:16:54,0.55,250,71100
20240212,15:17:18,0.5,450,71100
20240212,15:17:29,0.5,500,71100
20240212,15:17:43,0.55,50,71100
20240212,15:17:47,0.55,200,71100
20240212,15:18:47,0.5,100,71100
20240212,15:18:50,0.5,350,71100
20240212,15:18:54,0.5,50,71100
20240212,15:19:24,0.5,300,71100
20240212,15:20:29,0.5,250,72200
20240212,15:20:58,0.5,50,72200
20240212,15:21:16,0.5,250,72200
20240212,15:21:44,0.55,1100,72200
20240212,15:21:55,0.5,500,72200
20240212,15:22:02,0.55,50,72200
20240212,15:22:21,0.5,50,72200
20240212,15:22:35,0.5,750,72450
20240212,15:23:21,0.5,250,72450
20240212,15:23:56,0.5,750,72450
20240212,15:24:15,0.55,200,72450
20240212,15:24:16,0.55,1000,72450
20240212,15:24:41,0.5,250,72450
20240212,15:24:43,0.55,950,72450
20240212,15:24:56,0.5,250,72450
20240212,15:24:59,0.65,10850,72450
20240212,15:24:59,0.9,19650,72450
20240212,15:25:00,0.65,1600,72450
20240212,15:25:02,0.55,300,72450
20240212,15:25:09,0.55,500,72450
20240212,15:25:11,0.55,3700,72450
20240212,15:25:13,0.55,250,72450
20240212,15:25:34,0.7,1350,84750
20240212,15:25:48,0.5,750,84750
20240212,15:26:13,0.5,500,84750
20240212,15:26:18,0.5,250,84750
20240212,15:26:46,0.55,250,84750
20240212,15:28:10,0.55,50,84750
20240212,15:28:17,0.55,200,84750
20240212,15:28:18,0.6,650,84750
20240212,15:28:48,0.65,1500,82950
20240212,15:29:06,0.5,50,82950
20240212,15:29:14,0.55,300,82950
20240212,15:29:18,0.55,50,82950
20240212,15:29:21,0.55,200,82950
20240212,15:29:47,0.55,800,82950
20240212,15:29:55,0.65,3600,82950
20240213,09:15:03,0.6,1,85750
20240213,09:15:03,0.6,50,85750
20240213,09:15:05,0.65,100,85750
20240213,09:15:07,0.65,500,85750
20240213,09:15:09,0.6,100,85750
20240213,09:15:15,0.6,100,85750
20240213,09:15:24,0.55,1650,85750
20240213,09:15:39,0.65,50,84300
20240213,09:15:51,0.65,350,84300
20240213,09:15:55,0.65,1050,84300
20240213,09:15:57,0.65,50,84300
20240213,09:15:58,0.65,50,84300
20240213,09:16:00,0.65,250,84300
20240213,09:16:01,0.65,100,84300
20240213,09:16:04,0.65,50,84300
20240213,09:16:06,0.65,450,84300
20240213,09:16:14,0.65,50,84300
20240213,09:16:17,0.65,50,84300
20240213,09:16:20,0.65,50,84300
20240213,09:16:28,0.65,50,84300
20240213,09:16:45,0.65,300,84300
20240213,09:16:46,0.65,50,84300
20240213,09:16:50,0.65,50,84300
20240213,09:16:59,0.65,550,84300
20240213,09:17:21,0.65,600,84300
20240213,09:17:22,0.6,50,84300
20240213,09:17:23,0.6,100,84300
20240213,09:17:25,0.65,300,84300
20240213,09:17:30,0.65,400,84300
20240213,09:17:39,0.6,350,84300
20240213,09:17:41,0.6,100,84300
20240213,09:17:43,0.6,3000,84300
20240213,09:17:44,0.6,150,84300
20240213,09:17:46,0.6,50,84300
20240213,09:18:26,0.6,1100,84300
20240213,09:18:38,0.6,1150,77050
20240213,09:18:46,0.6,1800,77050
20240213,09:18:47,0.6,2150,77050
20240213,09:19:32,0.6,1450,77050
20240213,09:19:34,0.6,400,77050
20240213,09:19:34,0.6,200,77050
20240213,09:19:40,0.6,200,77050
20240213,09:19:43,0.6,200,77050
20240213,09:19:44,0.6,250,77050
20240213,09:19:44,0.6,50,77050
20240213,09:19:48,0.6,250,77050
20240213,09:20:00,0.6,300,77050
20240213,09:20:24,0.6,50,77050
20240213,09:22:16,0.6,1600,81850
20240213,09:24:52,0.6,250,81850
20240213,09:25:12,0.55,150,81850
20240213,09:25:14,0.6,1050,81850
20240213,09:25:16,0.6,100,81850
20240213,09:25:18,0.6,50,81850
20240213,09:25:18,0.55,250,81850
20240213,09:25:19,0.6,150,81850
20240213,09:25:50,0.6,250,81850
20240213,09:26:39,0.65,1000,81850
20240213,09:26:40,0.65,50,81850
20240213,09:27:04,0.65,50,81850
20240213,09:28:18,0.6,50,81850
20240213,09:28:21,0.6,1000,80500
20240213,09:28:21,0.6,700,80500
20240213,09:29:59,0.55,1500,80500
20240213,09:31:01,0.6,1600,80500
20240213,09:31:02,0.6,900,79200
20240213,09:31:03,0.6,150,79200
20240213,09:31:13,0.6,700,79200
20240213,09:31:41,0.6,400,79200
20240213,09:31:48,0.65,100,79200
20240213,09:32:35,0.6,100,79200
20240213,09:32:38,0.65,1600,79200
20240213,09:32:46,0.6,100,79200
20240213,09:33:06,0.6,50,79200
20240213,09:33:20,0.6,150,79200
20240213,09:33:22,0.65,250,79200
20240213,09:33:49,0.6,50,81200
20240213,09:34:24,0.6,50,81200
20240213,09:34:34,0.6,50,81200
20240213,09:35:50,0.6,50,81200
20240213,09:35:55,0.6,100,81200
20240213,09:36:00,0.6,100,81200
20240213,09:36:23,0.6,250,81200
20240213,09:37:00,0.6,100,81200
20240213,09:37:07,0.6,50,80850
20240213,09:37:12,0.6,50,80850
20240213,09:37:42,0.6,100,80850
20240213,09:37:47,0.6,50,80850
20240213,09:38:38,0.6,300,80850
20240213,09:38:42,0.6,50,80850
20240213,09:38:51,0.6,2000,80850
20240213,09:39:43,0.6,2800,80750
20240213,09:39:46,0.55,250,80750
20240213,09:39:59,0.55,250,80750
20240213,09:40:00,0.55,50,80750
20240213,09:40:01,0.55,450,80750
20240213,09:40:18,0.6,250,80750
20240213,09:41:15,0.6,50,80750
20240213,09:41:38,0.55,50,80750
20240213,09:42:29,0.55,250,80750
20240213,09:43:27,0.6,1200,78450
20240213,09:44:56,0.6,50,78450
20240213,09:45:31,0.55,1350,78450
20240213,09:45:40,0.6,50,78400
20240213,09:45:45,0.6,150,78400
20240213,09:45:59,0.55,600,78400
20240213,09:46:02,0.55,150,78400
20240213,09:46:10,0.55,50,78400
20240213,09:47:53,0.55,50,78400
20240213,09:47:57,0.55,50,78400
20240213,09:47:58,0.55,50,78400
20240213,09:48:32,0.6,1650,78400
20240213,09:51:35,0.6,50,78550
20240213,09:52:16,0.55,950,78550
20240213,09:52:17,0.6,100,78550
20240213,09:52:29,0.55,250,78550
20240213,09:55:43,0.6,250,77350
20240213,09:56:12,0.6,250,77350
20240213,09:57:04,0.55,100,77350
20240213,09:57:37,0.6,250,77350
20240213,09:57:50,0.6,1900,76750
20240213,09:57:57,0.65,350,76750
20240213,09:58:21,0.6,300,76750
20240213,09:58:22,0.6,100,76750
20240213,09:58:24,0.6,1800,76750
20240213,09:58:37,0.6,100,76750
20240213,09:59:46,0.65,1250,76750
20240213,09:59:54,0.65,50,76750
20240213,09:59:56,0.65,1300,76750
20240213,10:00:23,0.6,1300,76750
20240213,10:00:33,0.6,150,76750
20240213,10:00:56,0.6,250,75000
20240213,10:00:58,0.6,100,75000
20240213,10:00:59,0.6,900,75000
20240213,10:03:08,0.65,250,75000
20240213,10:03:54,0.6,450,74350
20240213,10:04:14,0.6,450,74350
20240213,10:05:31,0.6,800,74350
20240213,10:05:50,0.6,250,74350
20240213,10:06:06,0.6,50,74350
20240213,10:07:31,0.6,50,74350
20240213,10:07:34,0.6,2050,73700
20240213,10:07:38,0.6,50,73700
20240213,10:07:49,0.55,50,73700
20240213,10:07:53,0.6,50,73700
20240213,10:10:56,0.65,450,73700
20240213,10:10:57,0.65,550,75000
20240213,10:10:59,0.65,250,75000
20240213,10:11:05,0.65,100,75000
20240213,10:11:31,0.65,100,75000
20240213,10:13:07,0.6,100,74150
20240213,10:13:38,0.65,500,74150
20240213,10:14:25,0.65,150,74150
20240213,10:14:56,0.65,250,74150
20240213,10:15:15,0.6,200,74150
20240213,10:16:00,0.7,800,74150
20240213,10:16:05,0.7,250,73200
20240213,10:16:11,0.7,1200,73200
20240213,10:16:46,0.65,750,73200
20240213,10:20:00,0.6,1400,73200
20240213,10:20:06,0.65,250,72350
20240213,10:21:32,0.55,350,72350
20240213,10:23:18,0.6,750,72350
20240213,10:23:25,0.6,50,72050
20240213,10:24:30,0.6,250,72050
20240213,10:25:50,0.6,550,72350
20240213,10:25:51,0.6,100,72350
20240213,10:26:54,0.6,250,72350
20240213,10:27:07,0.6,250,72350
20240213,10:28:11,0.6,300,72950
20240213,10:28:20,0.6,50,72950
20240213,10:29:17,0.6,50,72950
20240213,10:29:18,0.6,50,72950
20240213,10:29:26,0.55,100,72950
20240213,10:29:43,0.6,750,72950
20240213,10:29:52,0.6,50,72950
20240213,10:29:53,0.6,50,72950
20240213,10:29:55,0.6,250,72950
20240213,10:32:04,0.6,50,72950
20240213,10:32:54,0.6,250,72300
20240213,10:34:11,0.6,1800,72550
20240213,10:34:11,0.65,1800,72550
20240213,10:34:42,0.65,500,72550
20240213,10:34:54,0.6,100,72550
20240213,10:35:35,0.6,1800,72550
20240213,10:36:00,0.6,250,72550
20240213,10:37:06,0.6,1750,72550
20240213,10:39:12,0.6,50,70850
20240213,10:39:18,0.6,50,70850
20240213,10:40:03,0.6,150,70850
20240213,10:41:42,0.6,50,70450
20240213,10:43:08,0.6,50,70500
20240213,10:43:59,0.6,50,70500
20240213,10:44:21,0.6,50,70500
20240213,10:44:22,0.6,50,70500
20240213,10:44:52,0.6,100,70500
20240213,10:45:47,0.65,450,70800
20240213,10:47:24,0.65,900,70800
20240213,10:48:29,0.65,150,70800
20240213,10:48:59,0.6,1050,71100
20240213,10:49:01,0.6,100,71100
20240213,10:50:29,0.65,1800,71100
20240213,10:50:57,0.65,100,71100
20240213,10:50:58,0.65,50,71100
20240213,10:51:08,0.65,1800,71100
20240213,10:52:12,0.7,100,71100
20240213,10:52:14,0.7,100,69300
20240213,10:52:16,0.7,1800,69300
20240213,10:52:22,0.7,400,69300
20240213,10:53:18,0.75,2850,69300
20240213,10:54:15,0.65,50,69300
20240213,10:56:20,0.65,300,65400
20240213,10:56:24,0.65,50,65400
20240213,10:57:15,0.65,50,65400
20240213,10:58:33,0.65,50,65400
20240213,10:58:53,0.65,50,65150
20240213,10:58:54,0.65,50,65150
20240213,10:59:22,0.65,350,65150
20240213,10:59:27,0.65,50,65150
20240213,11:01:01,0.65,50,65150
20240213,11:01:01,0.65,50,65300
20240213,11:01:02,0.65,50,65300
20240213,11:01:03,0.65,50,65300
20240213,11:01:04,0.65,50,65300
20240213,11:01:35,0.65,100,65300
20240213,11:03:50,0.65,50,65300
20240213,11:03:57,0.65,100,65550
20240213,11:06:16,0.7,50,65550
20240213,11:06:32,0.6,50,65550
20240213,11:06:52,0.6,50,65600
20240213,11:07:56,0.65,150,65600
20240213,11:07:59,0.65,250,65600
20240213,11:08:21,0.7,150,65600
20240213,11:09:01,0.65,100,65600
20240213,11:09:24,0.65,150,65600
20240213,11:10:26,0.7,1800,65100
20240213,11:11:26,0.65,50,65100
20240213,11:13:08,0.7,2350,65100
20240213,11:13:09,0.75,2300,64800
20240213,11:15:58,0.7,50,64800
20240213,11:16:15,0.7,250,61750
20240213,11:17:57,0.7,450,61750
20240213,11:19:37,0.65,500,61750
20240213,11:19:50,0.65,700,62000
20240213,11:22:08,0.7,950,62000
20240213,11:22:53,0.65,100,62000
20240213,11:23:13,0.75,50,62000
20240213,11:26:43,0.65,550,61950
20240213,11:26:50,0.65,850,61950
20240213,11:29:56,0.65,100,61950
20240213,11:30:56,0.65,100,61000
20240213,11:31:29,0.65,50,61000
20240213,11:33:23,0.7,50,61000
20240213,11:34:37,0.7,50,60900
20240213,11:36:12,0.65,50,60900
20240213,11:37:40,0.65,100,60950
20240213,11:39:43,0.65,250,60950
20240213,11:41:18,0.65,650,60950
20240213,11:42:05,0.6,100,60900
20240213,11:42:10,0.6,1800,60900
20240213,11:42:12,0.7,50,60900
20240213,11:42:25,0.65,50,60900
20240213,11:48:41,0.65,3300,60900
20240213,11:49:27,0.65,50,62200
20240213,11:53:05,0.65,50,64900
20240213,11:53:55,0.6,50,64950
20240213,11:56:14,0.6,100,65000
20240213,11:57:38,0.6,100,65000
20240213,11:57:47,0.6,1800,65000
20240213,11:58:05,0.6,1000,66600
20240213,12:01:03,0.65,250,67350
20240213,12:06:36,0.65,150,67100
20240213,12:08:59,0.65,100,67100
20240213,12:09:23,0.6,1600,67100
20240213,12:11:14,0.6,1800,67100
20240213,12:11:16,0.6,100,67000
20240213,12:15:05,0.6,50,65100
20240213,12:15:24,0.55,500,65100
20240213,12:20:16,0.55,200,65100
20240213,12:20:17,0.55,100,64850
20240213,12:29:12,0.55,250,64850
20240213,12:31:05,0.55,250,64550
20240213,12:43:20,0.55,150,64550
20240213,12:46:52,0.55,100,64300
20240213,12:51:59,0.55,250,64050
20240213,12:55:29,0.6,50,63800
20240213,12:57:03,0.55,50,63800
20240213,12:59:54,0.6,3600,63750
20240213,13:03:38,0.65,1800,62700
20240213,13:03:57,0.6,50,62700
20240213,13:04:42,0.6,1000,62750
20240213,13:28:16,0.55,100,62750
20240213,13:34:38,0.6,50,62800
20240213,13:37:46,0.65,500,62650
20240213,13:39:17,0.6,100,62650
20240213,13:41:11,0.6,1800,62650
20240213,13:41:20,0.6,50,63050
20240213,13:41:34,0.65,1950,63050
20240213,13:48:43,0.6,50,63050
20240213,13:59:08,0.6,100,62200
20240213,14:01:01,0.65,1150,62200
20240213,14:05:29,0.65,2150,62200
20240213,14:05:32,0.65,50,61700
20240213,14:05:58,0.7,50,61700
20240213,14:06:25,0.65,200,61700
20240213,14:07:12,0.6,50,61700
20240213,14:08:20,0.6,100,61700
20240213,14:11:19,0.6,1600,60350
20240213,14:11:38,0.7,1600,60350
20240213,14:12:50,0.7,50,60350
20240213,14:13:47,0.7,50,60900
20240213,14:13:49,0.7,50,60900
20240213,14:15:16,0.6,400,60900
20240213,14:15:21,0.6,100,60900
20240213,14:15:26,0.6,50,60900
20240213,14:15:30,0.6,50,60900
20240213,14:15:40,0.6,50,60900
20240213,14:15:42,0.6,50,60900
20240213,14:15:44,0.6,50,60900
20240213,14:17:23,0.55,450,60600
20240213,14:19:15,0.55,50,60150
20240213,14:22:13,0.6,100,60150
20240213,14:30:11,0.55,500,60150
20240213,14:30:42,0.6,500,60000
20240213,14:33:51,0.65,50,60000
20240213,14:34:08,0.6,350,59500
20240213,14:35:53,0.6,1400,59500
20240213,14:35:55,0.6,50,59400
20240213,14:36:07,0.65,250,59400
20240213,14:36:44,0.6,750,59400
20240213,14:36:58,0.65,950,59400
20240213,14:37:28,0.6,50,56900
20240213,14:40:18,0.7,250,56900
20240213,14:41:19,0.6,1600,56900
20240213,14:41:37,0.65,150,56850
20240213,14:41:42,0.65,600,56850
20240213,14:42:05,0.6,200,56850
20240213,14:43:39,0.65,500,56000
20240213,14:45:07,0.7,350,56000
20240213,14:45:23,0.7,650,56000
20240213,14:45:26,0.65,900,56000
20240213,14:46:07,0.7,100,56000
20240213,14:46:25,0.65,250,56000
20240213,14:46:26,0.65,50,56750
20240213,14:46:27,0.65,50,56750
20240213,14:46:28,0.65,150,56750
20240213,14:46:30,0.65,100,56750
20240213,14:46:31,0.65,50,56750
20240213,14:47:14,0.65,50,56750
20240213,14:47:16,0.65,250,56750
20240213,14:47:39,0.65,50,56750
20240213,14:48:42,0.65,50,56750
20240213,14:48:56,0.65,350,56750
20240213,14:48:57,0.65,100,56750
20240213,14:50:11,0.65,650,56750
20240213,14:50:23,0.6,100,57150
20240213,14:50:29,0.65,650,57150
20240213,14:53:55,0.75,500,57450
20240213,14:54:20,0.65,50,57450
20240213,14:54:22,0.7,50,57450
20240213,14:54:24,0.75,1050,57450
20240213,14:54:53,0.7,50,57450
20240213,14:55:27,0.75,1400,58600
20240213,14:55:31,0.7,700,58600
20240213,14:55:33,0.7,50,58600
20240213,14:55:35,0.7,50,58600
20240213,14:55:36,0.7,50,58600
20240213,14:55:37,0.75,900,58600
20240213,14:55:39,0.8,200,58600
20240213,14:55:40,0.8,50,58600
20240213,14:55:43,0.8,1000,58600
20240213,14:55:44,0.75,100,58600
20240213,14:55:47,0.75,800,58600
20240213,14:55:48,0.75,100,58600
20240213,14:55:53,0.75,100,58600
20240213,14:55:54,0.7,500,58600
20240213,14:55:55,0.7,500,58600
20240213,14:55:57,0.75,200,58600
20240213,14:56:01,0.7,300,58600
20240213,14:56:09,0.75,200,58600
20240213,14:56:14,0.75,100,58600
20240213,14:56:58,0.75,100,58600
20240213,14:57:04,0.75,100,58600
20240213,14:57:08,0.7,400,58600
20240213,14:57:12,0.75,100,58600
20240213,14:57:14,0.8,50,58600
20240213,14:57:17,0.75,100,58600
20240213,14:57:21,0.75,100,58600
20240213,14:57:26,0.75,100,58600
20240213,14:57:30,0.75,100,58600
20240213,14:57:34,0.75,100,58600
20240213,14:57:34,0.7,250,58600
20240213,14:57:37,0.75,100,58600
20240213,14:57:54,0.75,1800,58600
20240213,14:57:58,0.75,100,58600
20240213,14:58:02,0.75,200,58600
20240213,14:58:05,0.75,100,58600
20240213,14:58:15,0.75,100,58600
20240213,14:59:18,0.75,700,58600
20240213,14:59:25,0.75,250,63250
20240213,14:59:31,0.7,500,63250
20240213,14:59:33,0.7,500,63250
20240213,14:59:33,0.75,2050,63250
20240213,14:59:40,0.7,500,63250
20240213,14:59:50,0.7,500,63250
20240213,15:00:09,0.7,850,63250
20240213,15:00:12,0.7,300,63250
20240213,15:00:13,0.7,50,63250
20240213,15:00:14,0.7,50,63250
20240213,15:01:03,0.75,50,63250
20240213,15:01:37,0.7,300,62400
20240213,15:01:43,0.7,50,62400
20240213,15:01:44,0.75,500,62400
20240213,15:01:51,0.7,500,62400
20240213,15:02:04,0.7,700,62400
20240213,15:02:06,0.75,250,62400
20240213,15:02:10,0.75,250,62400
20240213,15:02:41,0.75,50,62400
20240213,15:02:50,0.75,50,62400
20240213,15:02:51,0.75,50,62400
20240213,15:02:52,0.75,300,62400
20240213,15:02:53,0.75,50,62400
20240213,15:02:54,0.75,50,62400
20240213,15:03:02,0.75,50,62400
20240213,15:03:07,0.75,50,62400
20240213,15:03:08,0.75,200,62400
20240213,15:03:22,0.75,500,62400
20240213,15:03:23,0.75,50,62400
20240213,15:03:27,0.75,50,62400
20240213,15:03:28,0.75,250,62400
20240213,15:03:30,0.75,500,62400
20240213,15:03:37,0.75,900,62400
20240213,15:03:38,0.8,50,62400
20240213,15:03:40,0.8,550,62400
20240213,15:03:41,0.8,200,62400
20240213,15:03:42,0.8,50,62400
20240213,15:03:44,0.8,450,62400
20240213,15:03:45,0.8,50,62400
20240213,15:03:47,0.8,50,62400
20240213,15:03:48,0.75,2300,62400
20240213,15:03:49,0.8,50,62400
20240213,15:03:51,0.8,100,62400
20240213,15:03:52,0.8,150,62400
20240213,15:03:53,0.8,50,62400
20240213,15:03:58,0.75,800,62400
20240213,15:04:27,0.8,1900,63450
20240213,15:06:18,0.8,300,63450
20240213,15:06:20,0.85,1400,63450
20240213,15:06:21,0.95,2300,63450
20240213,15:06:26,0.95,100,63450
20240213,15:06:58,0.8,900,63450
20240213,15:07:02,0.85,300,63450
20240213,15:07:03,0.85,100,63450
20240213,15:07:04,0.9,800,63450
20240213,15:07:08,0.9,800,63450
20240213,15:07:11,0.85,100,63450
20240213,15:07:11,0.85,400,63450
20240213,15:07:15,0.85,300,63450
20240213,15:07:16,0.85,100,63450
20240213,15:07:37,0.85,400,63450
20240213,15:07:37,0.8,100,69100
20240213,15:08:03,0.8,200,69100
20240213,15:08:06,0.8,500,69100
20240213,15:08:32,0.8,500,69100
20240213,15:08:46,0.8,50,69100
20240213,15:08:47,0.8,50,69100
20240213,15:08:48,0.8,50,69100
20240213,15:08:49,0.8,50,69100
20240213,15:08:50,0.8,50,69100
20240213,15:08:51,0.8,700,69100
20240213,15:08:52,0.8,100,69100
20240213,15:09:18,0.8,50,69100
20240213,15:09:19,0.8,50,69100
20240213,15:09:20,0.8,50,69100
20240213,15:09:21,0.8,50,69100
20240213,15:09:22,0.8,100,69100
20240213,15:09:37,0.85,400,69100
20240213,15:09:52,0.85,600,69100
20240213,15:10:28,0.8,500,69750
20240213,15:10:37,0.85,200,69750
20240213,15:10:52,0.85,600,69750
20240213,15:11:17,0.75,500,69750
20240213,15:11:28,0.8,100,69750
20240213,15:11:32,0.75,700,69750
20240213,15:11:34,0.75,100,69750
20240213,15:11:35,0.75,300,69750
20240213,15:11:37,0.75,100,69750
20240213,15:11:38,0.75,300,69750
20240213,15:11:54,0.75,300,69750
20240213,15:12:54,0.75,150,69750
20240213,15:12:55,0.75,300,69750
20240213,15:12:56,0.75,200,69750
20240213,15:13:29,0.8,500,69750
20240213,15:13:30,0.75,500,70450
20240213,15:13:33,0.75,700,70450
20240213,15:13:36,0.75,300,70450
20240213,15:13:36,0.75,100,70450
20240213,15:14:22,0.85,750,70450
20240213,15:15:24,0.75,100,70450
20240213,15:15:47,0.8,150,70450
20240213,15:16:07,0.85,800,70450
20240213,15:16:45,0.75,500,70450
20240213,15:16:46,0.75,700,71050
20240213,15:16:47,0.75,300,71050
20240213,15:16:49,0.75,600,71050
20240213,15:16:55,0.8,250,71050
20240213,15:17:08,0.8,400,71050
20240213,15:17:14,0.75,200,71050
20240213,15:17:43,0.75,250,71050
20240213,15:17:48,0.85,650,71050
20240213,15:17:53,0.75,50,71050
20240213,15:18:02,0.8,100,71050
20240213,15:18:04,0.8,100,71050
20240213,15:18:06,0.8,200,71050
20240213,15:18:07,0.85,250,71050
20240213,15:18:12,0.8,100,71050
20240213,15:18:16,0.8,400,71050
20240213,15:18:51,0.75,1000,71050
20240213,15:19:29,0.75,600,71750
20240213,15:20:05,0.75,50,71750
20240213,15:20:13,0.75,100,71750
20240213,15:20:21,0.8,100,71750
20240213,15:20:37,0.8,500,71750
20240213,15:21:02,0.75,100,71750
20240213,15:21:22,0.75,100,71750
20240213,15:22:16,0.75,400,71750
20240213,15:22:22,0.7,50,71750
20240213,15:23:18,0.75,400,71750
20240213,15:23:54,0.7,100,71750
20240213,15:24:42,0.7,150,71750
20240213,15:25:04,0.65,100,71750
20240213,15:25:06,0.7,100,71750
20240213,15:25:08,0.65,100,71750
20240213,15:25:27,0.65,250,71550
20240213,15:25:38,0.65,50,71550
20240213,15:25:41,0.65,100,71550
20240213,15:26:07,0.7,350,71550
20240213,15:26:27,0.65,950,71550
20240213,15:27:25,0.6,150,71550
20240213,15:27:31,0.65,650,71550
20240213,15:27:34,0.8,100,71550
20240213,15:27:37,0.65,1350,71550
20240213,15:27:39,0.65,600,71550
20240213,15:27:40,0.65,100,71550
20240213,15:27:41,0.65,100,71550
20240213,15:27:52,0.85,500,71550
20240213,15:27:53,0.65,500,71550
20240213,15:28:03,0.7,50,71550
20240213,15:28:06,0.75,250,71550
20240213,15:28:13,0.65,200,71550
20240213,15:28:29,0.65,800,72700
20240213,15:28:39,0.85,450,72700
20240213,15:28:40,0.65,100,72700
20240213,15:28:45,0.7,600,72700
20240213,15:28:50,0.65,900,72700
20240213,15:28:52,0.65,600,72700
20240213,15:28:57,0.65,100,72700
20240213,15:29:00,0.7,500,72700
20240213,15:29:18,0.75,400,72700
20240213,15:29:24,0.65,200,72700
20240213,15:29:25,0.65,350,72700
20240213,15:29:40,0.75,250,72700
20240213,15:29:43,0.75,300,72700
20240213,15:30:00,0.7,100,72700
20240214,09:15:01,0.7,1,75350
20240214,09:15:01,0.7,50,75350
20240214,09:15:05,0.85,300,75350
20240214,09:15:14,0.85,250,75350
20240214,09:15:22,1.05,250,75350
20240214,09:15:35,1.05,100,75350
20240214,09:15:36,0.55,1000,75500
20240214,09:15:37,0.6,200,75500
20240214,09:15:39,0.7,500,75500
20240214,09:15:41,0.65,100,75500
20240214,09:15:58,0.65,50,75500
20240214,09:16:03,0.65,850,75500
20240214,09:16:04,0.65,500,75500
20240214,09:16:06,0.65,100,75500
20240214,09:16:13,0.6,2000,75500
20240214,09:16:24,0.6,200,75500
20240214,09:16:30,0.55,450,75500
20240214,09:16:31,0.6,50,75500
20240214,09:16:36,0.6,2150,75500
20240214,09:16:49,0.6,50,75500
20240214,09:16:55,0.6,50,75500
20240214,09:17:00,0.6,50,75500
20240214,09:17:05,0.6,50,75500
20240214,09:17:10,0.6,50,75500
20240214,09:17:21,0.6,400,75500
20240214,09:17:40,0.55,750,75500
20240214,09:18:07,0.55,300,75500
20240214,09:19:12,0.6,50,78450
20240214,09:19:19,0.55,150,78450
20240214,09:19:31,0.5,300,78450
20240214,09:19:31,0.5,850,78450
20240214,09:19:33,0.55,100,78450
20240214,09:19:34,0.55,50,78450
20240214,09:19:35,0.55,50,78450
20240214,09:19:39,0.5,900,78450
20240214,09:19:40,0.55,2950,78450
20240214,09:19:49,0.55,100,78450
20240214,09:20:07,0.55,150,78450
20240214,09:20:08,0.45,2350,78450
20240214,09:20:12,0.55,50,78450
20240214,09:20:47,0.6,150,78450
20240214,09:20:58,0.6,150,78450
20240214,09:21:02,0.6,200,78450
20240214,09:21:11,0.65,100,78450
20240214,09:22:11,0.55,850,80000
20240214,09:22:26,0.55,100,80000
20240214,09:22:35,0.55,250,80000
20240214,09:22:49,0.55,500,80000
20240214,09:23:18,0.55,500,80000
20240214,09:23:37,0.55,1000,80000
20240214,09:24:08,0.5,1600,80000
20240214,09:24:30,0.5,1100,80000
20240214,09:24:48,0.5,900,80000
20240214,09:27:02,0.5,1000,83150
20240214,09:27:13,0.5,600,83150
20240214,09:29:03,0.4,1100,84150
20240214,09:29:14,0.4,300,84150
20240214,09:29:19,0.45,1250,84150
20240214,09:29:29,0.45,1050,84150
20240214,09:29:39,0.45,4050,84150
20240214,09:29:59,0.45,1250,84150
20240214,09:30:09,0.45,1250,84150
20240214,09:30:19,0.4,2000,84150
20240214,09:30:22,0.45,550,84150
20240214,09:31:19,0.4,350,84300
20240214,09:31:21,0.4,600,84300
20240214,09:31:35,0.45,250,84300
20240214,09:32:34,0.4,250,84300
20240214,09:32:36,0.4,2000,84300
20240214,09:32:44,0.4,1250,84300
20240214,09:32:54,0.4,450,84300
20240214,09:33:15,0.45,1150,84300
20240214,09:33:24,0.4,3700,84300
20240214,09:33:34,0.4,700,84300
20240214,09:33:44,0.4,300,84300
20240214,09:33:54,0.35,2950,84250
20240214,09:34:02,0.35,100,84250
20240214,09:34:14,0.35,2400,84250
20240214,09:34:16,0.45,1500,84250
20240214,09:34:17,0.45,1600,84250
20240214,09:34:18,0.4,2700,84250
20240214,09:34:29,0.45,50,84250
20240214,09:34:34,0.4,2900,84250
20240214,09:35:16,0.4,500,84250
20240214,09:35:24,0.4,1300,84250
20240214,09:35:51,0.4,6300,84250
20240214,09:36:49,0.35,200,79400
20240214,09:36:53,0.35,1500,79400
20240214,09:36:54,0.35,900,79400
20240214,09:36:55,0.35,50,79400
20240214,09:39:44,0.35,1250,80200
20240214,09:39:44,0.35,1200,80200
20240214,09:39:50,0.4,250,80200
20240214,09:39:52,0.4,250,80200
20240214,09:39:54,0.4,50,80200
20240214,09:39:56,0.4,200,80200
20240214,09:40:04,0.35,2450,80200
20240214,09:40:16,0.35,500,80200
20240214,09:40:32,0.4,500,80200
20240214,09:42:01,0.4,1000,80200
20240214,09:42:14,0.4,1000,80200
20240214,09:42:34,0.35,5200,80200
20240214,09:42:38,0.35,250,80200
20240214,09:42:39,0.4,550,80200
20240214,09:43:21,0.4,1000,82100
20240214,09:43:23,0.35,300,82100
20240214,09:45:37,0.4,50,82100
20240214,09:47:22,0.35,450,81900
20240214,09:48:46,0.35,1200,81900
20240214,09:48:46,0.3,1800,81900
20240214,09:48:48,0.3,50,81900
20240214,09:50:22,0.4,50,81900
20240214,09:51:19,0.4,100,81900
20240214,09:51:27,0.4,300,81900
20240214,09:51:29,0.4,250,81900
20240214,09:51:47,0.4,250,83600
20240214,09:53:35,0.4,600,83600
20240214,09:54:22,0.4,200,83600
20240214,09:54:30,0.4,2550,83600
20240214,09:54:32,0.4,100,83600
20240214,09:54:35,0.4,250,83600
20240214,09:54:42,0.4,250,83600
20240214,09:55:11,0.4,600,81400
20240214,09:55:13,0.4,1550,81400
20240214,09:55:21,0.4,2900,81400
20240214,09:55:31,0.4,50,81400
20240214,09:58:26,0.4,250,81400
20240214,09:59:13,0.4,1000,77250
20240214,10:01:03,0.35,50,77250
20240214,10:02:50,0.35,50,76200
20240214,10:03:22,0.4,500,76200
20240214,10:04:10,0.4,300,76200
20240214,10:04:47,0.4,50,76600
20240214,10:05:07,0.35,50,76600
20240214,10:05:09,0.4,150,76600
20240214,10:05:11,0.4,250,76600
20240214,10:06:03,0.4,50,76600
20240214,10:06:40,0.35,200,76600
20240214,10:06:56,0.35,200,76050
20240214,10:08:44,0.4,50,76050
20240214,10:09:31,0.35,50,76050
20240214,10:10:17,0.4,2550,76050
20240214,10:11:06,0.4,2550,76100
20240214,10:13:37,0.45,400,76100
20240214,10:13:53,0.4,400,72350
20240214,10:14:18,0.4,250,72350
20240214,10:14:31,0.4,2000,72350
20240214,10:14:32,0.4,1800,72350
20240214,10:15:06,0.35,400,72350
20240214,10:15:09,0.45,150,72350
20240214,10:15:12,0.45,100,72350
20240214,10:15:13,0.45,50,72350
20240214,10:15:16,0.45,100,72350
20240214,10:15:21,0.45,50,72350
20240214,10:15:26,0.4,50,72350
20240214,10:15:27,0.4,350,72350
20240214,10:15:28,0.4,50,72350
20240214,10:15:32,0.4,50,72350
20240214,10:15:33,0.45,650,72350
20240214,10:15:34,0.45,450,72350
20240214,10:15:35,0.45,150,72350
20240214,10:15:40,0.45,2100,72350
20240214,10:16:43,0.45,1250,69000
20240214,10:16:44,0.45,900,69000
20240214,10:17:34,0.45,800,69000
20240214,10:17:35,0.45,50,69000
20240214,10:17:36,0.45,1050,69000
20240214,10:17:37,0.5,2600,69000
20240214,10:17:38,0.5,700,69000
20240214,10:17:39,0.5,3400,69000
20240214,10:17:40,0.5,150,69000
20240214,10:17:42,0.5,600,69000
20240214,10:17:43,0.5,200,69000
20240214,10:17:44,0.5,250,69000
20240214,10:17:45,0.5,4450,69000
20240214,10:17:46,0.5,1000,69000
20240214,10:17:48,0.5,500,69000
20240214,10:17:55,0.55,50,69000
20240214,10:18:02,0.55,1000,69000
20240214,10:18:02,0.55,50,69000
20240214,10:18:06,0.55,300,69000
20240214,10:18:12,0.55,100,69000
20240214,10:18:21,0.55,350,69000
20240214,10:18:25,0.55,50,69000
20240214,10:18:26,0.55,200,69000
20240214,10:18:29,0.55,400,69000
20240214,10:18:34,0.55,900,69000
20240214,10:18:37,0.55,600,69000
20240214,10:18:44,0.55,500,67850
20240214,10:18:45,0.55,500,67850
20240214,10:18:52,0.55,950,67850
20240214,10:18:54,0.6,1800,67850
20240214,10:18:57,0.65,700,67850
20240214,10:19:00,0.65,700,67850
20240214,10:19:04,0.6,50,67850
20240214,10:19:07,0.65,150,67850
20240214,10:19:16,0.65,50,67850
20240214,10:19:18,0.6,100,67850
20240214,10:19:20,0.65,50,67850
20240214,10:19:21,0.6,50,67850
20240214,10:19:36,0.6,1000,67850
20240214,10:19:38,0.6,250,67850
20240214,10:19:42,0.65,50,67850
20240214,10:19:52,0.6,50,67850
20240214,10:19:55,0.65,50,67850
20240214,10:19:59,0.65,450,67850
20240214,10:20:00,0.65,1800,67850
20240214,10:20:03,0.65,400,67850
20240214,10:20:05,0.65,400,67850
20240214,10:20:06,0.65,200,67850
20240214,10:20:08,0.65,300,67850
20240214,10:20:15,0.6,250,67850
20240214,10:20:16,0.65,100,67850
20240214,10:20:17,0.6,50,67850
20240214,10:20:23,0.65,500,67850
20240214,10:20:26,0.6,50,67850
20240214,10:20:28,0.65,100,67850
20240214,10:20:51,0.65,300,67850
20240214,10:20:52,0.6,200,67850
20240214,10:20:54,0.65,100,67850
20240214,10:20:56,0.6,600,67850
20240214,10:20:57,0.65,50,67850
20240214,10:20:59,0.65,50,67850
20240214,10:21:13,0.6,50,67850
20240214,10:21:13,0.6,100,67850
20240214,10:22:01,0.6,150,70200
20240214,10:22:03,0.6,800,70200
20240214,10:22:05,0.6,200,70200
20240214,10:22:12,0.6,500,70200
20240214,10:22:13,0.6,2000,70200
20240214,10:22:17,0.55,250,70200
20240214,10:22:27,0.55,400,70200
20240214,10:23:20,0.55,450,70200
20240214,10:23:21,0.55,500,70200
20240214,10:23:22,0.6,550,70200
20240214,10:23:23,0.6,1150,70200
20240214,10:23:24,0.6,650,70200
20240214,10:23:25,0.65,750,70200
20240214,10:23:27,0.6,450,70200
20240214,10:23:28,0.65,600,70200
20240214,10:23:29,0.65,500,70200
20240214,10:23:30,0.6,150,70200
20240214,10:23:31,0.6,550,70200
20240214,10:23:32,0.7,600,70200
20240214,10:23:34,0.7,300,70200
20240214,10:23:36,0.6,900,70200
20240214,10:23:37,0.7,300,70200
20240214,10:23:38,0.6,300,70200
20240214,10:23:40,0.65,2050,70200
20240214,10:23:41,0.75,1850,70200
20240214,10:23:43,0.75,2550,70200
20240214,10:23:43,0.75,50,70200
20240214,10:23:44,0.75,1400,70200
20240214,10:23:46,0.65,50,70200
20240214,10:23:46,0.65,750,70200
20240214,10:23:47,0.6,500,70200
20240214,10:23:48,0.65,200,70200
20240214,10:23:49,0.65,50,70200
20240214,10:23:54,0.75,50,70200
20240214,10:23:56,0.65,50,70200
20240214,10:23:57,0.65,150,70200
20240214,10:23:59,0.75,250,70200
20240214,10:24:00,0.75,50,70200
20240214,10:24:01,0.8,200,70200
20240214,10:24:02,0.8,50,70200
20240214,10:24:03,0.65,100,70200
20240214,10:24:04,0.8,350,70200
20240214,10:24:05,0.7,1550,70200
20240214,10:24:09,0.7,1900,70200
20240214,10:24:11,0.75,300,70200
20240214,10:24:11,0.7,150,70200
20240214,10:24:12,0.75,450,70200
20240214,10:24:13,0.75,350,70200
20240214,10:24:14,0.7,800,70200
20240214,10:24:16,0.7,250,70200
20240214,10:24:19,0.75,900,70200
20240214,10:24:31,0.7,450,70200
20240214,10:24:34,0.7,50,70200
20240214,10:24:39,0.7,50,70200
20240214,10:24:44,0.7,300,70200
20240214,10:24:49,0.7,250,70200
20240214,10:25:04,0.7,150,71250
20240214,10:25:18,0.75,500,71250
20240214,10:25:25,0.75,50,71250
20240214,10:25:31,0.65,50,71250
20240214,10:25:36,0.65,400,71250
20240214,10:25:37,0.7,1250,71250
20240214,10:26:23,0.7,150,71250
20240214,10:26:37,0.75,300,71250
20240214,10:26:38,0.7,150,71250
20240214,10:26:39,0.75,150,71250
20240214,10:27:10,0.75,50,71250
20240214,10:27:14,0.75,250,71250
20240214,10:27:28,0.7,1800,71250
20240214,10:28:00,0.75,300,71250
20240214,10:28:02,0.75,850,69600
20240214,10:28:10,0.75,50,69600
20240214,10:28:31,0.7,1400,69600
20240214,10:28:35,0.7,50,69600
20240214,10:28:43,0.75,1750,69600
20240214,10:28:44,0.75,450,69600
20240214,10:28:45,0.75,250,69600
20240214,10:28:46,0.75,50,69600
20240214,10:28:47,0.7,900,69600
20240214,10:28:49,0.7,50,69600
20240214,10:28:50,0.7,350,69600
20240214,10:29:03,0.75,250,69600
20240214,10:29:05,0.7,150,69600
20240214,10:29:14,0.7,250,69600
20240214,10:29:15,0.7,900,69600
20240214,10:29:16,0.7,150,69600
20240214,10:29:24,0.7,750,69600
20240214,10:29:28,0.7,150,69600
20240214,10:29:32,0.7,450,69600
20240214,10:29:38,0.7,200,69600
20240214,10:29:41,0.7,100,69600
20240214,10:29:43,0.75,100,69600
20240214,10:29:53,0.7,650,69600
20240214,10:29:54,0.75,1800,69600
20240214,10:29:56,0.7,50,69600
20240214,10:29:57,0.7,200,69600
20240214,10:29:58,0.7,950,69600
20240214,10:29:59,0.7,150,69600
20240214,10:30:01,0.7,100,69600
20240214,10:30:02,0.75,50,69600
20240214,10:30:15,0.75,800,69600
20240214,10:30:16,0.75,450,69600
20240214,10:31:13,0.7,1800,66700
20240214,10:31:44,0.7,700,66700
20240214,10:31:45,0.7,1400,66700
20240214,10:32:13,0.75,300,66700
20240214,10:32:40,0.7,850,66700
20240214,10:32:41,0.7,50,66700
20240214,10:36:24,0.75,400,66750
20240214,10:40:31,0.7,300,66850
20240214,10:41:21,0.7,500,66850
20240214,10:41:27,0.65,250,66850
20240214,10:42:16,0.65,100,66850
20240214,10:44:55,0.65,1150,66200
20240214,10:47:24,0.6,300,66200
20240214,10:47:31,0.6,200,65450
20240214,10:47:37,0.6,200,65450
20240214,10:47:44,0.6,400,65450
20240214,10:47:47,0.6,50,65450
20240214,10:47:48,0.6,150,65450
20240214,10:47:53,0.6,100,65450
20240214,10:48:04,0.6,400,65450
20240214,10:48:41,0.65,100,65450
20240214,10:49:18,0.6,50,64750
20240214,10:49:21,0.6,250,64750
20240214,10:50:11,0.65,50,64750
20240214,10:50:58,0.6,1650,64750
20240214,10:51:05,0.6,250,64750
20240214,10:51:09,0.6,750,64750
20240214,10:51:15,0.6,200,64750
20240214,10:52:16,0.6,50,63500
20240214,10:52:22,0.65,600,63500
20240214,10:52:43,0.6,500,63500
20240214,10:53:07,0.65,50,63500
20240214,10:53:19,0.6,100,63500
20240214,10:53:49,0.65,1350,63500
20240214,10:53:58,0.65,50,63500
20240214,10:54:21,0.65,600,63500
20240214,10:55:16,0.7,1500,62300
20240214,10:55:20,0.7,150,62300
20240214,10:55:41,0.75,250,62300
20240214,10:56:04,0.7,150,62300
20240214,10:56:05,0.7,500,62300
20240214,10:56:47,0.7,50,62300
20240214,10:56:49,0.7,50,62300
20240214,10:57:01,0.7,350,62300
20240214,10:57:02,0.7,50,62300
20240214,10:57:05,0.7,400,62300
20240214,10:57:25,0.75,2700,62300
20240214,10:57:26,0.75,450,62300
20240214,10:57:26,0.75,400,62300
20240214,10:58:16,0.7,400,61450
20240214,10:58:20,0.75,500,61450
20240214,10:58:52,0.75,50,61450
20240214,10:58:58,0.7,50,61450
20240214,10:59:04,0.75,600,61450
20240214,11:00:58,0.75,50,61450
20240214,11:01:01,0.75,50,61950
20240214,11:02:19,0.75,350,61950
20240214,11:02:37,0.75,250,61950
20240214,11:04:59,0.7,50,61950
20240214,11:06:58,0.7,50,61550
20240214,11:07:09,0.7,1100,61550
20240214,11:07:39,0.7,200,61550
20240214,11:12:17,0.7,1600,61550
20240214,11:12:20,0.6,2100,60350
20240214,11:12:54,0.65,650,60350
20240214,11:13:07,0.7,200,61400
20240214,11:13:08,0.7,200,61400
20240214,11:13:13,0.7,250,61400
20240214,11:13:14,0.7,50,61400
20240214,11:13:20,0.6,900,61400
20240214,11:13:20,0.6,100,61400
20240214,11:13:21,0.6,3000,61400
20240214,11:13:22,0.6,100,61400
20240214,11:13:34,0.6,300,61400
20240214,11:14:06,0.6,200,61400
20240214,11:14:07,0.6,200,61400
20240214,11:14:10,0.65,350,61400
20240214,11:14:17,0.6,500,61400
20240214,11:15:12,0.55,700,61400
20240214,11:17:02,0.6,100,61400
20240214,11:19:28,0.6,50,63550
20240214,11:20:35,0.6,50,63550
20240214,11:20:56,0.55,50,63550
20240214,11:21:04,0.6,550,63550
20240214,11:21:15,0.6,200,63550
20240214,11:21:18,0.6,50,63550
20240214,11:21:25,0.65,1050,63550
20240214,11:21:26,0.65,50,63550
20240214,11:21:27,0.65,50,63550
20240214,11:21:28,0.65,250,63550
20240214,11:21:29,0.65,250,63550
20240214,11:21:32,0.65,50,63550
20240214,11:21:34,0.65,50,63550
20240214,11:21:41,0.65,100,63550
20240214,11:23:30,0.65,50,63550
20240214,11:23:45,0.65,250,63550
20240214,11:24:01,0.65,50,63550
20240214,11:25:01,0.7,50,63900
20240214,11:25:03,0.7,50,63900
20240214,11:25:46,0.65,100,63900
20240214,11:28:45,0.65,50,63800
20240214,11:31:00,0.65,50,63800
20240214,11:31:49,0.65,300,63800
20240214,11:32:18,0.65,200,63800
20240214,11:32:19,0.65,100,63800
20240214,11:35:20,0.6,500,63800
20240214,11:35:37,0.6,950,63900
20240214,11:35:37,0.6,50,63900
20240214,11:35:38,0.6,100,63900
20240214,11:35:40,0.6,50,63900
20240214,11:35:40,0.6,100,63900
20240214,11:37:12,0.55,3050,64200
20240214,11:37:30,0.6,700,64200
20240214,11:37:41,0.55,50,64200
20240214,11:37:42,0.55,50,64200
20240214,11:37:43,0.55,100,64200
20240214,11:37:46,0.55,50,64200
20240214,11:37:46,0.55,250,64200
20240214,11:38:05,0.55,350,64200
20240214,11:38:06,0.55,300,64200
20240214,11:38:07,0.5,3200,64200
20240214,11:38:43,0.5,100,64200
20240214,11:39:02,0.5,100,64200
20240214,11:39:30,0.5,100,64200
20240214,11:39:57,0.45,650,64200
20240214,11:42:41,0.5,500,65700
20240214,11:43:20,0.5,100,65700
20240214,11:43:25,0.5,350,65700
20240214,11:43:39,0.5,400,65700
20240214,11:46:12,0.5,550,65950
20240214,11:46:18,0.55,50,65950
20240214,11:51:04,0.55,250,65400
20240214,11:53:25,0.55,100,65400
20240214,11:57:01,0.5,50,65400
20240214,11:57:15,0.5,100,65400
20240214,12:00:52,0.55,50,65300
20240214,12:01:17,0.55,100,65300
20240214,12:01:26,0.55,750,65300
20240214,12:01:32,0.55,350,65300
20240214,12:03:38,0.5,50,65300
20240214,12:04:23,0.5,100,65300
20240214,12:06:56,0.6,1800,66300
20240214,12:10:24,0.6,400,64800
20240214,12:10:25,0.6,3950,64800
20240214,12:10:26,0.65,500,64800
20240214,12:10:31,0.6,100,64800
20240214,12:10:39,0.6,150,64800
20240214,12:14:15,0.6,850,65200
20240214,12:14:17,0.6,50,65200
20240214,12:14:22,0.6,50,65200
20240214,12:14:29,0.6,50,65200
20240214,12:15:16,0.6,400,65200
20240214,12:15:22,0.6,450,65200
20240214,12:15:28,0.6,550,65200
20240214,12:16:14,0.65,200,63700
20240214,12:16:15,0.7,1500,63700
20240214,12:16:16,0.7,3200,63700
20240214,12:16:39,0.7,100,63700
20240214,12:17:24,0.65,50,63700
20240214,12:18:37,0.65,50,63700
20240214,12:18:39,0.65,400,63700
20240214,12:19:42,0.65,300,63700
20240214,12:20:52,0.65,300,63550
20240214,12:20:54,0.7,50,63550
20240214,12:26:07,0.65,750,63850
20240214,12:27:22,0.6,150,63850
20240214,12:27:34,0.6,250,63850
20240214,12:27:35,0.6,200,63850
20240214,12:27:38,0.6,150,63850
20240214,12:28:20,0.65,150,62900
20240214,12:28:45,0.7,50,62900
20240214,12:29:05,0.7,450,62900
20240214,12:29:14,0.75,500,62900
20240214,12:29:21,0.75,850,62900
20240214,12:29:47,0.7,50,62900
20240214,12:30:14,0.8,4050,62900
20240214,12:30:15,0.85,5600,62900
20240214,12:30:16,0.85,900,62900
20240214,12:30:17,0.9,2350,62900
20240214,12:30:18,0.85,2300,62900
20240214,12:30:21,0.9,350,62900
20240214,12:30:24,0.85,750,62900
20240214,12:30:26,0.85,150,62900
20240214,12:30:34,0.85,150,62900
20240214,12:30:35,0.85,150,62900
20240214,12:30:36,0.85,200,62900
20240214,12:30:37,0.85,900,62900
20240214,12:30:56,0.8,250,62900
20240214,12:30:57,0.8,1250,62900
20240214,12:30:58,0.85,1900,62900
20240214,12:30:59,0.9,2350,62900
20240214,12:31:00,0.9,500,62900
20240214,12:31:01,0.9,1100,62900
20240214,12:31:27,0.9,300,59800
20240214,12:31:55,0.95,1150,59800
20240214,12:31:56,0.95,1400,59800
20240214,12:31:57,0.9,900,59800
20240214,12:32:18,0.95,450,59800
20240214,12:32:47,0.95,750,59800
20240214,12:33:05,0.95,950,59800
20240214,12:33:08,0.9,250,59800
20240214,12:33:11,0.95,700,59800
20240214,12:33:17,1.0,3250,59800
20240214,12:33:19,1.0,1100,59800
20240214,12:34:14,0.95,50,48600
20240214,12:34:33,0.95,50,48600
20240214,12:34:53,1.0,250,48600
20240214,12:35:02,0.95,250,48600
20240214,12:35:23,0.95,200,48600
20240214,12:35:40,0.95,1000,48600
20240214,12:36:18,0.95,100,48600
20240214,12:36:27,0.95,100,48600
20240214,12:36:28,0.95,50,48600
20240214,12:36:29,0.95,50,48600
20240214,12:36:34,0.9,500,48600
20240214,12:36:35,0.95,250,48600
20240214,12:37:16,0.95,50,47050
20240214,12:37:21,0.95,50,47050
20240214,12:37:25,0.95,50,47050
20240214,12:37:26,0.95,50,47050
20240214,12:37:33,0.95,50,47050
20240214,12:37:35,0.95,50,47050
20240214,12:37:36,0.95,100,47050
20240214,12:37:37,0.95,50,47050
20240214,12:37:38,0.95,50,47050
20240214,12:37:39,0.95,50,47050
20240214,12:37:43,0.95,50,47050
20240214,12:37:45,0.95,50,47050
20240214,12:37:58,0.9,900,47050
20240214,12:38:00,0.95,50,47050
20240214,12:38:01,0.95,50,47050
20240214,12:38:02,0.9,550,47050
20240214,12:38:19,0.95,50,47050
20240214,12:38:48,0.95,50,47050
20240214,12:38:50,0.95,50,47050
20240214,12:39:09,0.95,50,47050
20240214,12:41:29,0.95,250,46400
20240214,12:41:40,0.95,1050,46400
20240214,12:41:41,0.95,400,46400
20240214,12:41:42,0.95,850,46400
20240214,12:41:53,0.95,400,46400
20240214,12:41:54,1.0,1950,46400
20240214,12:42:10,0.95,800,46400
20240214,12:42:23,0.95,50,46400
20240214,12:42:29,0.95,50,46400
20240214,12:42:42,1.0,50,46400
20240214,12:42:52,0.95,50,46400
20240214,12:43:27,0.9,50,46400
20240214,12:43:28,0.9,50,43850
20240214,12:43:29,0.9,50,43850
20240214,12:43:30,0.9,100,43850
20240214,12:43:35,0.9,1350,43850
20240214,12:45:07,0.9,250,43850
20240214,12:45:57,0.85,150,43850
20240214,12:46:27,0.9,100,43850
20240214,12:46:31,0.85,750,43850
20240214,12:47:07,0.85,550,43850
20240214,12:47:32,0.85,50,43850
20240214,12:47:53,0.8,50,43850
20240214,12:48:40,0.8,750,43850
20240214,12:49:24,0.75,100,42850
20240214,12:50:30,0.75,200,42850
20240214,12:50:43,0.75,50,42850
20240214,12:51:58,0.75,250,42850
20240214,12:51:59,0.75,50,42850
20240214,12:52:17,0.8,200,42500
20240214,12:53:12,0.85,50,42500
20240214,12:55:34,0.7,900,42500
20240214,12:55:35,0.8,1350,42500
20240214,12:55:39,0.75,100,42500
20240214,12:55:43,0.75,100,42500
20240214,12:57:14,0.8,50,42500
20240214,12:57:33,0.8,300,42500
20240214,13:01:03,0.8,250,42700
20240214,13:01:08,0.8,50,42700
