date,time,tick_price,volume,open_interest
20231128,09:34:10,33.7,100,350
20231128,09:34:24,33.65,50,350
20231128,09:34:53,33.45,100,350
20231128,09:35:15,33.45,100,350
20231128,09:39:59,33.25,50,350
20231128,09:41:59,33.25,50,400
20231129,12:25:11,27.8,1,450
20231129,12:25:11,27.8,100,450
20231229,10:07:56,1.1,1,450
20231229,10:07:56,1.1,250,450
20231229,10:07:58,1.15,250,550
20231229,10:08:03,1.15,50,550
20231229,10:08:06,1.15,50,550
20231229,10:08:11,1.15,50,550
20231229,10:08:16,1.15,50,550
20231229,10:08:17,1.1,50,250
20231229,10:08:19,1.1,50,250
20231229,10:08:20,1.1,50,250
20231229,10:08:21,1.1,50,250
20231229,10:12:08,1.1,50,150
20231229,10:21:26,1.4,50,200
20231229,10:22:39,1.4,50,200
20231229,10:23:28,1.15,50,300
20231229,10:23:32,1.15,50,300
20231229,10:23:37,1.15,50,300
20231229,10:23:58,1.15,50,300
20231229,10:24:23,1.15,50,300
20231229,10:24:24,1.15,50,300
20231229,10:24:40,1.15,50,300
20231229,10:24:57,1.15,50,300
20231229,10:25:40,1.1,50,300
20231229,10:25:41,1.1,200,300
20231229,10:25:48,1.25,2050,300
20231229,10:26:17,1.2,450,300
20231229,10:27:07,1.55,200,2750
20231229,10:28:38,1.55,250,2750
20231229,10:31:29,1.55,50,3300
20231229,10:31:30,1.35,600,3300
20231229,10:31:45,1.3,200,3300
20231229,10:31:55,1.25,200,3300
20231229,10:31:58,1.25,50,3300
20231229,10:32:00,1.25,50,3300
20231229,10:32:00,1.25,250,3300
20231229,10:32:11,1.2,3200,3300
20231229,10:32:13,1.2,50,3300
20231229,10:32:15,1.2,50,3300
20231229,10:32:16,1.2,200,5150
20231229,10:32:17,1.2,1050,5150
20231229,10:32:50,1.25,50,5150
20231229,10:34:38,1.25,300,5150
20231229,10:35:31,1.25,350,5150
20231229,10:36:55,1.3,150,6150
20231229,10:37:12,1.3,100,6150
20231229,10:38:08,1.3,100,6150
20231229,10:38:49,1.3,1650,5950
20231229,10:38:59,1.35,1000,5950
20231229,10:39:44,1.35,50,5950
20231229,10:40:11,1.65,650,5950
20231229,10:40:30,1.35,5100,5950
20231229,10:40:31,1.3,100,5950
20231229,10:40:57,1.35,550,5950
20231229,10:50:55,1.25,300,5950
20231229,10:51:10,1.25,50,11850
20231229,10:51:11,1.25,50,11850
20231229,10:51:13,1.25,50,11850
20231229,10:51:38,1.25,50,11850
20231229,10:54:22,1.25,50,11950
20231229,10:57:46,1.3,100,11900
20231229,10:59:26,1.3,250,11900
20231229,11:00:13,1.3,150,11800
20231229,11:11:34,1.3,50,11800
20231229,11:15:18,1.15,50,11800
20231229,11:17:36,1.15,50,11850
20231229,11:21:19,1.2,100,11750
20231229,11:27:37,1.4,1000,11650
20231229,11:28:20,1.2,1650,11650
20231229,11:28:24,1.15,50,11650
20231229,11:29:06,1.2,950,11650
20231229,11:29:58,1.2,50,11750
20231229,11:39:50,1.2,50,11750
20231229,11:40:09,1.2,50,11700
20231229,11:42:08,1.25,250,11700
20231229,11:42:42,1.25,250,11600
20231229,11:43:28,1.3,100,11600
20231229,11:48:55,1.2,50,11600
20231229,11:51:58,1.2,50,12200
20231229,11:54:10,1.2,100,12150
20231229,11:54:23,1.2,200,12100
20231229,12:04:29,1.3,900,12150
20231229,12:13:16,1.25,50,12750
20231229,12:15:44,1.3,350,12750
20231229,12:16:05,1.25,100,12800
20231229,12:16:21,1.25,100,12800
20231229,12:24:28,1.35,1200,13100
20231229,12:26:23,1.4,50,13100
20231229,12:27:11,1.4,50,13100
20231229,12:28:06,1.4,50,13450
20231229,12:28:49,1.35,50,13450
20231229,12:33:31,1.3,250,13450
20231229,12:42:29,1.35,50,13600
20231229,12:50:36,1.25,300,13350
20231229,12:52:44,1.2,1800,13400
20231229,12:52:59,1.25,500,13400
20231229,12:53:55,1.25,100,13400
20231229,12:55:45,1.25,50,13900
20231229,12:57:25,1.25,50,14000
20231229,12:58:45,1.25,200,14000
20231229,13:05:55,1.2,900,14050
20231229,13:08:40,1.25,50,14050
20231229,13:09:15,1.2,50,14950
20231229,13:23:52,1.25,150,14950
20231229,13:23:52,1.25,550,14950
20231229,13:23:54,1.25,800,14950
20231229,13:24:47,1.25,100,14950
20231229,13:30:54,1.2,50,14950
20231229,13:33:25,1.25,50,14550
20231229,13:35:24,1.25,50,14550
20231229,13:45:36,1.35,50,14550
20231229,13:50:21,1.3,1400,14550
20231229,13:50:35,1.25,50,14550
20231229,13:51:23,1.35,2150,14550
20231229,13:51:24,1.3,50,15100
20231229,13:51:27,1.3,50,15100
20231229,13:51:39,1.4,1300,15100
20231229,13:52:15,1.35,400,15100
20231229,13:52:19,1.35,300,15100
20231229,13:52:46,1.4,800,15100
20231229,13:53:11,1.4,50,15100
20231229,13:53:12,1.4,50,15100
20231229,13:53:33,1.45,200,15100
20231229,13:53:51,1.5,100,15100
20231229,13:53:58,1.45,450,17400
20231229,13:54:00,1.45,50,17400
20231229,13:54:05,1.5,200,17400
20231229,13:54:06,1.5,200,17400
20231229,13:54:13,1.55,400,17400
20231229,13:54:14,1.5,550,17400
20231229,13:54:15,1.5,50,17400
20231229,13:54:32,1.5,100,17400
20231229,13:54:47,1.45,300,17400
20231229,13:55:40,1.45,50,17400
20231229,13:55:43,1.45,50,17400
20231229,13:55:49,1.4,1100,17400
20231229,13:56:01,1.45,200,17400
20231229,13:56:32,1.5,800,17400
20231229,13:56:34,1.5,50,17400
20231229,13:56:48,1.5,50,17400
20231229,13:57:39,1.5,300,17250
20231229,13:58:00,1.5,50,17250
20231229,14:00:04,1.45,200,17300
20231229,14:00:10,1.4,250,17300
20231229,14:00:11,1.45,100,17300
20231229,14:00:20,1.45,850,17300
20231229,14:00:31,1.45,50,17300
20231229,14:03:47,1.4,550,18150
20231229,14:04:07,1.45,50,18150
20231229,14:08:11,1.4,300,18250
20231229,14:08:35,1.4,600,18250
20231229,14:09:44,1.4,1700,18550
20231229,14:10:00,1.4,150,18550
20231229,14:11:52,1.4,250,18550
20231229,14:59:37,1.35,50,17800
20231229,14:59:56,1.25,400,17800
20231229,15:00:09,1.25,50,17850
20231229,15:02:04,1.25,250,17850
20231229,15:02:24,1.25,250,17850
20231229,15:02:57,1.25,50,17850
20231229,15:02:57,1.25,50,18000
20231229,15:03:03,1.25,400,18000
20231229,15:04:16,1.3,50,18000
20231229,15:04:41,1.3,250,18000
20231229,15:05:08,1.35,350,18000
20231229,15:05:10,1.35,50,18000
20231229,15:05:12,1.4,650,18000
20231229,15:05:13,1.4,200,18000
20231229,15:05:14,1.45,2100,18000
20231229,15:05:21,1.45,2100,18000
20231229,15:05:33,1.45,1800,18000
20231229,15:09:52,1.35,300,18000
20231229,15:10:00,1.35,200,23450
20231229,15:12:14,1.3,1000,23850
20231229,15:13:58,1.3,300,23850
20231229,15:14:00,1.35,450,23850
20231229,15:14:45,1.3,500,23850
20231229,15:14:56,1.35,250,23850
20231229,15:15:31,1.35,250,22950
20231229,15:16:31,1.35,250,22950
20231229,15:21:24,1.35,250,23750
20231229,15:24:34,1.3,50,23750
20231229,15:24:47,1.45,50,24000
20231229,15:25:17,1.45,100,24000
20231229,15:25:18,1.4,100,24000
20231229,15:25:19,1.35,250,24000
20231229,15:25:20,1.35,100,24000
20231229,15:25:33,1.4,50,24000
20231229,15:27:49,1.3,200,24000
20231229,15:28:33,1.3,750,23600
20231229,15:29:20,1.25,100,23600
20231229,15:29:40,1.15,200,23600
20240101,09:15:28,1.7,1,21550
20240101,09:15:28,1.8,600,21550
20240101,09:15:35,1.4,100,21550
20240101,09:16:36,1.25,100,21550
20240101,09:16:50,1.25,50,21550
20240101,09:17:21,1.2,100,21550
20240101,09:17:31,1.25,50,22200
20240101,09:18:59,1.2,1200,22200
20240101,09:19:06,1.25,200,22200
20240101,09:29:03,1.2,100,22200
20240101,09:29:30,1.2,100,21950
20240101,09:39:58,1.2,50,21950
20240101,09:40:02,1.25,200,21950
20240101,09:40:02,1.2,200,21950
20240101,09:40:57,1.15,700,21950
20240101,09:43:25,1.15,100,21550
20240101,09:45:37,1.2,100,21450
20240101,09:46:49,1.15,150,21450
20240101,09:48:02,1.15,50,21450
20240101,09:48:29,1.25,50,21450
20240101,09:49:13,1.2,50,21450
20240101,09:51:57,1.1,1900,21450
20240101,09:52:02,1.25,50,21500
20240101,09:52:17,1.25,50,21500
20240101,09:52:40,1.25,200,21500
20240101,09:52:56,1.25,200,21500
20240101,09:53:21,1.2,50,21500
20240101,09:54:18,1.25,150,21700
20240101,09:55:02,1.3,200,21700
20240101,09:55:04,1.3,1900,21700
20240101,09:55:05,1.3,150,21700
20240101,09:55:07,1.35,200,21700
20240101,09:55:10,1.35,50,21700
20240101,09:55:11,1.35,50,21700
20240101,09:55:12,1.4,350,21700
20240101,09:55:19,1.4,100,21700
20240101,09:55:39,1.4,150,21700
20240101,09:56:45,1.45,2000,21700
20240101,09:57:10,1.45,650,23400
20240101,09:57:14,1.45,50,23400
20240101,09:57:26,1.5,550,23400
20240101,09:57:34,1.45,50,23400
20240101,09:57:42,1.5,100,23400
20240101,09:57:43,1.5,50,23400
20240101,09:58:37,1.5,600,23400
20240101,09:59:43,1.4,100,26750
20240101,10:02:49,1.35,200,26750
20240101,10:03:52,1.3,200,26750
20240101,10:08:14,1.35,50,26750
20240101,10:08:52,1.35,50,26750
20240101,10:08:55,1.35,50,26750
20240101,10:19:39,1.3,100,26650
20240101,10:21:31,1.25,200,26650
20240101,10:24:07,1.2,250,26650
20240101,10:25:04,1.15,1600,26800
20240101,10:25:14,1.15,100,26800
20240101,10:27:04,1.1,2100,25200
20240101,10:27:04,1.1,250,25200
20240101,10:27:05,1.15,50,25200
20240101,10:37:11,1.15,50,25200
20240101,10:39:26,1.15,100,23300
20240101,10:39:47,1.15,50,23300
20240101,10:41:36,1.2,200,23300
20240101,10:41:51,1.2,100,23150
20240101,10:46:50,1.1,50,23150
20240101,10:47:55,1.1,50,22950
20240101,11:01:50,1.1,50,23000
20240101,11:02:11,1.25,50,23000
20240101,11:04:33,1.15,50,22950
20240101,11:07:50,1.2,2900,22950
20240101,11:08:52,1.2,50,21100
20240101,11:18:29,1.2,100,21100
20240101,11:19:16,1.2,100,21100
20240101,11:21:38,1.15,250,21100
20240101,11:24:49,1.1,250,21100
20240101,11:25:42,1.1,150,21100
20240101,11:25:42,1.1,50,21100
20240101,11:31:44,1.1,100,21100
20240101,11:34:11,1.1,250,21450
20240101,11:35:12,1.1,50,21450
20240101,11:36:04,1.1,50,21500
20240101,11:40:26,1.15,300,21450
20240101,11:44:03,1.05,300,21450
20240101,12:10:26,1.05,1900,21500
20240101,12:10:27,1.2,650,21300
20240101,12:10:28,1.15,200,21300
20240101,12:10:30,1.1,1000,21300
20240101,12:10:31,0.9,3700,21300
20240101,12:10:32,0.9,5700,21300
20240101,12:10:33,1.2,2000,21300
20240101,12:11:03,1.15,1500,21300
20240101,12:11:04,1.3,750,21300
20240101,12:11:05,1.15,800,21300
20240101,12:11:07,1.25,600,21300
20240101,12:11:09,1.15,1350,21300
20240101,12:11:10,1.2,200,21300
20240101,12:11:11,1.2,900,21300
20240101,12:11:13,1.25,1000,21300
20240101,12:11:14,1.25,4950,21300
20240101,12:11:15,1.25,3900,21300
20240101,12:11:23,1.2,50,21300
20240101,12:11:26,1.25,350,21300
20240101,12:11:27,1.15,3350,21300
20240101,12:11:28,1.25,9600,21300
20240101,12:11:29,1.05,5350,21300
20240101,12:11:31,0.8,6850,21300
20240101,12:11:32,1.25,9800,21300
20240101,12:11:34,1.25,50,21300
20240101,12:11:39,1.25,300,21300
20240101,12:12:05,1.25,250,25300
20240101,12:12:08,1.2,9300,25300
20240101,12:12:09,1.55,6100,25300
20240101,12:12:10,1.3,1100,25300
20240101,12:12:11,1.35,250,25300
20240101,12:12:15,1.35,400,25300
20240101,12:12:16,1.6,2250,25300
20240101,12:12:18,1.35,600,25300
20240101,12:12:20,1.4,450,25300
20240101,12:12:22,1.35,1950,25300
20240101,12:12:23,1.3,900,25300
20240101,12:12:24,1.35,200,25300
20240101,12:12:45,1.35,200,25300
20240101,12:12:46,1.35,300,25300
20240101,12:13:10,1.35,750,25300
20240101,12:13:12,1.4,2000,25300
20240101,12:13:39,1.45,750,25300
20240101,12:13:58,1.35,250,25300
20240101,12:14:01,1.35,200,25300
20240101,12:14:01,1.35,1550,25300
20240101,12:14:17,1.35,850,25300
20240101,12:14:25,1.35,1850,25300
20240101,12:14:38,1.4,1700,25300
20240101,12:15:49,1.35,100,37000
20240101,12:16:00,1.35,100,37000
20240101,12:16:07,1.4,4900,37000
20240101,12:16:08,1.45,3050,37000
20240101,12:16:09,1.4,2650,37000
20240101,12:16:11,1.4,50,37000
20240101,12:16:12,1.4,400,37000
20240101,12:16:13,1.4,50,37000
20240101,12:16:15,1.4,150,37000
20240101,12:16:45,1.35,250,37000
20240101,12:17:53,1.3,450,37000
20240101,12:18:26,1.25,200,36700
20240101,12:19:17,1.25,50,36700
20240101,12:19:18,1.25,50,36700
20240101,12:19:44,1.2,250,36700
20240101,12:20:09,1.2,50,36700
20240101,12:20:10,1.2,200,36700
20240101,12:21:45,1.25,600,37050
20240101,12:21:46,1.25,1450,37050
20240101,12:21:47,1.25,250,37050
20240101,12:21:48,1.25,50,37050
20240101,12:21:55,1.25,300,37050
20240101,12:21:55,1.25,600,37050
20240101,12:22:15,1.25,500,37050
20240101,12:22:15,1.25,350,37050
20240101,12:24:10,1.25,300,36100
20240101,12:24:14,1.2,150,36100
20240101,12:24:33,1.2,250,36100
20240101,12:28:28,1.2,50,36100
20240101,12:29:14,1.15,950,36200
20240101,12:30:11,1.2,50,36200
20240101,12:30:15,1.2,250,35700
20240101,12:30:22,1.2,250,35700
20240101,12:30:41,1.2,100,35700
20240101,12:40:31,1.2,250,35550
20240101,12:40:32,1.2,50,35550
20240101,12:40:46,1.15,50,35550
20240101,12:41:25,1.2,50,35550
20240101,12:41:34,1.2,50,35550
20240101,12:41:57,1.2,50,35550
20240101,12:42:13,1.2,50,35500
20240101,12:49:48,1.2,100,35600
20240101,12:49:53,1.15,100,35600
20240101,12:49:54,1.15,100,35600
20240101,12:49:56,1.15,100,35600
20240101,12:49:57,1.15,50,35600
20240101,12:49:58,1.15,50,35600
20240101,12:50:00,1.15,50,35600
20240101,12:50:01,1.15,50,35600
20240101,12:52:12,1.2,700,36000
20240101,13:50:08,1.25,300,36000
20240101,13:50:09,1.25,200,35800
20240101,13:50:43,1.25,100,35800
20240101,13:56:12,1.25,50,35500
20240101,13:58:28,1.3,700,35550
20240101,13:59:00,1.3,550,35550
20240101,13:59:06,1.35,400,35550
20240101,13:59:12,1.4,500,35550
20240101,13:59:16,1.4,150,35550
20240101,13:59:21,1.4,3500,35550
20240101,13:59:23,1.4,200,35550
20240101,13:59:50,1.45,1300,35550
20240101,13:59:58,1.5,1250,39750
20240101,14:00:07,1.45,450,39750
20240101,14:00:12,1.5,200,39750
20240101,14:00:13,1.45,2550,39750
20240101,14:00:21,1.5,1000,39750
20240101,14:00:48,1.45,800,39750
20240101,14:01:37,1.45,3250,39750
20240101,14:02:44,1.55,1200,39750
20240101,14:04:07,1.55,1200,39750
20240101,14:04:17,1.6,200,47750
20240101,14:04:29,1.65,600,47750
20240101,14:04:36,1.65,1200,47750
20240101,14:04:46,1.6,100,47750
20240101,14:05:10,1.7,2150,47750
20240101,14:05:15,1.7,2150,47750
20240101,14:05:20,1.8,350,47750
20240101,14:05:21,1.8,3000,47750
20240101,14:05:22,1.7,4700,47750
20240101,14:05:25,1.75,300,47750
20240101,14:05:38,1.65,350,47750
20240101,14:05:39,1.6,150,47750
20240101,14:05:50,1.65,400,47750
20240101,14:05:51,1.65,50,47750
20240101,14:06:28,1.6,250,47750
20240101,14:07:01,1.6,50,58350
20240101,14:07:55,1.6,50,58350
20240101,14:08:28,1.55,250,58350
20240101,14:09:19,1.7,100,58350
20240101,14:09:53,1.65,200,58650
20240101,14:10:27,1.6,950,58650
20240101,14:10:31,1.6,100,58650
20240101,14:10:43,1.6,2000,58650
20240101,14:10:44,1.6,1450,58650
20240101,14:10:48,1.6,100,58650
20240101,14:10:48,1.6,1000,58650
20240101,14:11:26,1.7,1800,58650
20240101,14:11:52,1.75,1200,58650
20240101,14:12:19,1.65,50,59500
20240101,14:12:44,1.75,450,59500
20240101,14:13:02,1.75,1800,59500
20240101,14:14:07,1.7,500,59500
20240101,14:14:34,1.75,1300,59500
20240101,14:14:46,1.75,50,59500
20240101,14:14:57,1.8,350,59500
20240101,14:15:12,1.8,1150,63000
20240101,14:17:04,1.8,2050,63000
20240101,14:17:32,1.7,500,63000
20240101,14:17:52,1.8,650,63000
20240101,14:17:56,1.85,1600,63000
20240101,14:18:02,1.9,700,67650
20240101,14:18:08,1.95,2050,67650
20240101,14:18:15,1.95,300,67650
20240101,14:18:41,2.05,3850,67650
20240101,14:18:45,2.05,650,67650
20240101,14:18:49,2.0,250,67650
20240101,14:19:04,2.05,1700,67650
20240101,14:19:31,1.95,250,67650
20240101,14:19:34,1.9,1000,67650
20240101,14:19:37,1.9,550,67650
20240101,14:19:55,1.9,50,67650
20240101,14:22:22,1.85,50,67650
20240101,14:22:23,1.85,100,76250
20240101,14:22:24,1.8,50,76250
20240101,14:22:27,1.8,50,76250
20240101,14:22:29,1.8,50,76250
20240101,14:22:37,1.8,1300,76250
20240101,14:24:39,1.8,2200,76250
20240101,14:24:57,1.75,1950,76100
20240101,14:25:01,1.8,2400,76100
20240101,14:25:35,1.75,1300,76100
20240101,14:25:38,1.7,1500,76100
20240101,14:29:36,1.7,100,76550
20240101,14:32:31,1.75,500,76550
20240101,14:32:38,1.75,500,76550
20240101,14:33:31,1.75,1400,76950
20240101,14:33:32,1.7,50,76950
20240101,14:35:04,1.75,400,76950
20240101,14:40:27,1.65,100,76950
20240101,14:41:13,1.65,100,76850
20240101,14:41:51,1.7,50,76850
20240101,14:41:54,1.7,1700,76850
20240101,14:41:55,1.7,450,76850
20240101,14:42:48,1.8,250,76850
20240101,14:43:41,1.8,250,76500
20240101,14:43:50,1.8,200,76500
20240101,14:43:56,1.85,2050,76500
20240101,14:44:02,1.9,2200,76500
20240101,14:44:06,1.8,50,76500
20240101,14:44:09,1.9,300,76500
20240101,14:44:12,1.85,150,76500
20240101,14:44:58,1.95,1850,76500
20240101,14:45:35,1.9,250,80000
20240101,14:45:38,1.95,1950,80000
20240101,14:45:41,1.9,50,80000
20240101,14:46:48,1.9,600,80000
20240101,14:48:04,1.85,1800,81300
20240101,14:48:47,1.85,250,81300
20240101,14:49:09,1.85,250,81300
20240101,14:49:12,1.85,600,81300
20240101,14:49:13,1.85,250,81300
20240101,14:49:21,1.85,100,81300
20240101,14:49:23,1.85,100,81300
20240101,14:49:25,1.85,600,81300
20240101,14:50:04,1.85,350,81300
20240101,14:50:15,1.85,250,81300
20240101,14:50:19,1.85,350,81300
20240101,14:50:21,1.85,750,81300
20240101,14:50:22,1.85,250,81300
20240101,14:50:28,1.85,1450,81300
20240101,14:51:47,1.85,550,81300
20240101,14:52:24,1.85,450,81750
20240101,14:53:14,1.85,300,81750
20240101,14:53:24,1.85,50,81750
20240101,14:53:29,1.85,900,81750
20240101,14:53:32,1.85,50,81750
20240101,14:53:52,1.85,50,81750
20240101,14:53:55,1.85,550,81750
20240101,14:54:28,1.85,300,81450
20240101,14:55:30,1.85,50,81450
20240101,14:58:37,1.85,200,81450
20240101,14:58:39,1.85,100,81200
20240101,14:58:41,1.85,1500,81200
20240101,15:01:24,1.8,300,81200
20240101,15:01:28,1.8,250,81200
20240101,15:01:29,1.8,300,81200
20240101,15:01:30,1.8,150,81200
20240101,15:02:19,1.75,1100,81200
20240101,15:03:14,1.7,750,81200
20240101,15:04:06,1.7,1300,81700
20240101,15:06:04,1.7,50,81700
20240101,15:06:15,1.75,250,81700
20240101,15:11:24,1.65,100,81750
20240101,15:11:57,1.6,500,81750
20240101,15:13:03,1.55,100,81750
20240101,15:14:20,1.55,450,81950
20240101,15:15:55,1.45,2300,82100
20240101,15:16:27,1.4,50,82100
20240101,15:16:42,1.5,100,82100
20240101,15:16:43,1.5,200,82100
20240101,15:20:00,1.5,800,82100
20240101,15:20:00,1.5,200,80050
20240101,15:21:11,1.55,100,79450
20240101,15:21:58,1.5,250,79450
20240101,15:22:08,1.5,250,79450
20240101,15:22:39,1.5,400,79450
20240101,15:22:58,1.5,300,79450
20240101,15:23:07,1.5,500,79450
20240101,15:24:26,1.45,1800,80250
20240101,15:24:45,1.5,500,80250
20240101,15:24:49,1.5,850,80250
20240101,15:24:50,1.45,1800,80250
20240101,15:25:06,1.5,50,80250
20240101,15:25:38,1.4,500,80250
20240101,15:25:51,1.4,100,80250
20240101,15:25:54,1.4,300,80250
20240101,15:26:00,1.4,750,80250
20240101,15:26:04,1.35,800,80250
20240101,15:26:12,1.4,250,80250
20240101,15:26:17,1.4,100,80250
20240101,15:27:13,1.35,450,79600
20240101,15:27:16,1.35,50,79600
20240101,15:27:21,1.35,600,79600
20240101,15:27:30,1.35,200,79600
20240101,15:27:53,1.35,100,79600
20240101,15:28:02,1.35,100,79600
20240101,15:28:03,1.35,900,79600
20240101,15:28:31,1.3,150,79600
20240101,15:28:52,1.45,50,79600
20240101,15:29:46,1.45,400,79600
20240102,09:16:44,1.2,1,78950
20240102,09:16:44,1.2,100,78950
20240102,09:16:45,1.2,50,78950
20240102,09:17:00,1.15,150,78950
20240102,09:17:03,1.15,100,78950
20240102,09:17:30,1.15,150,78950
20240102,09:19:00,1.15,200,79050
20240102,09:19:04,1.2,200,79050
20240102,09:21:08,1.25,50,79100
20240102,09:24:30,1.25,200,79100
20240102,09:29:22,1.1,100,79200
20240102,09:50:14,1.2,50,79200
20240102,09:52:37,1.15,300,79100
20240102,09:54:52,1.1,300,79000
20240102,09:55:09,1.15,150,79000
20240102,09:55:22,1.1,100,79000
20240102,09:55:26,1.1,100,79000
20240102,09:56:57,1.15,200,79000
20240102,09:57:04,1.1,250,79200
20240102,09:57:16,1.1,600,79200
20240102,09:57:41,1.05,1600,79200
20240102,10:01:11,0.95,200,79200
20240102,10:01:27,0.95,100,77250
20240102,10:01:30,0.95,50,77250
20240102,10:01:31,0.9,850,77250
20240102,10:01:41,0.85,50,77250
20240102,10:01:42,0.8,1900,77250
20240102,10:01:42,0.8,200,77250
20240102,10:02:14,0.8,50,77250
20240102,10:03:08,0.95,150,75000
20240102,10:04:05,0.8,300,75000
20240102,10:04:55,0.9,350,75000
20240102,10:05:08,0.85,150,75000
20240102,10:07:51,0.95,200,74300
20240102,10:09:26,0.95,1200,74300
20240102,10:10:22,0.95,100,74300
20240102,10:10:26,0.95,400,74300
20240102,10:13:44,1.0,150,74300
20240102,10:17:57,0.95,50,74150
20240102,10:19:20,0.95,100,74100
20240102,10:21:58,1.0,400,74050
20240102,10:21:59,1.0,50,74050
20240102,10:22:01,1.0,50,74050
20240102,10:22:11,1.0,50,74050
20240102,10:28:12,0.95,1900,73850
20240102,10:28:13,0.95,300,73850
20240102,10:28:28,0.9,950,73850
20240102,10:28:29,0.9,200,73850
20240102,10:28:55,0.9,1800,73850
20240102,10:29:04,0.85,1500,73850
20240102,10:29:06,0.9,700,73850
20240102,10:29:07,0.85,450,73850
20240102,10:29:08,0.8,100,73850
20240102,10:29:09,0.8,50,73850
20240102,10:29:58,0.9,500,73850
20240102,10:30:28,0.85,700,69300
20240102,10:30:29,0.85,50,69300
20240102,10:30:40,0.8,3100,69300
20240102,10:30:42,0.85,50,69300
20240102,10:30:43,0.8,100,69300
20240102,10:30:44,0.85,800,69300
20240102,10:30:45,0.85,50,69300
20240102,10:31:01,0.8,2100,69300
20240102,10:31:19,0.8,1800,69300
20240102,10:31:20,0.85,750,69300
20240102,10:31:46,0.8,900,69300
20240102,10:32:11,0.8,450,69300
20240102,10:32:16,0.75,1800,69300
20240102,10:32:50,0.75,200,58950
20240102,10:33:00,0.8,150,58950
20240102,10:33:02,0.8,50,58950
20240102,10:33:05,0.85,50,58950
20240102,10:35:14,0.8,1800,58950
20240102,10:35:14,0.8,1750,58950
20240102,10:36:46,0.85,50,57050
20240102,10:36:49,0.85,50,57050
20240102,10:36:57,0.85,100,57050
20240102,10:37:16,0.8,500,57050
20240102,10:38:13,0.85,300,57050
20240102,10:38:13,0.8,2100,57050
20240102,10:38:15,0.75,1300,57050
20240102,10:38:39,0.8,50,57050
20240102,10:39:18,0.85,350,54400
20240102,10:39:34,0.85,100,54400
20240102,10:39:35,0.85,50,54400
20240102,10:40:04,0.9,100,54400
20240102,10:41:06,0.85,2150,54400
20240102,10:41:12,0.85,150,54400
20240102,10:41:31,0.85,300,54400
20240102,10:41:52,0.85,900,54400
20240102,10:42:05,0.85,100,52300
20240102,10:42:06,0.85,5200,52300
20240102,10:48:05,0.85,250,52300
20240102,10:52:59,0.9,450,49300
20240102,10:53:01,0.85,50,49300
20240102,10:53:57,0.85,50,49050
20240102,11:13:10,0.95,1400,49100
20240102,11:13:12,0.95,100,49100
20240102,11:13:14,0.95,50,49100
20240102,11:13:22,0.95,200,49100
20240102,11:14:36,0.95,50,48950
20240102,11:14:43,0.95,150,48950
20240102,11:18:03,0.95,50,49150
20240102,11:23:59,0.95,150,49150
20240102,11:30:26,0.95,200,49150
20240102,11:35:30,0.95,600,48850
20240102,11:38:15,0.95,50,48850
20240102,11:40:50,0.9,50,48800
20240102,11:40:56,0.95,2700,48850
20240102,11:41:09,0.95,50,48850
20240102,11:41:14,0.95,50,48850
20240102,11:42:53,1.0,400,48800
20240102,11:43:38,0.95,50,48800
20240102,11:46:24,0.95,50,49000
20240102,11:50:27,0.95,200,49000
20240102,11:51:04,0.9,1800,49000
20240102,11:51:31,0.9,200,49000
20240102,11:52:15,0.9,50,49000
20240102,11:54:29,0.9,1100,47400
20240102,11:54:29,0.9,4700,47400
20240102,11:54:55,0.9,100,47400
20240102,11:55:08,0.9,100,47400
20240102,11:55:45,0.9,150,47400
20240102,11:56:23,0.9,50,47400
20240102,11:57:27,0.9,1000,43800
20240102,12:02:13,0.9,200,43800
20240102,12:02:14,0.85,650,43800
20240102,12:02:43,0.85,200,43450
20240102,12:04:30,0.85,450,43450
20240102,12:04:39,0.85,250,43450
20240102,12:05:22,0.85,250,43450
20240102,12:21:09,0.9,150,43450
20240102,12:31:36,0.9,50,43450
20240102,12:44:49,0.85,50,43500
20240102,12:45:41,0.85,50,43500
20240102,12:46:42,0.85,50,43500
20240102,12:47:35,0.8,50,43500
20240102,12:57:39,0.85,100,43500
20240102,13:03:29,0.85,100,43600
20240102,13:04:28,0.85,100,43600
20240102,13:11:12,0.85,150,43600
20240102,13:18:03,0.8,300,43650
20240102,13:18:04,0.8,1800,43650
20240102,13:20:15,0.8,50,43650
20240102,13:32:10,0.75,200,43650
20240102,13:54:18,0.85,100,41850
20240102,14:02:31,0.85,250,41950
20240102,14:10:24,0.85,250,41950
20240102,14:10:53,0.85,400,41950
20240102,14:12:20,0.85,250,41950
20240102,14:16:13,0.85,450,41950
20240102,14:17:17,0.9,250,41950
20240102,14:17:22,0.9,350,41950
20240102,14:17:38,0.95,650,41950
20240102,14:17:54,0.95,50,41950
20240102,14:17:54,1.0,1850,41950
20240102,14:18:09,1.0,50,43900
20240102,14:18:13,1.0,50,43900
20240102,14:18:15,1.1,4400,43900
20240102,14:18:15,1.1,800,43900
20240102,14:18:19,1.1,200,43900
20240102,14:18:28,1.1,2050,43900
20240102,14:18:41,1.1,2100,43900
20240102,14:18:52,1.15,1400,43900
20240102,14:18:57,1.15,650,43900
20240102,14:19:23,1.15,1400,43900
20240102,14:19:25,1.2,1250,43900
20240102,14:19:28,1.2,50,43900
20240102,14:19:41,1.15,1550,43900
20240102,14:19:45,1.2,50,43900
20240102,14:19:55,1.2,550,43900
20240102,14:20:09,1.2,1100,43900
20240102,14:20:10,1.2,250,43900
20240102,14:21:50,1.2,2200,57300
20240102,14:21:52,1.2,100,57300
20240102,14:22:05,1.2,2050,57300
20240102,14:22:26,1.15,1350,57300
20240102,14:24:13,1.1,600,60100
20240102,14:24:27,1.1,600,60100
20240102,14:24:30,1.1,50,60100
20240102,14:24:46,1.0,600,60100
20240102,14:27:17,1.0,250,60100
20240102,14:28:06,1.0,500,60400
20240102,14:28:20,1.05,1150,60400
20240102,14:28:45,1.0,100,60400
20240102,14:29:00,1.05,50,60400
20240102,14:30:22,1.0,250,60400
20240102,14:30:39,1.0,200,59850
20240102,14:31:23,1.0,50,59850
20240102,14:31:24,1.0,50,59850
20240102,14:31:25,1.0,50,59850
20240102,14:31:28,1.0,50,59850
20240102,14:33:19,1.05,250,59600
20240102,14:33:20,1.1,100,59600
20240102,14:33:22,1.1,200,59600
20240102,14:33:24,1.1,250,59600
20240102,14:33:25,1.1,1900,59600
20240102,14:33:26,1.15,550,59600
20240102,14:33:28,1.15,200,59600
20240102,14:34:13,1.2,50,59600
20240102,14:34:30,1.2,200,59600
20240102,14:34:37,1.25,2200,59600
20240102,14:34:37,1.2,1500,59600
20240102,14:34:49,1.25,100,59600
20240102,14:36:00,1.2,500,59600
20240102,14:36:02,1.15,250,59600
20240102,14:36:42,1.2,400,65400
20240102,14:37:46,1.25,1800,65400
20240102,14:37:46,1.3,450,65400
20240102,14:38:17,1.35,3450,65400
20240102,14:39:59,1.35,700,67450
20240102,14:39:59,1.35,100,67450
20240102,14:40:01,1.35,1100,67450
20240102,14:40:02,1.45,2150,67450
20240102,14:40:34,1.5,1800,67450
20240102,14:40:53,1.5,800,67450
20240102,14:41:10,1.5,50,67450
20240102,14:41:49,1.4,50,67450
20240102,14:42:18,1.4,200,70700
20240102,14:42:50,1.35,50,70700
20240102,14:42:51,1.35,50,70700
20240102,14:43:27,1.35,750,70700
20240102,14:43:51,1.35,550,70700
20240102,14:44:25,1.35,50,70700
20240102,14:45:07,1.35,250,70700
20240102,14:45:12,1.35,250,71000
20240102,14:45:16,1.3,2000,71000
20240102,14:45:24,1.3,50,71000
20240102,14:45:28,1.3,50,71000
20240102,14:46:55,1.3,100,71000
20240102,14:47:42,1.25,250,71000
20240102,14:47:49,1.25,50,71000
20240102,14:47:59,1.25,50,71000
20240102,14:48:16,1.25,50,71150
20240102,14:53:12,1.2,50,71150
20240102,14:56:44,1.15,50,71100
20240102,14:57:46,1.1,300,71100
20240102,14:57:52,1.15,800,71100
20240102,15:04:11,1.15,150,71100
20240102,15:04:41,1.1,200,71300
20240102,15:04:51,1.15,150,71300
20240102,15:05:40,1.15,600,71300
20240102,15:05:41,1.2,200,71300
20240102,15:07:51,1.1,250,71300
20240102,15:09:28,1.15,250,71000
20240102,15:09:30,1.1,200,71000
20240102,15:09:31,1.1,100,71000
20240102,15:10:12,1.1,1200,71000
20240102,15:11:28,1.1,250,71000
20240102,15:12:49,1.15,500,71200
20240102,15:12:51,1.15,300,71200
20240102,15:12:51,1.15,400,71200
20240102,15:12:54,1.25,100,71200
20240102,15:12:56,1.3,250,71200
20240102,15:12:58,1.25,50,71200
20240102,15:12:58,1.2,450,71200
20240102,15:13:00,1.25,250,71200
20240102,15:13:02,1.25,50,71200
20240102,15:13:04,1.25,350,71200
20240102,15:13:40,1.15,150,71200
20240102,15:13:53,1.15,2300,71200
20240102,15:14:10,1.15,500,71200
20240102,15:14:15,1.15,50,71200
20240102,15:14:15,1.1,50,71200
20240102,15:18:18,1.15,200,71200
20240102,15:21:42,1.15,400,72000
20240102,15:22:26,1.1,250,72000
20240102,15:22:28,1.1,100,72000
20240102,15:23:03,1.1,50,72000
20240102,15:23:24,1.15,500,72000
20240102,15:25:39,1.25,100,72150
20240102,15:25:41,1.25,150,72150
20240102,15:25:44,1.3,100,72150
20240102,15:25:45,1.3,50,72150
20240102,15:25:55,1.25,100,72150
20240102,15:26:01,1.15,1400,72150
20240102,15:26:08,1.1,50,72150
20240102,15:28:22,1.05,900,71750
20240102,15:29:27,1.3,100,71750
20240102,15:29:38,1.05,50,71750
20240103,09:15:34,0.95,1,70900
20240103,09:15:34,0.9,600,70900
20240103,09:18:24,1.0,50,70800
20240103,09:20:02,1.0,250,70800
20240103,09:20:06,1.05,100,70800
20240103,09:20:09,1.05,1800,70800
20240103,09:21:06,1.05,50,72100
20240103,09:21:10,1.1,50,72100
20240103,09:25:01,1.1,150,72100
20240103,09:30:21,1.1,100,72100
20240103,09:33:57,0.95,200,72200
20240103,09:34:29,0.9,250,72200
20240103,09:34:33,0.85,200,72200
20240103,09:35:57,0.85,550,72200
20240103,09:36:06,0.95,450,72250
20240103,09:37:25,0.85,100,72250
20240103,09:37:26,0.85,50,72250
20240103,09:39:49,0.9,300,72150
20240103,09:40:01,0.8,600,72150
20240103,09:40:03,0.75,50,72150
20240103,09:41:39,0.75,300,72200
20240103,09:41:50,0.85,300,72200
20240103,09:42:11,0.8,400,72200
20240103,09:42:18,0.75,100,72200
20240103,09:42:34,0.8,50,72200
20240103,09:42:38,0.8,150,72200
20240103,09:42:39,0.7,600,72200
20240103,09:42:41,0.7,150,72200
20240103,09:44:00,0.65,200,72200
20240103,09:44:14,0.65,650,72200
20240103,09:45:27,0.6,400,72200
20240103,09:45:30,0.6,100,72350
20240103,09:45:32,0.6,1050,72350
20240103,09:45:33,0.6,250,72350
20240103,09:45:39,0.65,50,72350
20240103,09:45:48,0.65,450,72350
20240103,09:45:55,0.65,850,72350
20240103,09:46:00,0.6,800,72350
20240103,09:46:03,0.65,2350,72350
20240103,09:46:04,0.55,3200,72350
20240103,09:46:06,0.6,4950,72350
20240103,09:46:07,0.55,2550,72350
20240103,09:46:09,0.6,2100,72350
20240103,09:46:10,0.6,4700,72350
20240103,09:46:12,0.6,3500,72350
20240103,09:46:55,0.6,1800,72350
20240103,09:48:54,0.6,750,67650
20240103,09:48:54,0.6,50,67650
20240103,09:49:04,0.55,500,67650
20240103,09:49:14,0.55,450,67650
20240103,09:49:19,0.55,500,67650
20240103,09:49:27,0.55,350,67650
20240103,09:49:28,0.55,50,67650
20240103,09:49:34,0.55,2750,67650
20240103,09:49:35,0.55,750,67650
20240103,09:50:14,0.55,250,67650
20240103,09:53:41,0.55,50,67650
20240103,09:53:57,0.55,250,67250
20240103,09:54:52,0.55,250,67250
20240103,09:55:08,0.55,250,67250
20240103,09:55:42,0.55,500,67250
20240103,09:55:46,0.55,350,67250
20240103,09:55:47,0.55,250,67250
20240103,09:56:34,0.6,150,67250
20240103,09:57:43,0.6,250,68000
20240103,09:57:58,0.6,50,68000
20240103,09:58:02,0.6,100,68000
20240103,09:58:06,0.6,50,68000
20240103,09:58:26,0.65,300,68000
20240103,10:03:17,0.6,50,68000
20240103,10:13:30,0.6,100,68050
20240103,10:13:31,0.55,50,68050
20240103,10:14:02,0.55,250,68050
20240103,10:23:10,0.55,500,68200
20240103,10:25:09,0.55,200,68200
20240103,10:32:44,0.6,250,68150
20240103,10:35:11,0.65,3100,68000
20240103,10:35:12,0.65,2700,68000
20240103,10:35:13,0.65,250,68000
20240103,10:35:14,0.65,100,68000
20240103,10:35:15,0.65,50,68000
20240103,10:35:17,0.75,3900,68000
20240103,10:35:18,0.7,5050,68000
20240103,10:35:19,0.6,6100,68000
20240103,10:35:20,0.65,1250,68000
20240103,10:35:33,0.7,900,68000
20240103,10:35:34,0.75,1800,68000
20240103,10:35:39,0.75,100,68000
20240103,10:35:39,0.75,250,82150
20240103,10:35:44,0.8,1550,82150
20240103,10:35:45,0.8,200,82150
20240103,10:35:47,0.85,100,82150
20240103,10:35:52,0.75,600,82150
20240103,10:35:59,0.8,100,82150
20240103,10:36:30,0.85,50,82150
20240103,10:39:08,0.7,100,84700
20240103,10:39:14,0.7,250,84700
20240103,10:39:19,0.7,50,84700
20240103,10:42:52,0.7,800,84700
20240103,10:45:19,0.65,550,84700
20240103,10:45:31,0.65,600,84700
20240103,10:45:31,0.65,50,84700
20240103,10:46:51,0.6,2150,84700
20240103,10:47:07,0.55,2100,84700
20240103,10:47:14,0.55,1200,84700
20240103,10:47:14,0.5,2050,84700
20240103,10:47:15,0.5,3950,84700
20240103,10:47:17,0.55,50,84700
20240103,10:47:21,0.5,100,84700
20240103,10:47:27,0.5,150,84700
20240103,10:47:28,0.55,1500,84700
20240103,10:47:31,0.55,50,84700
20240103,10:50:41,0.6,1000,76100
20240103,10:51:23,0.55,50,76100
20240103,10:55:27,0.6,50,76100
20240103,10:56:56,0.55,1800,75150
20240103,11:00:54,0.55,100,74950
20240103,11:06:40,0.6,50,74950
20240103,11:10:13,0.55,50,74950
20240103,11:19:07,0.6,100,74950
20240103,11:19:08,0.65,1900,74950
20240103,11:19:08,0.65,1550,74950
20240103,11:19:10,0.7,2200,74950
20240103,11:19:12,0.7,3900,74950
20240103,11:19:13,0.65,1600,74950
20240103,11:19:16,0.7,50,74950
20240103,11:20:03,0.7,2850,74950
20240103,11:20:11,0.7,5200,74950
20240103,11:20:12,0.7,3100,74950
20240103,11:21:12,0.7,1950,74950
20240103,11:23:23,0.65,750,88100
20240103,11:23:31,0.65,50,88100
20240103,11:24:57,0.75,2350,89150
20240103,11:25:32,0.75,2000,89150
20240103,11:25:35,0.75,150,89150
20240103,11:26:20,0.7,50,89150
20240103,11:26:22,0.75,50,89150
20240103,11:28:11,0.75,50,91250
20240103,11:28:19,0.75,250,91250
20240103,11:32:10,0.75,750,91250
20240103,11:35:20,0.7,100,91250
20240103,11:41:53,0.7,500,91300
20240103,11:41:57,0.7,900,91300
20240103,11:44:51,0.7,100,92150
20240103,11:45:27,0.7,3650,92150
20240103,11:46:57,0.7,50,92150
20240103,11:47:17,0.65,1000,92150
20240103,11:47:21,0.7,250,92150
20240103,11:49:14,0.7,200,94850
20240103,11:49:15,0.7,50,94850
20240103,11:49:31,0.7,300,94850
20240103,11:51:02,0.7,400,94850
20240103,11:51:02,0.75,3600,94350
20240103,11:51:04,0.75,50,94350
20240103,11:51:05,0.75,100,94350
20240103,11:51:14,0.75,500,94350
20240103,11:51:18,0.75,3100,94350
20240103,11:51:28,0.75,300,94350
20240103,11:55:05,0.75,1050,94350
20240103,11:56:08,0.75,50,97600
20240103,11:59:05,0.75,50,97950
20240103,11:59:24,0.7,100,97950
20240103,11:59:50,0.7,250,97950
20240103,12:01:40,0.7,1100,97950
20240103,12:04:19,0.7,300,97500
20240103,12:04:23,0.7,50,97500
20240103,12:12:20,0.65,450,97500
20240103,12:16:13,0.6,150,97650
20240103,12:26:17,0.6,50,97800
20240103,12:26:24,0.6,150,97800
20240103,12:26:52,0.55,1950,97800
20240103,12:26:52,0.6,150,97800
20240103,12:26:54,0.55,850,97800
20240103,12:26:55,0.5,3850,97800
20240103,12:26:55,0.5,2400,98150
20240103,12:26:58,0.5,50,98150
20240103,12:27:02,0.5,50,98150
20240103,12:27:05,0.45,1450,98150
20240103,12:27:06,0.45,1900,98150
20240103,12:27:09,0.45,800,98150
20240103,12:27:10,0.45,50,98150
20240103,12:27:12,0.5,6250,98150
20240103,12:27:20,0.5,3200,98150
20240103,12:28:01,0.5,2750,98150
20240103,12:29:12,0.45,1800,98150
20240103,12:29:16,0.45,2450,98150
20240103,12:29:33,0.45,50,98150
20240103,12:30:08,0.45,100,79700
20240103,12:30:16,0.45,50,79700
20240103,12:31:17,0.45,200,79700
20240103,12:41:27,0.45,850,79350
20240103,12:41:28,0.45,50,79350
20240103,12:49:17,0.5,500,78550
20240103,12:49:18,0.55,2100,78550
20240103,12:49:23,0.55,1500,78550
20240103,12:49:35,0.5,250,78550
20240103,12:49:37,0.6,1800,78550
20240103,12:49:38,0.6,850,78550
20240103,12:49:39,0.6,300,78550
20240103,12:49:42,0.6,100,78550
20240103,12:49:46,0.6,250,78550
20240103,12:50:00,0.65,1800,78550
20240103,12:50:01,0.6,50,78550
20240103,12:50:05,0.65,150,78550
20240103,12:50:06,0.75,4000,78550
20240103,12:50:07,0.75,1000,78550
20240103,12:50:26,0.7,100,78550
20240103,12:50:32,0.7,250,78550
20240103,12:50:37,0.65,150,78550
20240103,12:53:32,0.6,600,78550
20240103,12:53:33,0.6,400,86150
20240103,12:53:35,0.6,800,86150
20240103,12:54:26,0.6,50,86050
20240103,12:54:30,0.65,50,86050
20240103,12:54:33,0.65,850,86050
20240103,12:54:36,0.65,400,86050
20240103,12:54:38,0.7,1850,86050
20240103,12:54:39,0.7,100,86050
20240103,12:54:40,0.7,1850,86050
20240103,12:54:42,0.7,200,86050
20240103,12:55:26,0.75,2650,86050
20240103,12:55:30,0.75,50,86050
20240103,12:55:31,0.75,100,86050
20240103,12:55:36,0.8,2050,86050
20240103,12:55:37,0.8,600,86050
20240103,12:56:04,0.8,550,86050
20240103,12:56:08,0.8,200,86050
20240103,12:56:10,0.8,200,86050
20240103,12:56:42,0.75,1000,86050
20240103,12:56:42,0.85,1800,86050
20240103,12:58:05,0.75,50,86050
20240103,12:58:36,0.7,1500,96950
20240103,12:58:37,0.75,50,96950
20240103,13:00:46,0.75,50,97150
20240103,13:00:47,0.75,50,97150
20240103,13:00:49,0.75,50,97150
20240103,13:00:51,0.75,50,97150
20240103,13:00:55,0.75,200,97150
20240103,13:02:18,0.7,50,97150
20240103,13:06:44,0.7,500,96950
20240103,13:08:09,0.75,50,96950
20240103,13:11:46,0.7,500,97000
20240103,13:13:16,0.7,550,97000
20240103,13:15:09,0.7,50,97450
20240103,13:16:16,0.7,1050,97450
20240103,13:16:20,0.7,50,97450
20240103,13:21:18,0.7,50,98300
20240103,13:47:02,0.65,200,98300
20240103,13:55:35,0.65,50,98500
20240103,13:55:36,0.6,1900,98500
20240103,13:55:37,0.55,2700,98500
20240103,13:55:38,0.6,750,98500
20240103,13:55:43,0.6,100,98500
20240103,13:57:02,0.55,1300,98500
20240103,13:57:19,0.55,50,93850
20240103,13:59:50,0.55,50,93850
20240103,13:59:51,0.55,50,93850
20240103,13:59:53,0.5,250,93850
20240103,13:59:56,0.5,50,93850
20240103,13:59:59,0.5,50,93850
20240103,14:06:58,0.5,450,93500
20240103,14:16:12,0.45,2150,93500
20240103,14:16:12,0.4,2000,93050
20240103,14:16:14,0.4,550,93050
20240103,14:16:24,0.45,100,93050
20240103,14:16:29,0.45,50,93050
20240103,14:16:42,0.45,50,93050
20240103,14:16:51,0.5,200,93050
20240103,14:17:56,0.45,50,93050
20240103,14:19:25,0.4,1800,93050
20240103,14:20:12,0.35,3800,89750
20240103,14:20:24,0.4,3150,89750
20240103,14:20:27,0.3,100,89750
20240103,14:20:31,0.3,100,89750
20240103,14:20:39,0.4,2250,89750
20240103,14:21:06,0.4,2650,89750
20240103,14:21:09,0.4,1500,89750
20240103,14:21:11,0.35,300,89750
20240103,14:21:12,0.35,1250,89750
20240103,14:21:51,0.35,300,83300
20240103,14:22:33,0.35,3450,83300
20240103,14:22:36,0.4,2400,83300
20240103,14:22:38,0.4,2700,83300
20240103,14:24:56,0.4,250,78800
20240103,14:32:55,0.4,800,78800
20240103,14:38:08,0.35,300,78300
20240103,14:40:24,0.35,250,78150
20240103,14:42:31,0.35,250,78150
20240103,14:49:52,0.35,250,78150
20240103,14:55:52,0.4,2100,78150
20240103,14:55:53,0.4,350,78150
20240103,14:55:54,0.4,600,78150
20240103,14:55:58,0.4,50,78150
20240103,14:56:08,0.4,150,78150
20240103,14:56:13,0.4,150,78150
20240103,14:57:25,0.4,300,78150
20240103,15:04:25,0.35,400,80000
20240103,15:05:30,0.35,250,80300
20240103,15:05:36,0.35,200,80300
20240103,15:28:00,0.3,50,80300
20240103,15:28:13,0.35,400,80300
20240103,15:28:14,0.45,1500,80300
20240103,15:28:16,0.4,100,80300
20240103,15:28:17,0.4,100,80300
20240103,15:28:21,0.4,100,80300
20240103,15:28:22,0.45,100,80300
20240103,15:28:24,0.45,50,80300
20240103,15:28:26,0.4,1800,80300
20240103,15:28:38,0.4,650,80300
20240103,15:29:32,0.4,500,80300
20240103,15:29:33,0.45,150,80300
20240103,15:29:34,0.5,50,80300
20240103,15:29:59,0.25,800,80300
20240104,09:15:40,0.35,1,80050
20240104,09:15:40,0.35,50,80050
20240104,09:16:03,0.3,450,80050
20240104,09:16:11,0.3,300,80050
20240104,09:16:18,0.3,100,80050
20240104,09:16:43,0.25,450,80050
20240104,09:16:44,0.25,350,80050
20240104,09:16:47,0.25,300,80050
20240104,09:17:02,0.25,300,80050
20240104,09:17:11,0.25,50,80050
20240104,09:17:46,0.25,250,80250
20240104,09:17:51,0.25,200,80250
20240104,09:18:28,0.25,400,80250
20240104,09:18:44,0.25,500,80250
20240104,09:19:00,0.25,300,80250
20240104,09:19:16,0.2,50,80250
20240104,09:21:38,0.2,50,80250
20240104,09:25:53,0.2,700,79750
20240104,09:26:51,0.25,50,79750
20240104,09:27:23,0.25,150,79750
20240104,09:27:42,0.2,2000,79750
20240104,09:27:50,0.2,50,79750
20240104,09:27:56,0.2,50,79750
20240104,09:27:57,0.15,1800,79750
20240104,09:28:02,0.15,1950,79750
20240104,09:28:07,0.15,150,79750
20240104,09:28:08,0.15,1800,79750
20240104,09:28:11,0.15,1800,79750
20240104,09:29:26,0.25,50,78200
20240104,09:29:27,0.25,50,78200
20240104,09:29:30,0.25,50,78200
20240104,09:29:32,0.2,100,78200
20240104,09:29:38,0.15,1800,78200
20240104,09:29:39,0.15,1800,78200
20240104,09:29:50,0.15,1800,78200
20240104,09:30:17,0.15,1150,78200
20240104,09:30:18,0.1,3600,78200
20240104,09:30:20,0.1,1900,78200
20240104,09:30:25,0.1,1850,78200
20240104,09:30:26,0.1,3600,78200
20240104,09:30:27,0.1,1800,78200
20240104,09:30:30,0.1,1800,78200
20240104,09:30:32,0.15,1800,78200
20240104,09:30:35,0.15,50,78200
20240104,09:30:45,0.1,1800,78200
20240104,09:30:46,0.1,1800,78200
20240104,09:30:47,0.1,3600,78200
20240104,09:30:56,0.15,14400,78200
20240104,09:30:57,0.15,3600,78200
20240104,09:31:00,0.1,1800,78200
20240104,09:31:10,0.1,150,78200
20240104,09:31:23,0.1,3600,78200
20240104,09:31:28,0.1,1850,78200
20240104,09:32:30,0.15,650,78200
20240104,09:32:54,0.1,1800,56900
20240104,09:33:46,0.1,1800,56900
20240104,09:41:32,0.15,200,56900
20240104,09:42:47,0.15,50,56250
20240104,09:59:57,0.1,350,56000
20240104,10:00:51,0.1,100,56000
20240104,10:02:24,0.1,1800,56000
20240104,10:02:26,0.1,1350,56000
20240104,10:02:27,0.1,450,56000
20240104,10:02:33,0.1,3600,56000
20240104,10:02:45,0.1,1800,56000
20240104,10:02:46,0.1,1800,56000
20240104,10:02:48,0.1,3600,56000
20240104,10:02:51,0.05,5100,56000
20240104,10:02:54,0.05,3600,56000
20240104,10:03:24,0.05,1800,56000
20240104,10:03:26,0.05,1800,56000
20240104,10:04:09,0.05,3600,56000
20240104,10:04:17,0.05,3600,56000
20240104,10:07:02,0.05,600,56000
20240104,10:07:02,0.1,100,55050
20240104,10:08:17,0.1,3600,55050
20240104,10:08:17,0.1,8750,55050
20240104,10:11:49,0.1,1800,55050
20240104,10:11:54,0.1,1800,42050
20240104,10:11:59,0.1,1800,42050
20240104,10:15:25,0.1,3500,42050
20240104,10:20:04,0.05,150,38800
20240104,10:20:10,0.1,350,38800
20240104,10:30:14,0.1,300,38400
20240104,10:38:00,0.1,200,38400
20240104,10:38:04,0.1,50,38100
20240104,10:38:44,0.1,350,38100
20240104,10:38:52,0.1,300,38100
20240104,10:45:32,0.1,350,37950
20240104,10:48:03,0.1,50,37950
20240104,10:49:03,0.1,50,37600
20240104,11:20:35,0.1,250,37600
20240104,11:24:04,0.1,500,37550
20240104,11:24:14,0.1,1000,37550
20240104,11:24:38,0.1,500,37550
20240104,11:24:43,0.1,500,37550
20240104,11:24:49,0.1,500,37550
20240104,11:24:52,0.1,500,37550
20240104,11:24:54,0.1,1000,37550
20240104,11:24:57,0.1,500,37550
20240104,11:25:02,0.1,1000,37550
20240104,11:25:33,0.1,300,37550
20240104,11:43:47,0.05,100,39350
20240104,11:45:07,0.05,1500,39350
20240104,11:49:15,0.1,250,37750
20240104,11:50:10,0.1,250,37750
20240104,11:51:18,0.05,50,37750
20240104,11:51:35,0.1,300,37750
20240104,11:58:57,0.05,50,37750
20240104,11:59:01,0.05,2350,37750
20240104,11:59:07,0.05,50,37750
20240104,11:59:08,0.05,50,37750
20240104,11:59:11,0.05,4050,37750
20240104,12:03:46,0.05,250,37750
20240104,12:17:36,0.1,50,33050
20240104,12:18:56,0.05,400,33050
20240104,12:19:30,0.05,50,33050
20240104,12:21:51,0.05,250,32900
20240104,12:24:01,0.05,650,32650
20240104,12:32:51,0.05,1050,32050
20240104,12:33:18,0.05,1000,32050
20240104,12:47:06,0.05,350,31950
20240104,13:43:34,0.05,50,31950
20240104,13:47:28,0.05,100,31600
20240104,15:29:33,0.05,1700,31650
