date,time,tick_price,volume,open_interest
20240214,12:37:51,2.0,1100,1100
20240214,12:42:38,2.1,600,1100
20240214,12:46:07,2.1,250,1700
20240214,13:01:47,2.65,50,1950
20240214,13:59:51,2.65,50,1950
20240214,14:00:33,2.6,1000,1950
20240214,14:51:10,2.1,800,3000
20240214,14:57:34,2.15,250,2200
20240214,15:06:33,2.1,100,2200
20240214,15:08:40,2.0,800,2300
20240214,15:12:14,2.0,500,2800
20240214,15:14:54,1.9,200,3000
20240214,15:16:48,1.9,400,3200
20240214,15:17:05,1.95,500,3200
20240214,15:18:08,1.95,250,3200
20240214,15:21:53,2.55,500,4350
20240214,15:29:04,1.5,450,4850
20240214,15:29:11,1.5,100,4850
20240215,09:15:17,2.0,1,4450
20240215,09:15:17,2.0,500,4450
20240215,09:19:49,1.85,50,4950
20240215,09:22:37,1.6,50,5000
20240215,09:23:16,1.5,50,5000
20240215,09:24:12,1.5,350,5000
20240215,09:24:27,1.45,450,5000
20240215,09:27:14,1.45,50,5450
20240215,09:31:08,1.45,2400,5000
20240215,09:39:13,1.5,250,7200
20240215,09:40:40,1.5,250,7450
20240215,09:44:28,1.6,200,7700
20240215,09:47:23,1.6,150,7900
20240215,09:48:26,1.6,250,7900
20240215,09:48:54,1.6,200,7900
20240215,09:51:07,1.65,50,7900
20240215,09:51:39,1.65,50,7900
20240215,09:53:47,1.55,100,7600
20240215,09:59:34,1.5,450,7600
20240215,09:59:49,1.5,200,7600
20240215,10:07:59,1.65,100,8150
20240215,10:08:14,1.65,200,8150
20240215,10:08:53,1.65,100,8150
20240215,10:10:14,1.55,50,8400
20240215,10:10:59,1.5,50,8400
20240215,10:38:35,1.4,100,8350
20240215,10:38:44,1.35,700,8350
20240215,10:39:08,1.45,150,8350
20240215,10:40:10,1.45,150,8050
20240215,10:40:59,1.45,50,8050
20240215,10:45:36,1.55,250,7950
20240215,10:47:18,1.3,150,8100
20240215,10:50:22,1.3,250,8000
20240215,11:03:04,1.45,800,8000
20240215,11:04:27,1.45,250,8800
20240215,11:15:13,1.45,500,9050
20240215,11:16:38,1.45,600,9550
20240215,11:17:59,1.45,1500,9550
20240215,11:24:16,1.55,50,9550
20240215,11:26:09,1.45,250,11650
20240215,11:33:38,1.5,100,11900
20240215,11:34:32,1.45,50,11950
20240215,11:35:24,1.45,1450,11950
20240215,11:35:29,1.35,2600,11950
20240215,11:35:36,1.3,5300,11950
20240215,11:35:42,1.3,2900,11950
20240215,11:35:48,1.3,1400,11950
20240215,11:35:55,1.3,1050,11950
20240215,11:36:02,1.3,1900,11950
20240215,11:36:09,1.3,1700,11950
20240215,11:36:16,1.3,1550,11950
20240215,11:36:22,1.3,1550,11950
20240215,11:36:28,1.3,650,11950
20240215,11:36:34,1.3,500,11950
20240215,11:36:41,1.35,5500,11950
20240215,11:36:47,1.3,150,11950
20240215,11:37:28,1.35,1800,34900
20240215,11:38:13,1.4,15400,34900
20240215,11:38:41,1.4,300,34900
20240215,11:38:49,1.4,1800,34900
20240215,11:44:00,1.45,7200,38550
20240215,11:52:40,1.4,50,40200
20240215,11:54:01,1.45,50,40200
20240215,11:55:14,1.45,500,40250
20240215,11:55:23,1.45,3000,40250
20240215,11:55:49,1.45,1800,40250
20240215,11:59:39,1.45,250,42600
20240215,12:00:22,1.45,250,42600
20240215,12:00:29,1.45,50,42600
20240215,12:02:16,1.45,250,43100
20240215,12:03:21,1.45,50,43100
20240215,12:04:23,1.45,100,43350
20240215,12:05:04,1.45,150,43350
20240215,12:13:37,1.4,100,43500
20240215,12:25:47,1.55,50,43500
20240215,12:34:26,1.4,250,43550
20240215,12:50:40,1.4,2700,43800
20240215,12:51:05,1.5,1800,43800
20240215,12:51:12,1.5,900,43800
20240215,13:00:42,1.5,250,46500
20240215,13:00:54,1.5,100,46500
20240215,13:02:47,1.4,4200,46500
20240215,13:02:52,1.4,1000,46500
20240215,13:02:59,1.4,500,46500
20240215,13:03:05,1.4,700,46500
20240215,13:03:11,1.4,1700,46500
20240215,13:03:18,1.35,1500,46500
20240215,13:03:24,1.35,900,46500
20240215,13:03:30,1.3,350,46500
20240215,13:03:36,1.3,150,46500
20240215,13:05:24,1.4,100,47500
20240215,13:16:50,1.35,50,47500
20240215,13:17:26,1.35,400,47500
20240215,13:18:21,1.4,50,47500
20240215,13:18:49,1.35,850,47500
20240215,13:22:45,1.35,250,47500
20240215,13:23:41,1.35,100,47500
20240215,13:23:55,1.35,250,47500
20240215,13:24:04,1.35,350,47500
20240215,13:27:54,1.4,150,47600
20240215,13:49:23,1.35,2100,47750
20240215,13:49:45,1.35,500,47750
20240215,13:49:51,1.4,500,47750
20240215,13:49:58,1.3,300,47750
20240215,13:50:08,1.35,100,47750
20240215,13:50:16,1.3,50,47750
20240215,13:50:37,1.35,100,47750
20240215,13:50:51,1.3,50,47750
20240215,13:55:29,1.4,50,48850
20240215,13:56:02,1.45,100,48850
20240215,13:58:30,1.45,50,48850
20240215,13:58:38,1.45,450,48850
20240215,13:58:52,1.5,500,48850
20240215,14:01:27,1.45,250,49300
20240215,14:03:28,1.45,250,49300
20240215,14:04:55,1.45,100,49300
20240215,14:30:43,1.35,50,49300
20240215,14:31:07,1.3,50,49300
20240215,14:44:09,1.3,150,49350
20240215,14:45:12,1.55,300,49350
20240215,14:47:42,1.35,50,49350
20240215,14:53:19,1.5,500,49300
20240215,14:53:27,1.55,1800,49300
20240215,14:53:34,1.5,50,49300
20240215,14:55:09,1.5,1250,49300
20240215,14:55:16,1.45,200,49300
20240215,14:56:56,1.4,1000,51000
20240215,14:57:07,1.45,100,51000
20240215,14:57:13,1.45,100,51000
20240215,14:57:20,1.4,300,51000
20240215,14:57:28,1.4,550,51000
20240215,14:57:54,1.3,50,51000
20240215,14:58:15,1.35,100,51000
20240215,14:58:22,1.4,100,51000
20240215,14:58:54,1.4,700,51150
20240215,14:59:01,1.4,200,51150
20240215,15:00:18,1.4,100,51150
20240215,15:09:46,1.5,1800,51350
20240215,15:09:58,1.45,500,51350
20240215,15:11:17,1.4,1400,53650
20240215,15:11:30,1.35,500,53650
20240215,15:11:49,1.35,200,53650
20240215,15:17:23,1.3,2650,52850
20240215,15:17:30,1.25,850,52850
20240215,15:17:38,1.25,1350,52850
20240215,15:17:47,1.2,600,52850
20240215,15:17:54,1.2,850,52850
20240215,15:18:14,1.2,2050,52850
20240215,15:18:22,1.2,950,52850
20240215,15:18:48,1.2,1000,52850
20240215,15:19:01,1.3,800,52850
20240215,15:19:15,1.3,200,52850
20240215,15:19:54,1.35,100,52850
20240215,15:20:11,1.35,200,57600
20240215,15:20:53,1.25,150,57600
20240215,15:21:08,1.3,500,57600
20240215,15:24:43,1.3,300,57100
20240215,15:27:06,1.3,50,57400
20240215,15:27:17,1.35,50,57400
20240215,15:27:23,1.25,50,57400
20240215,15:27:42,1.35,500,57400
20240215,15:28:45,1.35,950,57350
20240215,15:28:53,1.25,50,57350
20240215,15:29:00,1.35,500,57350
20240215,15:29:21,1.3,600,57350
20240215,15:29:28,1.25,250,57350
20240215,15:29:52,1.3,150,57350
20240215,15:30:01,1.15,350,57350
20240216,09:15:03,1.35,1,56750
20240216,09:15:03,1.35,100,56750
20240216,09:15:04,1.75,500,56750
20240216,09:15:05,1.75,200,56750
20240216,09:15:06,1.25,1950,56750
20240216,09:15:07,1.25,800,56750
20240216,09:15:08,1.3,300,56750
20240216,09:15:12,1.3,200,56750
20240216,09:15:13,1.15,450,56750
20240216,09:15:15,1.15,850,56750
20240216,09:15:18,1.15,950,56750
20240216,09:15:40,1.2,200,56750
20240216,09:15:42,1.15,950,57700
20240216,09:15:57,1.15,600,57700
20240216,09:16:07,1.15,150,57700
20240216,09:16:20,1.2,400,57700
20240216,09:16:22,1.25,500,57700
20240216,09:16:27,1.25,200,57700
20240216,09:16:35,1.2,250,57700
20240216,09:16:36,1.2,250,57700
20240216,09:16:39,1.2,200,57700
20240216,09:16:44,1.2,300,57700
20240216,09:16:52,1.2,50,57700
20240216,09:17:15,1.2,300,57700
20240216,09:17:17,1.2,450,57700
20240216,09:17:17,1.2,700,57700
20240216,09:17:19,1.25,300,57700
20240216,09:17:22,1.25,500,57700
20240216,09:17:29,1.2,150,57700
20240216,09:17:46,1.25,450,57700
20240216,09:17:46,1.25,1450,57700
20240216,09:17:50,1.25,1800,57700
20240216,09:17:52,1.25,200,57700
20240216,09:17:56,1.3,300,57700
20240216,09:18:02,1.25,50,57700
20240216,09:18:04,1.25,50,57700
20240216,09:18:08,1.25,150,57700
20240216,09:18:09,1.3,150,57700
20240216,09:18:17,1.25,50,57700
20240216,09:18:21,1.3,450,57700
20240216,09:18:35,1.25,100,61100
20240216,09:18:37,1.25,1850,61100
20240216,09:18:58,1.25,1050,61100
20240216,09:19:13,1.25,850,61100
20240216,09:19:14,1.25,50,61100
20240216,09:20:03,1.2,100,61100
20240216,09:20:28,1.2,100,61100
20240216,09:20:42,1.25,550,61100
20240216,09:21:31,1.25,50,61400
20240216,09:21:37,1.2,100,61400
20240216,09:22:15,1.2,200,61400
20240216,09:22:16,1.2,550,61400
20240216,09:22:22,1.2,200,61400
20240216,09:22:24,1.2,850,61400
20240216,09:22:40,1.2,550,61400
20240216,09:23:06,1.2,3600,61400
20240216,09:23:07,1.2,900,61400
20240216,09:23:08,1.15,6300,61400
20240216,09:23:53,1.2,50,61400
20240216,09:24:23,1.2,100,61400
20240216,09:24:29,1.15,1450,66350
20240216,09:24:31,1.15,100,66350
20240216,09:24:40,1.15,100,66350
20240216,09:25:05,1.15,450,66350
20240216,09:25:07,1.15,1550,66350
20240216,09:25:10,1.15,750,66350
20240216,09:25:12,1.15,50,66350
20240216,09:25:13,1.15,50,66350
20240216,09:25:14,1.15,50,66350
20240216,09:25:15,1.15,100,66350
20240216,09:25:17,1.2,550,66350
20240216,09:25:44,1.2,200,66350
20240216,09:25:55,1.2,850,66350
20240216,09:26:16,1.2,200,66350
20240216,09:26:22,1.2,850,66350
20240216,09:26:25,1.2,550,66350
20240216,09:26:31,1.2,550,66350
20240216,09:26:38,1.15,50,66350
20240216,09:26:46,1.15,50,66350
20240216,09:26:55,1.2,100,66350
20240216,09:27:08,1.2,50,66350
20240216,09:27:49,1.15,50,67950
20240216,09:28:06,1.2,50,67950
20240216,09:28:10,1.15,50,67950
20240216,09:28:44,1.15,50,67950
20240216,09:29:11,1.2,550,67950
20240216,09:29:13,1.2,850,67950
20240216,09:29:13,1.2,2250,67950
20240216,09:29:15,1.2,50,67950
20240216,09:29:16,1.2,50,67950
20240216,09:29:17,1.2,100,67950
20240216,09:29:19,1.25,550,67950
20240216,09:29:21,1.25,1300,67950
20240216,09:29:24,1.25,550,67950
20240216,09:29:25,1.3,250,67950
20240216,09:29:26,1.3,550,67950
20240216,09:29:27,1.25,50,67950
20240216,09:29:29,1.25,100,67950
20240216,09:29:39,1.25,100,67950
20240216,09:29:44,1.25,250,67950
20240216,09:29:56,1.25,250,67950
20240216,09:30:18,1.25,50,67950
20240216,09:30:45,1.25,150,72450
20240216,09:30:47,1.25,150,72450
20240216,09:30:47,1.25,400,72450
20240216,09:30:48,1.25,50,72450
20240216,09:30:50,1.25,50,72450
20240216,09:30:51,1.25,100,72450
20240216,09:32:07,1.2,850,72450
20240216,09:32:09,1.2,200,72450
20240216,09:32:10,1.2,550,72450
20240216,09:32:12,1.2,1300,72450
20240216,09:32:14,1.2,550,72450
20240216,09:32:23,1.2,1050,72450
20240216,09:32:23,1.2,50,72450
20240216,09:32:24,1.2,50,72450
20240216,09:32:28,1.15,950,72450
20240216,09:32:30,1.15,200,72450
20240216,09:32:32,1.15,850,72450
20240216,09:32:36,1.15,200,72450
20240216,09:32:49,1.15,850,72450
20240216,09:33:05,1.15,250,72450
20240216,09:33:21,1.2,50,72450
20240216,09:33:24,1.15,200,72450
20240216,09:33:30,1.2,50,72450
20240216,09:33:46,1.15,50,67450
20240216,09:33:47,1.15,50,67450
20240216,09:34:08,1.2,50,67450
20240216,09:34:12,1.15,50,67450
20240216,09:34:17,1.2,50,67450
20240216,09:34:27,1.2,300,67450
20240216,09:34:43,1.2,50,67450
20240216,09:35:01,1.2,1000,67450
20240216,09:35:11,1.2,300,67450
20240216,09:35:13,1.2,50,67450
20240216,09:35:21,1.2,150,67450
20240216,09:35:22,1.2,550,67450
20240216,09:35:30,1.2,100,67450
20240216,09:35:40,1.2,200,67450
20240216,09:35:42,1.2,550,67450
20240216,09:35:45,1.2,200,67450
20240216,09:35:47,1.2,900,67450
20240216,09:35:54,1.2,200,67450
20240216,09:35:55,1.2,200,67450
20240216,09:35:56,1.2,200,67450
20240216,09:35:58,1.2,900,67450
20240216,09:35:58,1.2,700,67450
20240216,09:36:08,1.2,2150,67450
20240216,09:37:16,1.15,50,71750
20240216,09:37:39,1.15,1250,71750
20240216,09:37:49,1.1,1300,71750
20240216,09:37:55,1.1,50,71750
20240216,09:38:01,1.1,50,71750
20240216,09:39:08,1.05,2600,71750
20240216,09:39:08,1.0,3700,71750
20240216,09:39:09,1.0,1800,71750
20240216,09:39:11,1.0,5450,71750
20240216,09:39:14,1.0,350,71750
20240216,09:39:58,1.0,1550,71750
20240216,09:40:00,1.0,900,77950
20240216,09:40:14,1.0,200,77950
20240216,09:40:27,0.95,100,77950
20240216,09:40:28,0.95,350,77950
20240216,09:40:29,0.95,300,77950
20240216,09:40:30,0.95,250,77950
20240216,09:40:31,0.95,350,77950
20240216,09:40:32,0.95,450,77950
20240216,09:40:33,0.95,350,77950
20240216,09:40:34,0.95,400,77950
20240216,09:40:35,0.95,300,77950
20240216,09:40:36,0.95,600,77950
20240216,09:40:37,0.9,50,77950
20240216,09:40:58,0.9,600,77950
20240216,09:41:10,0.95,1450,77950
20240216,09:41:11,0.95,200,77950
20240216,09:41:12,0.95,400,77950
20240216,09:41:13,0.95,250,77950
20240216,09:41:14,0.95,450,77950
20240216,09:41:15,0.95,200,77950
20240216,09:41:16,0.95,250,77950
20240216,09:41:17,0.95,300,77950
20240216,09:41:18,0.95,250,77950
20240216,09:41:19,0.95,300,77950
20240216,09:41:20,0.95,2000,77950
20240216,09:41:22,0.95,200,77950
20240216,09:41:23,0.95,200,77950
20240216,09:41:24,0.95,300,77950
20240216,09:41:25,0.95,400,77950
20240216,09:41:26,0.95,300,77950
20240216,09:41:27,0.95,300,77950
20240216,09:41:28,0.95,300,77950
20240216,09:41:29,0.95,250,77950
20240216,09:41:30,0.95,350,77950
20240216,09:41:31,0.95,300,77950
20240216,09:41:32,0.95,200,77950
20240216,09:41:33,0.95,550,77950
20240216,09:41:34,0.95,1600,77950
20240216,09:41:35,0.95,1850,77950
20240216,09:41:50,0.95,250,77950
20240216,09:41:51,0.95,450,77950
20240216,09:41:52,0.95,150,77950
20240216,09:41:53,0.95,1200,77950
20240216,09:41:54,0.95,300,77950
20240216,09:41:55,0.95,300,77950
20240216,09:41:56,0.95,250,77950
20240216,09:42:29,0.95,250,77950
20240216,09:43:16,0.95,1800,87150
20240216,09:43:17,0.95,1800,87150
20240216,09:44:02,0.95,850,87150
20240216,09:44:28,0.95,500,87150
20240216,09:44:33,0.95,50,87150
20240216,09:44:44,1.0,50,87150
20240216,09:45:04,0.95,450,87150
20240216,09:45:13,0.95,700,87150
20240216,09:45:27,0.95,200,87150
20240216,09:46:11,0.95,100,86150
20240216,09:46:12,0.95,350,86150
20240216,09:46:31,0.9,50,86150
20240216,09:46:32,0.95,50,86150
20240216,09:46:34,0.9,450,86150
20240216,09:46:46,0.95,200,86150
20240216,09:46:52,0.9,50,86150
20240216,09:47:03,0.9,50,86150
20240216,09:47:05,0.9,750,86150
20240216,09:47:05,0.9,600,86150
20240216,09:47:07,0.9,50,86150
20240216,09:47:08,0.9,850,86150
20240216,09:47:08,0.9,1000,86150
20240216,09:47:09,0.9,500,86150
20240216,09:47:10,0.9,8700,86150
20240216,09:47:11,0.9,9950,86150
20240216,09:47:12,0.9,1050,86150
20240216,09:47:23,0.9,1450,86150
20240216,09:47:24,0.9,50,86150
20240216,09:47:25,0.9,550,86150
20240216,09:47:26,0.9,50,86150
20240216,09:47:27,0.9,100,86150
20240216,09:47:28,0.9,100,86150
20240216,09:47:50,0.9,450,86150
20240216,09:47:52,0.9,900,86150
20240216,09:47:55,0.9,550,86150
20240216,09:47:58,0.9,2300,86150
20240216,09:47:59,0.9,700,86150
20240216,09:48:02,0.9,900,86150
20240216,09:48:08,0.9,550,86150
20240216,09:48:09,0.9,550,86150
20240216,09:48:10,0.9,1550,86150
20240216,09:48:23,0.85,1500,86150
20240216,09:48:37,0.85,50,86150
20240216,09:50:47,0.85,50,106700
20240216,09:50:50,0.9,100,106700
20240216,09:52:36,0.9,50,106700
20240216,09:53:04,0.85,150,106700
20240216,09:53:18,0.85,200,106700
20240216,09:53:50,0.85,500,106700
20240216,09:54:17,0.9,50,106700
20240216,09:54:53,0.85,200,106700
20240216,09:55:53,0.9,50,106400
20240216,09:55:59,0.9,50,106400
20240216,09:56:01,0.9,1800,106400
20240216,09:56:14,0.9,50,106400
20240216,09:56:40,0.9,50,106400
20240216,09:57:11,0.85,200,106400
20240216,09:57:26,0.9,250,106400
20240216,09:57:28,0.9,250,106400
20240216,09:57:29,0.85,200,106400
20240216,09:57:30,0.85,850,106400
20240216,09:57:54,0.9,50,106400
20240216,09:57:56,0.85,700,105250
20240216,09:58:00,0.9,1800,105250
20240216,09:58:01,0.9,3700,105250
20240216,09:58:04,0.9,1800,105250
20240216,09:58:05,0.9,50,105250
20240216,09:58:05,0.9,850,105250
20240216,09:58:11,0.85,550,105250
20240216,09:58:12,0.9,1000,105250
20240216,09:58:15,0.9,150,105250
20240216,09:58:18,0.9,50,105250
20240216,09:58:19,0.9,100,105250
20240216,09:58:20,0.85,550,105250
20240216,09:58:20,0.9,2550,105250
20240216,09:58:21,0.95,350,105250
20240216,09:58:23,0.95,200,105250
20240216,09:58:25,0.9,1200,105250
20240216,09:58:29,0.9,1050,105250
20240216,09:58:33,0.9,200,105250
20240216,09:58:34,0.9,850,105250
20240216,09:58:36,0.9,2800,105250
20240216,09:58:37,0.85,250,105250
20240216,09:58:38,0.85,200,105250
20240216,09:58:40,0.85,850,105250
20240216,09:58:42,0.9,400,105250
20240216,09:58:43,0.85,550,105250
20240216,09:58:44,0.9,600,105250
20240216,09:58:46,0.9,1000,105250
20240216,09:58:47,0.9,1450,105250
20240216,09:58:52,0.9,1500,105250
20240216,09:58:53,0.9,50,105250
20240216,09:59:10,0.9,600,105250
20240216,09:59:11,0.9,2750,105250
20240216,09:59:12,0.9,4150,105250
20240216,09:59:17,0.9,200,105250
20240216,09:59:18,0.9,900,105250
20240216,09:59:19,0.9,50,105250
20240216,09:59:21,0.9,200,105250
20240216,09:59:23,0.9,200,105250
20240216,09:59:24,0.9,550,105250
20240216,09:59:28,0.9,150,105250
20240216,09:59:30,0.85,850,105250
20240216,09:59:31,0.9,100,105250
20240216,09:59:32,0.95,4200,105250
20240216,09:59:33,0.9,50,105250
20240216,09:59:34,0.9,50,105250
20240216,09:59:59,0.95,900,105250
20240216,10:00:00,0.9,250,105250
20240216,10:00:14,0.95,50,105250
20240216,10:02:48,0.95,550,98000
20240216,10:03:36,0.95,50,98000
20240216,10:04:44,0.9,50,98000
20240216,10:06:44,0.95,350,98000
20240216,10:06:56,0.95,6950,98000
20240216,10:06:57,0.95,1500,98000
20240216,10:06:58,0.9,500,98000
20240216,10:07:05,0.95,1100,98000
20240216,10:07:07,0.95,950,98000
20240216,10:07:40,0.95,700,98000
20240216,10:07:42,0.95,1850,98000
20240216,10:07:50,0.95,900,98000
20240216,10:07:51,0.95,2750,98000
20240216,10:07:51,0.95,1000,98000
20240216,10:08:59,0.95,1050,98000
20240216,10:09:00,0.95,1100,98000
20240216,10:09:02,0.9,400,98000
20240216,10:09:32,0.95,250,98000
20240216,10:09:52,0.95,850,98000
20240216,10:09:54,0.95,550,104100
20240216,10:09:55,0.9,1500,104100
20240216,10:10:08,0.95,350,104100
20240216,10:10:09,0.95,3750,104100
20240216,10:10:11,0.95,250,104100
20240216,10:10:18,0.95,250,104100
20240216,10:10:32,0.95,150,104100
20240216,10:10:51,0.9,1000,104100
20240216,10:12:10,0.95,100,104100
20240216,10:12:18,0.95,450,104100
20240216,10:12:45,0.95,50,105500
20240216,10:12:46,0.95,300,105500
20240216,10:13:12,0.95,750,105500
20240216,10:13:12,0.95,400,105500
20240216,10:13:13,0.95,5900,105500
20240216,10:13:14,0.95,4200,105500
20240216,10:13:15,0.95,3400,105500
20240216,10:13:16,0.95,4100,105500
20240216,10:13:18,0.95,1600,105500
20240216,10:13:19,0.95,700,105500
20240216,10:13:24,0.95,1800,105500
20240216,10:13:25,0.95,1000,105500
20240216,10:13:26,0.95,750,105500
20240216,10:13:27,0.9,250,105500
20240216,10:13:37,0.95,1800,105500
20240216,10:14:04,0.95,2150,105500
20240216,10:14:10,0.9,450,105500
20240216,10:14:20,0.95,100,105500
20240216,10:14:22,0.95,1800,105500
20240216,10:14:29,0.95,100,105500
20240216,10:14:34,0.95,950,105500
20240216,10:14:37,0.95,150,105500
20240216,10:14:45,0.95,500,105500
20240216,10:15:06,0.95,1500,105500
20240216,10:15:07,0.9,500,105500
20240216,10:15:09,0.95,250,105500
20240216,10:15:10,0.95,1700,105500
20240216,10:15:11,0.95,750,105500
20240216,10:15:12,0.9,300,105500
20240216,10:15:14,0.95,100,105500
20240216,10:15:21,0.95,3200,105500
20240216,10:15:22,0.9,500,105500
20240216,10:15:30,0.95,3000,105500
20240216,10:15:32,0.95,2000,105500
20240216,10:15:33,0.95,3500,105500
20240216,10:15:34,0.95,500,105500
20240216,10:17:51,1.0,50,118150
20240216,10:18:00,1.0,50,118150
20240216,10:18:12,0.95,100,118150
20240216,10:18:20,0.95,2500,118150
20240216,10:18:22,1.0,100,118150
20240216,10:18:34,1.0,50,118150
20240216,10:18:48,0.95,250,118700
20240216,10:18:53,0.95,100,118700
20240216,10:18:58,1.0,50,118700
20240216,10:19:21,1.0,50,118700
20240216,10:19:27,1.0,250,118700
20240216,10:20:57,0.95,1350,118700
20240216,10:21:04,0.9,2600,118700
20240216,10:21:20,0.95,50,118700
20240216,10:21:46,0.95,450,118650
20240216,10:22:05,0.95,250,118650
20240216,10:24:14,0.95,50,118650
20240216,10:27:33,0.95,250,119000
20240216,10:28:54,0.95,50,119250
20240216,10:30:00,0.95,200,119250
20240216,10:30:26,0.95,600,119250
20240216,10:30:31,0.95,700,119250
20240216,10:30:34,0.95,50,119250
20240216,10:30:49,0.9,50,119900
20240216,10:30:54,0.95,650,119900
20240216,10:31:09,0.9,50,119900
20240216,10:32:17,0.95,1550,119900
20240216,10:32:19,0.95,1100,119900
20240216,10:32:34,0.95,50,119900
20240216,10:32:37,0.95,100,119900
20240216,10:35:00,1.0,100,119900
20240216,10:35:17,1.0,50,120150
20240216,10:35:57,1.0,50,120150
20240216,10:36:28,1.0,50,120150
20240216,10:36:33,0.95,50,120150
20240216,10:38:01,1.0,50,120100
20240216,10:38:42,0.95,250,120100
20240216,10:38:43,1.0,50,120100
20240216,10:38:44,1.0,100,120100
20240216,10:39:10,0.95,100,120100
20240216,10:40:51,0.95,50,120000
20240216,10:41:12,1.0,50,120000
20240216,10:42:32,1.0,50,120000
20240216,10:42:36,1.0,50,120000
20240216,10:43:43,0.95,50,120000
20240216,10:45:48,0.95,700,119900
20240216,10:48:34,0.95,1000,119900
20240216,10:51:06,0.95,100,118750
20240216,10:51:36,1.0,1800,118750
20240216,10:52:14,1.0,50,118750
20240216,10:53:09,0.95,50,118750
20240216,10:53:48,0.95,50,118750
20240216,10:55:55,1.0,50,118750
20240216,10:57:54,0.95,50,118750
20240216,10:57:59,1.0,50,118750
20240216,10:58:01,0.95,1800,118750
20240216,10:58:33,1.0,100,118750
20240216,10:58:35,1.0,50,118750
20240216,10:58:36,1.0,50,118750
20240216,10:58:38,1.0,50,118750
20240216,10:58:47,1.0,50,118750
20240216,10:59:49,0.95,2650,118750
20240216,11:00:25,0.9,200,118750
20240216,11:00:27,0.9,50,118750
20240216,11:00:31,0.9,550,118750
20240216,11:00:32,0.9,1050,118750
20240216,11:00:37,0.9,850,118750
20240216,11:00:45,0.9,100,120450
20240216,11:00:45,0.9,700,120450
20240216,11:00:46,0.9,1600,120450
20240216,11:01:02,0.9,1200,120450
20240216,11:01:36,0.9,400,120450
20240216,11:01:36,0.9,150,120450
20240216,11:01:39,0.9,200,120450
20240216,11:01:40,0.9,1150,120450
20240216,11:01:41,0.9,200,120450
20240216,11:01:43,0.9,1550,120450
20240216,11:01:48,0.9,350,120450
20240216,11:01:49,0.9,850,120450
20240216,11:01:50,0.85,2800,120450
20240216,11:01:52,0.9,1300,120450
20240216,11:01:52,0.9,200,120450
20240216,11:01:55,0.9,2450,120450
20240216,11:02:05,0.85,150,120450
20240216,11:02:05,0.85,1800,120450
20240216,11:02:09,0.9,50,120450
20240216,11:02:16,0.85,1000,120450
20240216,11:02:17,0.9,100,120450
20240216,11:02:22,0.9,450,120450
20240216,11:02:23,0.9,100,120450
20240216,11:02:25,0.9,100,120450
20240216,11:02:26,0.9,100,120450
20240216,11:02:28,0.9,100,120450
20240216,11:02:29,0.9,100,120450
20240216,11:02:30,0.9,100,120450
20240216,11:02:34,0.9,100,120450
20240216,11:02:36,0.9,100,120450
20240216,11:02:38,0.9,450,120450
20240216,11:02:42,0.9,100,120450
20240216,11:02:44,0.9,100,120450
20240216,11:02:46,0.9,100,120450
20240216,11:02:48,0.9,450,120450
20240216,11:02:49,0.9,1500,120450
20240216,11:02:51,0.9,100,120450
20240216,11:02:54,0.9,450,120450
20240216,11:02:55,0.9,1500,120450
20240216,11:02:58,0.9,1500,120450
20240216,11:02:59,0.9,2450,120450
20240216,11:03:02,0.9,1650,120450
20240216,11:03:05,0.9,1250,120450
20240216,11:03:06,0.9,50,120450
20240216,11:03:08,0.9,100,120450
20240216,11:03:09,0.9,300,120450
20240216,11:03:16,0.9,100,120450
20240216,11:03:18,0.9,50,120450
20240216,11:03:21,0.9,100,120450
20240216,11:03:24,0.9,100,120450
20240216,11:03:30,0.9,250,120450
20240216,11:03:47,0.9,100,124250
20240216,11:03:50,0.9,450,124250
20240216,11:03:52,0.9,50,124250
20240216,11:03:55,0.9,950,124250
20240216,11:04:07,0.9,50,124250
20240216,11:04:13,0.9,50,124250
20240216,11:04:14,0.9,50,124250
20240216,11:04:15,0.9,50,124250
20240216,11:04:16,0.9,550,124250
20240216,11:05:09,0.85,550,124250
20240216,11:05:57,0.9,50,124250
20240216,11:06:25,0.9,50,124250
20240216,11:06:34,0.85,1300,124250
20240216,11:06:35,0.85,300,124250
20240216,11:06:36,0.85,300,124250
20240216,11:06:37,0.85,650,124250
20240216,11:07:07,0.85,50,124500
20240216,11:08:17,0.9,250,124500
20240216,11:08:47,0.9,50,124500
20240216,11:09:01,0.9,100,124500
20240216,11:09:32,0.9,650,124500
20240216,11:09:48,0.9,250,124500
20240216,11:09:51,0.85,150,124500
20240216,11:10:43,0.85,100,124500
20240216,11:11:48,0.9,100,124500
20240216,11:13:03,0.85,50,124500
20240216,11:13:51,0.85,3600,124500
20240216,11:13:56,0.9,300,124500
20240216,11:13:58,0.85,1150,124500
20240216,11:14:03,0.9,450,124500
20240216,11:14:20,0.85,450,124500
20240216,11:14:52,0.85,350,124500
20240216,11:15:31,0.85,3300,124500
20240216,11:15:35,0.85,50,124500
20240216,11:15:38,0.85,50,124500
20240216,11:15:41,0.85,50,124500
20240216,11:16:04,0.85,300,124500
20240216,11:16:12,0.85,100,125100
20240216,11:16:14,0.85,100,125100
20240216,11:16:15,0.85,550,125100
20240216,11:16:31,0.85,1450,125100
20240216,11:16:46,0.8,100,125100
20240216,11:17:02,0.8,50,125100
20240216,11:17:03,0.85,250,125100
20240216,11:17:35,0.85,50,125100
20240216,11:17:36,0.85,50,125100
20240216,11:17:57,0.85,250,125100
20240216,11:18:26,0.85,2000,125100
20240216,11:18:28,0.85,250,125100
20240216,11:18:49,0.85,500,125100
20240216,11:18:56,0.9,50,125050
20240216,11:21:23,0.85,50,125050
20240216,11:25:31,0.85,150,125050
20240216,11:25:47,0.9,100,124500
20240216,11:26:06,0.85,1800,124500
20240216,11:26:07,0.85,3600,124500
20240216,11:26:09,0.8,3200,124500
20240216,11:27:17,0.85,50,124500
20240216,11:27:47,0.8,450,130900
20240216,11:28:09,0.8,200,130900
20240216,11:28:22,0.8,200,130900
20240216,11:28:57,0.8,50,130900
20240216,11:29:06,0.8,1000,130900
20240216,11:29:22,0.8,950,130900
20240216,11:29:30,0.8,550,130900
20240216,11:29:53,0.85,50,130900
20240216,11:30:53,0.8,200,130850
20240216,11:31:15,0.8,550,130850
20240216,11:31:22,0.8,200,130850
20240216,11:31:23,0.8,200,130850
20240216,11:31:25,0.8,900,130850
20240216,11:31:28,0.8,200,130850
20240216,11:31:40,0.8,700,130850
20240216,11:32:04,0.85,900,130850
20240216,11:32:13,0.8,200,130850
20240216,11:32:14,0.8,200,130850
20240216,11:32:15,0.8,550,130850
20240216,11:32:30,0.8,200,130850
20240216,11:32:36,0.8,850,130850
20240216,11:35:25,0.8,1800,130850
20240216,11:35:42,0.8,1800,130850
20240216,11:35:44,0.8,1800,130850
20240216,11:36:21,0.8,9000,130850
20240216,11:36:22,0.8,2150,130850
20240216,11:36:37,0.8,250,130850
20240216,11:37:14,0.8,450,130850
20240216,11:37:44,0.75,100,132650
20240216,11:37:46,0.75,100,132650
20240216,11:37:48,0.8,600,132650
20240216,11:37:50,0.8,100,132650
20240216,11:37:52,0.8,450,132650
20240216,11:38:05,0.8,100,132650
20240216,11:38:09,0.8,300,132650
20240216,11:38:41,0.8,50,132650
20240216,11:39:03,0.8,100,132650
20240216,11:39:04,0.8,100,132650
20240216,11:39:06,0.8,300,132650
20240216,11:39:12,0.8,350,132650
20240216,11:39:22,0.8,600,132650
20240216,11:39:44,0.8,500,132650
20240216,11:39:58,0.8,100,133250
20240216,11:40:02,0.8,850,133250
20240216,11:40:05,0.8,200,133250
20240216,11:40:28,0.8,50,133250
20240216,11:40:34,0.8,50,133250
20240216,11:40:46,0.8,50,133250
20240216,11:40:50,0.75,100,133250
20240216,11:41:04,0.75,1800,133250
20240216,11:41:07,0.8,50,133250
20240216,11:41:25,0.8,50,133250
20240216,11:42:09,0.8,200,133250
20240216,11:42:21,0.8,200,133250
20240216,11:42:23,0.8,200,133250
20240216,11:42:27,0.8,200,133250
20240216,11:42:29,0.75,850,133250
20240216,11:42:50,0.8,550,135900
20240216,11:43:00,0.8,550,135900
20240216,11:43:02,0.8,200,135900
20240216,11:43:03,0.8,850,135900
20240216,11:43:04,0.75,450,135900
20240216,11:43:05,0.75,600,135900
20240216,11:43:06,0.8,950,135900
20240216,11:43:14,0.8,900,135900
20240216,11:43:15,0.8,2950,135900
20240216,11:43:16,0.8,1300,135900
20240216,11:43:21,0.8,1000,135900
20240216,11:43:23,0.8,1800,135900
20240216,11:43:24,0.85,200,135900
20240216,11:43:25,0.8,1100,135900
20240216,11:43:27,0.85,50,135900
20240216,11:43:36,0.8,1900,135900
20240216,11:44:31,0.8,2950,135900
20240216,11:44:33,0.8,1950,135900
20240216,11:45:08,0.8,100,135900
20240216,11:45:11,0.8,200,135900
20240216,11:45:56,0.8,50,134450
20240216,11:46:11,0.8,50,134450
20240216,11:46:39,0.8,1600,134450
20240216,11:46:42,0.8,150,134450
20240216,11:47:18,0.75,50,134450
20240216,11:48:03,0.75,1800,134450
20240216,11:48:25,0.8,50,134450
20240216,11:50:05,0.75,50,136250
20240216,11:51:19,0.8,50,136250
20240216,11:51:20,0.8,50,136250
20240216,11:51:31,0.8,50,136250
20240216,11:51:49,0.8,800,136250
20240216,11:51:53,0.8,200,136250
20240216,11:52:16,0.8,250,136250
20240216,11:54:12,0.75,1800,136250
20240216,11:56:47,0.75,50,138050
20240216,11:57:05,0.8,100,138050
20240216,11:58:06,0.75,4900,138050
20240216,11:58:25,0.75,50,138050
20240216,11:58:58,0.75,850,138050
20240216,11:59:21,0.75,1000,138050
20240216,11:59:35,0.8,250,138050
20240216,12:02:15,0.75,250,138050
20240216,12:02:35,0.75,250,138350
20240216,12:02:38,0.8,50,138350
20240216,12:03:18,0.75,1850,138350
20240216,12:05:08,0.75,50,140150
20240216,12:05:10,0.8,200,140150
20240216,12:06:10,0.8,50,140150
20240216,12:07:42,0.8,50,140200
20240216,12:09:04,0.75,850,140200
20240216,12:09:06,0.75,550,140200
20240216,12:09:08,0.75,850,140200
20240216,12:09:11,0.75,200,140200
20240216,12:09:41,0.8,50,140200
20240216,12:10:08,0.75,50,140200
20240216,12:10:32,0.75,100,140150
20240216,12:11:32,0.75,250,140150
20240216,12:11:42,0.75,200,140150
20240216,12:12:03,0.75,200,140150
20240216,12:12:12,0.75,200,140150
20240216,12:12:35,0.8,50,140150
20240216,12:13:03,0.75,200,140150
20240216,12:13:04,0.75,200,140150
20240216,12:13:09,0.75,200,140150
20240216,12:13:11,0.75,200,140150
20240216,12:13:13,0.75,950,140150
20240216,12:13:17,0.75,1050,140150
20240216,12:13:30,0.75,550,140150
20240216,12:13:33,0.8,50,140150
20240216,12:14:01,0.75,50,140150
20240216,12:14:59,0.75,50,140150
20240216,12:15:04,0.75,200,140150
20240216,12:15:50,0.75,50,140150
20240216,12:17:48,0.75,50,140000
20240216,12:18:01,0.75,50,140000
20240216,12:18:29,0.75,100,140000
20240216,12:18:38,0.8,50,140000
20240216,12:19:36,0.8,300,140000
20240216,12:19:43,0.8,100,140000
20240216,12:19:45,0.8,100,140000
20240216,12:19:46,0.8,450,140000
20240216,12:19:48,0.75,50,140000
20240216,12:20:01,0.75,1400,140000
20240216,12:20:02,0.7,1900,140000
20240216,12:20:04,0.75,200,140000
20240216,12:20:05,0.7,250,140000
20240216,12:20:11,0.75,200,140000
20240216,12:20:13,0.75,200,140000
20240216,12:20:16,0.75,300,140000
20240216,12:20:21,0.8,550,140000
20240216,12:20:32,0.75,100,140000
20240216,12:20:33,0.8,550,140000
20240216,12:20:43,0.7,5250,140000
20240216,12:20:44,0.75,2000,140000
20240216,12:20:50,0.75,200,140000
20240216,12:20:52,0.75,200,140000
20240216,12:20:55,0.75,200,140000
20240216,12:21:10,0.75,550,140000
20240216,12:21:11,0.7,150,140000
20240216,12:21:13,0.75,550,140000
20240216,12:21:27,0.75,200,140000
20240216,12:21:35,0.75,550,140000
20240216,12:21:41,0.75,1050,140000
20240216,12:22:32,0.75,500,150150
20240216,12:22:40,0.75,50,150150
20240216,12:22:43,0.75,450,150150
20240216,12:22:55,0.75,250,150150
20240216,12:23:39,0.7,50,150150
20240216,12:23:59,0.75,50,150150
20240216,12:24:12,0.7,100,150150
20240216,12:24:37,0.75,50,150150
20240216,12:24:47,0.75,50,150150
20240216,12:24:56,0.7,50,150150
20240216,12:25:08,0.7,50,150150
20240216,12:25:29,0.75,50,150150
20240216,12:26:02,0.75,50,150150
20240216,12:26:07,0.7,1800,150150
20240216,12:26:33,0.7,50,150150
20240216,12:26:52,0.7,1800,150150
20240216,12:26:52,0.7,50,150150
20240216,12:27:18,0.7,50,150150
20240216,12:27:50,0.7,500,150150
20240216,12:28:09,0.7,50,150150
20240216,12:28:25,0.7,50,153750
20240216,12:30:22,0.7,1150,153750
20240216,12:30:28,0.7,300,153750
20240216,12:30:42,0.7,500,153750
20240216,12:31:07,0.7,4850,153750
20240216,12:31:08,0.7,850,153750
20240216,12:31:17,0.7,7200,153750
20240216,12:31:34,0.7,1800,153750
20240216,12:31:36,0.7,1800,153750
20240216,12:32:36,0.7,500,153750
20240216,12:33:13,0.7,550,153750
20240216,12:34:30,0.75,100,153750
20240216,12:34:44,0.7,50,153500
20240216,12:34:56,0.75,50,153500
20240216,12:39:13,0.75,50,153500
20240216,12:40:07,0.7,50,153500
20240216,12:41:52,0.75,750,153500
20240216,12:41:53,0.75,150,153500
20240216,12:43:50,0.75,250,153500
20240216,12:44:47,0.7,1800,153500
20240216,12:44:48,0.7,50,153500
20240216,12:45:03,0.7,50,153500
20240216,12:47:42,0.7,800,153500
20240216,12:51:10,0.7,50,152850
20240216,12:51:34,0.7,1800,152850
20240216,12:51:45,0.7,1800,152850
20240216,12:51:58,0.7,400,151000
20240216,12:52:00,0.7,50,151000
20240216,12:52:24,0.7,50,151000
20240216,12:52:42,0.7,50,151000
20240216,12:53:22,0.7,50,151000
20240216,12:54:02,0.7,2800,151000
20240216,12:54:03,0.7,1800,151000
20240216,12:54:19,0.7,1300,151000
20240216,12:55:47,0.75,250,151000
20240216,12:55:48,0.75,500,151700
20240216,12:58:06,0.7,50,151700
20240216,13:00:48,0.7,150,151700
20240216,13:01:27,0.7,200,151600
20240216,13:01:49,0.75,1000,151600
20240216,13:04:31,0.7,100,151600
20240216,13:05:06,0.75,50,151400
20240216,13:05:29,0.75,50,151400
20240216,13:06:56,0.7,300,151400
20240216,13:06:57,0.75,150,151400
20240216,13:06:58,0.75,50,151400
20240216,13:06:59,0.75,50,151400
20240216,13:07:32,0.7,50,151400
20240216,13:08:23,0.75,100,151400
20240216,13:09:09,0.7,50,151400
20240216,13:09:36,0.75,300,151400
20240216,13:10:38,0.7,200,151400
20240216,13:10:39,0.7,200,150850
20240216,13:10:40,0.7,200,150850
20240216,13:10:53,0.7,550,150850
20240216,13:11:00,0.7,200,150850
20240216,13:11:04,0.7,200,150850
20240216,13:11:06,0.7,200,150850
20240216,13:11:20,0.7,200,150850
20240216,13:11:39,0.7,100,150850
20240216,13:11:49,0.7,200,150850
20240216,13:12:57,0.7,200,150850
20240216,13:13:03,0.7,200,150850
20240216,13:13:04,0.7,200,150850
20240216,13:13:24,0.7,50,150850
20240216,13:14:58,0.75,150,150850
20240216,13:16:50,0.7,200,150850
20240216,13:17:22,0.7,550,150850
20240216,13:21:36,0.7,200,150850
20240216,13:21:51,0.7,1500,150850
20240216,13:21:52,0.65,600,150850
20240216,13:21:57,0.65,200,150850
20240216,13:22:00,0.65,200,150850
20240216,13:22:14,0.65,200,150850
20240216,13:22:15,0.65,200,152500
20240216,13:22:27,0.65,200,152500
20240216,13:22:29,0.65,550,152500
20240216,13:22:32,0.65,200,152500
20240216,13:22:34,0.65,550,152500
20240216,13:25:07,0.65,200,152700
20240216,13:27:15,0.65,50,152700
20240216,13:27:39,0.65,50,152700
20240216,13:29:22,0.7,300,152700
20240216,13:29:37,0.7,400,152700
20240216,13:29:56,0.7,150,152700
20240216,13:29:58,0.7,150,152700
20240216,13:30:00,0.7,200,152700
20240216,13:30:02,0.7,200,152700
20240216,13:30:27,0.65,50,152700
20240216,13:31:11,0.7,850,152850
20240216,13:31:13,0.7,550,152850
20240216,13:31:18,0.7,850,152850
20240216,13:31:38,0.65,50,152850
20240216,13:31:51,0.7,200,152850
20240216,13:31:53,0.7,900,152850
20240216,13:32:00,0.65,100,152850
20240216,13:32:04,0.7,200,152850
20240216,13:32:09,0.7,200,152850
20240216,13:32:14,0.7,550,152850
20240216,13:33:37,0.7,550,152850
20240216,13:36:19,0.7,100,152850
20240216,13:37:25,0.65,50,156250
20240216,13:37:40,0.65,45850,156350
20240216,13:38:18,0.65,2100,156350
20240216,13:38:43,0.7,50,156350
20240216,13:39:09,0.65,50,156350
20240216,13:40:15,0.65,850,156350
20240216,13:40:16,0.7,50,202200
20240216,13:40:17,0.65,900,202200
20240216,13:40:18,0.65,850,202200
20240216,13:40:19,0.65,900,202200
20240216,13:40:20,0.65,850,202200
20240216,13:40:21,0.65,900,202200
20240216,13:40:22,0.65,850,202200
20240216,13:40:23,0.65,900,202200
20240216,13:40:24,0.65,850,202200
20240216,13:40:25,0.65,900,202200
20240216,13:40:26,0.65,850,202200
20240216,13:40:27,0.65,900,202200
20240216,13:40:28,0.65,850,202200
20240216,13:40:29,0.65,900,202200
20240216,13:40:30,0.65,850,202200
20240216,13:40:31,0.65,50,202200
20240216,13:40:32,0.65,10500,202200
20240216,13:40:33,0.65,12000,202200
20240216,13:40:34,0.65,14700,202200
20240216,13:40:35,0.6,5650,202200
20240216,13:40:39,0.6,50,202200
20240216,13:40:40,0.65,50,202200
20240216,13:42:20,0.6,150,202200
20240216,13:42:38,0.6,2600,202200
20240216,13:43:23,0.65,500,202200
20240216,13:43:50,0.6,100,256950
20240216,13:43:51,0.65,50,256950
20240216,13:44:16,0.65,2300,256950
20240216,13:45:23,0.65,2150,256950
20240216,13:45:48,0.6,1850,256950
20240216,13:47:21,0.6,200,257550
20240216,13:47:56,0.6,250,257550
20240216,13:48:23,0.65,450,257550
20240216,13:48:28,0.65,1800,257550
20240216,13:48:32,0.65,250,257550
20240216,13:49:05,0.65,100,257550
20240216,13:49:13,0.65,350,257550
20240216,13:50:28,0.6,1800,257550
20240216,13:51:38,0.65,50,257550
20240216,13:54:03,0.6,50,257550
20240216,13:54:37,0.65,50,259350
20240216,13:57:52,0.6,50,259350
20240216,13:57:56,0.6,50,259350
20240216,13:58:09,0.6,50,259350
20240216,13:58:18,0.6,50,259350
20240216,13:58:19,0.6,100,259350
20240216,13:58:50,0.6,1100,259350
20240216,13:58:51,0.65,50,259350
20240216,13:59:02,0.6,50,259350
20240216,13:59:39,0.6,50,259350
20240216,13:59:40,0.65,50,259350
20240216,13:59:52,0.6,50,259350
20240216,13:59:54,0.6,50,259350
20240216,14:00:39,0.6,1800,259350
20240216,14:00:40,0.6,1800,259350
20240216,14:00:41,0.6,1800,259350
20240216,14:01:32,0.65,800,259350
20240216,14:01:33,0.65,1200,264750
20240216,14:01:37,0.6,50,264750
20240216,14:02:01,0.65,2000,264750
20240216,14:02:03,0.6,250,264750
20240216,14:03:20,0.65,1800,264750
20240216,14:03:21,0.65,1800,264750
20240216,14:03:22,0.65,1800,264750
20240216,14:03:23,0.65,3000,264750
20240216,14:03:24,0.65,1800,264750
20240216,14:03:25,0.65,3600,264750
20240216,14:03:51,0.65,1800,264750
20240216,14:03:54,0.6,50,264750
20240216,14:05:17,0.65,1800,264750
20240216,14:05:17,0.65,1800,263950
20240216,14:05:18,0.65,3900,263950
20240216,14:05:51,0.65,3000,263950
20240216,14:05:54,0.65,14400,263950
20240216,14:05:55,0.65,1800,263950
20240216,14:05:56,0.7,15300,263950
20240216,14:05:57,0.7,50,263950
20240216,14:05:58,0.7,50,263950
20240216,14:06:00,0.7,50,263950
20240216,14:06:01,0.7,50,263950
20240216,14:06:08,0.65,1500,263950
20240216,14:06:09,0.65,1500,263950
20240216,14:06:52,0.65,2850,263950
20240216,14:07:02,0.65,14550,263950
20240216,14:07:03,0.65,300,263950
20240216,14:07:08,0.65,50,262800
20240216,14:07:11,0.65,50,262800
20240216,14:07:20,0.65,1800,262800
20240216,14:07:27,0.65,1800,262800
20240216,14:07:27,0.65,3300,262800
20240216,14:07:28,0.65,3000,262800
20240216,14:07:35,0.65,1450,262800
20240216,14:07:56,0.65,900,262800
20240216,14:08:01,0.7,1800,262800
20240216,14:08:06,0.65,1800,262800
20240216,14:08:08,0.65,1800,262800
20240216,14:08:13,0.7,150,262800
20240216,14:08:18,0.7,50,262800
20240216,14:08:19,0.7,100,262800
20240216,14:08:20,0.7,100,262800
20240216,14:08:22,0.7,100,262800
20240216,14:08:23,0.7,200,262800
20240216,14:08:24,0.7,150,262800
20240216,14:08:25,0.7,200,262800
20240216,14:08:28,0.7,150,262800
20240216,14:08:30,0.7,150,262800
20240216,14:08:32,0.7,100,262800
20240216,14:08:33,0.7,150,262800
20240216,14:08:35,0.7,150,262800
20240216,14:08:38,0.7,50,262800
20240216,14:08:40,0.7,250,262800
20240216,14:08:40,0.65,350,262800
20240216,14:08:45,0.7,150,262800
20240216,14:08:47,0.7,100,262800
20240216,14:09:21,0.65,50,262800
20240216,14:10:45,0.65,50,257750
20240216,14:13:12,0.65,1850,257750
20240216,14:13:14,0.65,50,257750
20240216,14:13:15,0.65,50,257750
20240216,14:13:22,0.65,600,257750
20240216,14:13:22,0.65,50,257750
20240216,14:13:23,0.6,50,257750
20240216,14:13:25,0.6,50,257750
20240216,14:13:27,0.6,50,257750
20240216,14:13:34,0.65,15500,257750
20240216,14:13:35,0.65,50,257750
20240216,14:13:36,0.65,50,257750
20240216,14:13:37,0.65,50,257750
20240216,14:13:38,0.65,50,257750
20240216,14:14:11,0.65,100,257750
20240216,14:14:30,0.65,100,257750
20240216,14:14:53,0.65,50,257750
20240216,14:16:18,0.7,50,257750
20240216,14:18:37,0.65,300,243550
20240216,14:19:25,0.65,50,243250
20240216,14:23:05,0.65,50,243250
20240216,14:23:30,0.65,50,243250
20240216,14:25:18,0.7,50,243250
20240216,14:27:06,0.7,250,243250
20240216,14:27:23,0.65,100,243250
20240216,14:27:27,0.65,2600,243250
20240216,14:27:46,0.7,50,243250
20240216,14:29:59,0.65,1800,241250
20240216,14:30:00,0.65,6150,241250
20240216,14:30:02,0.65,1800,241250
20240216,14:30:06,0.65,1800,241250
20240216,14:31:10,0.65,900,241250
20240216,14:31:12,0.65,550,241250
20240216,14:31:13,0.65,200,233400
20240216,14:31:15,0.65,950,233400
20240216,14:31:17,0.65,1900,233400
20240216,14:31:19,0.65,850,233400
20240216,14:31:21,0.65,550,233400
20240216,14:31:23,0.65,2350,233400
20240216,14:31:26,0.65,400,233400
20240216,14:31:28,0.65,550,233400
20240216,14:31:32,0.65,200,233400
20240216,14:31:35,0.65,200,233400
20240216,14:31:37,0.65,200,233400
20240216,14:31:39,0.65,6200,233400
20240216,14:31:41,0.65,200,233400
20240216,14:31:44,0.65,200,233400
20240216,14:31:46,0.65,200,233400
20240216,14:31:48,0.65,200,233400
20240216,14:31:58,0.65,50,233400
20240216,14:31:59,0.65,200,233400
20240216,14:32:04,0.65,200,233400
20240216,14:32:05,0.65,550,233400
20240216,14:32:07,0.65,550,233400
20240216,14:32:10,0.65,550,233400
20240216,14:32:13,0.65,900,233400
20240216,14:32:21,0.65,200,233400
20240216,14:32:25,0.65,200,233400
20240216,14:32:38,0.7,50,233400
20240216,14:34:18,0.65,50,233400
20240216,14:35:35,0.65,600,222500
20240216,14:35:52,0.65,50,222500
20240216,14:39:24,0.65,500,222500
20240216,14:40:03,0.65,900,222250
20240216,14:44:28,0.7,14400,222100
20240216,14:45:40,0.7,50,222100
20240216,14:46:17,0.7,50,222100
20240216,14:46:37,0.7,50,207700
20240216,14:46:50,0.7,50,207700
20240216,14:46:56,0.65,500,207700
20240216,14:47:26,0.65,50,207700
20240216,14:48:34,0.65,700,207700
20240216,14:48:36,0.65,850,207700
20240216,14:48:48,0.65,1500,207700
20240216,14:50:24,0.65,50,207700
20240216,14:51:01,0.7,100,207700
20240216,14:51:04,0.7,300,207700
20240216,14:51:10,0.7,100,207700
20240216,14:51:50,0.65,17300,207700
20240216,14:51:51,0.65,50,207700
20240216,14:52:01,0.65,450,207700
20240216,14:52:02,0.65,300,207700
20240216,14:52:18,0.65,300,207700
20240216,14:53:01,0.65,1650,224700
20240216,14:53:09,0.65,500,224700
20240216,14:53:29,0.6,50,224700
20240216,14:54:01,0.6,800,224700
20240216,14:54:04,0.6,50,224700
20240216,14:54:09,0.65,100,224700
20240216,14:54:11,0.65,100,224700
20240216,14:54:14,0.65,300,224700
20240216,14:55:01,0.65,450,224700
20240216,14:56:01,0.65,100,224250
20240216,14:56:02,0.65,350,224250
20240216,14:56:04,0.65,300,224250
20240216,14:56:06,0.65,300,224250
20240216,14:57:01,0.65,450,224250
20240216,14:57:03,0.65,100,224250
20240216,14:57:08,0.65,1800,224250
20240216,14:57:59,0.65,50,224250
20240216,14:58:01,0.65,300,224250
20240216,14:58:02,0.65,500,224250
20240216,14:58:19,0.65,50,226450
20240216,15:00:00,0.6,1800,226450
20240216,15:00:02,0.6,1100,226450
20240216,15:00:03,0.6,2350,226450
20240216,15:00:07,0.6,1050,226450
20240216,15:00:56,0.6,50,226450
20240216,15:01:17,0.65,50,226450
20240216,15:01:21,0.6,250,226450
20240216,15:03:22,0.6,50,226450
20240216,15:05:10,0.6,100,226450
20240216,15:05:48,0.6,4000,226450
20240216,15:07:40,0.6,750,226450
20240216,15:12:38,0.65,1500,226450
20240216,15:12:57,0.6,50,226450
20240216,15:13:12,0.6,50,226450
20240216,15:13:28,0.65,50,226450
20240216,15:14:24,0.6,50,226600
20240216,15:14:57,0.6,250,226600
20240216,15:15:14,0.6,250,226600
20240216,15:15:19,0.6,50,226600
20240216,15:15:28,0.6,50,226600
20240216,15:15:39,0.6,300,226600
20240216,15:15:48,0.6,50,226600
20240216,15:15:53,0.6,300,226600
20240216,15:16:07,0.6,250,226600
20240216,15:16:13,0.6,250,226600
20240216,15:16:19,0.6,250,226600
20240216,15:16:42,0.6,50,226500
20240216,15:16:44,0.6,200,226500
20240216,15:17:04,0.65,850,226500
20240216,15:17:06,0.6,50,226500
20240216,15:17:19,0.65,50,226500
20240216,15:17:21,0.65,50,226500
20240216,15:17:22,0.65,50,226500
20240216,15:17:25,0.65,100,226500
20240216,15:17:26,0.65,50,226500
20240216,15:17:27,0.65,50,226500
20240216,15:17:28,0.65,50,226500
20240216,15:17:29,0.65,50,226500
20240216,15:17:30,0.65,250,226500
20240216,15:17:31,0.65,50,226500
20240216,15:17:32,0.65,50,226500
20240216,15:17:37,0.65,100,226500
20240216,15:19:29,0.6,1600,226500
20240216,15:19:48,0.65,250,224750
20240216,15:20:38,0.6,50,224750
20240216,15:20:47,0.65,1000,224750
20240216,15:20:50,0.65,1000,224750
20240216,15:21:43,0.65,6000,224750
20240216,15:22:20,0.6,50,224750
20240216,15:22:26,0.6,50,224750
20240216,15:22:27,0.6,50,224750
20240216,15:22:30,0.6,50,224750
20240216,15:22:31,0.6,50,224750
20240216,15:22:33,0.6,50,224750
20240216,15:23:51,0.65,50,224750
20240216,15:23:55,0.65,1500,224750
20240216,15:23:56,0.65,2700,224750
20240216,15:23:57,0.65,3000,224750
20240216,15:23:59,0.65,1000,224750
20240216,15:23:59,0.65,1500,224750
20240216,15:24:18,0.65,1000,224750
20240216,15:24:20,0.6,100,224750
20240216,15:24:34,0.6,50,224750
20240216,15:24:39,0.65,400,224750
20240216,15:24:54,0.65,300,224750
20240216,15:24:56,0.6,50,224750
20240216,15:25:20,0.65,1900,228250
20240216,15:25:27,0.65,500,228250
20240216,15:25:28,0.65,350,228250
20240216,15:26:35,0.65,1100,228250
20240216,15:26:36,0.65,800,228250
20240216,15:26:38,0.65,500,228250
20240216,15:27:29,0.65,450,228250
20240216,15:27:57,0.65,450,228250
20240216,15:28:14,0.6,50,228250
20240216,15:28:28,0.65,350,228250
20240216,15:28:31,0.65,500,226750
20240216,15:28:34,0.7,450,226750
20240216,15:29:02,0.6,1200,226750
20240216,15:29:03,0.65,1500,226750
20240216,15:29:28,0.65,350,226750
20240216,15:29:30,0.65,1500,226750
20240216,15:29:35,0.65,500,226750
20240216,15:29:41,0.65,250,226750
20240216,15:29:49,0.65,150,226750
20240219,09:15:06,0.65,1,225500
20240219,09:15:06,0.75,700,225500
20240219,09:15:07,0.7,750,225500
20240219,09:15:08,0.7,1050,225500
20240219,09:15:09,0.65,1650,225500
20240219,09:15:10,0.65,600,225500
20240219,09:15:26,0.7,50,225500
20240219,09:15:41,0.65,50,225500
20240219,09:15:46,0.65,50,225500
20240219,09:15:53,0.65,50,225500
20240219,09:15:59,0.65,300,225500
20240219,09:16:09,0.65,50,225500
20240219,09:16:10,0.65,50,225500
20240219,09:16:11,0.65,250,225500
20240219,09:16:12,0.65,200,225500
20240219,09:16:19,0.65,100,225500
20240219,09:16:32,0.65,50,225500
20240219,09:16:37,0.65,750,225500
20240219,09:16:54,0.6,250,225500
20240219,09:19:14,0.6,50,225500
20240219,09:19:15,0.65,50,225500
20240219,09:19:29,0.6,250,225500
20240219,09:20:12,0.6,1800,225500
20240219,09:20:15,0.65,50,225500
20240219,09:20:25,0.65,50,225500
20240219,09:20:42,0.6,50,225500
20240219,09:20:46,0.6,300,225500
20240219,09:22:08,0.6,350,225500
20240219,09:22:10,0.6,1150,225500
20240219,09:22:15,0.6,350,225500
20240219,09:22:46,0.6,1000,225500
20240219,09:22:52,0.65,50,225500
20240219,09:23:15,0.6,2800,225500
20240219,09:23:16,0.6,1000,225500
20240219,09:23:17,0.6,750,225500
20240219,09:23:36,0.6,50,225500
20240219,09:23:37,0.6,50,225500
20240219,09:23:38,0.6,50,225500
20240219,09:23:39,0.6,50,225500
20240219,09:23:41,0.6,50,225500
20240219,09:23:44,0.6,250,225500
20240219,09:23:45,0.6,50,225500
20240219,09:23:49,0.55,450,225500
20240219,09:23:56,0.55,100,225500
20240219,09:24:05,0.6,350,225500
20240219,09:24:07,0.6,50,225500
20240219,09:24:11,0.6,50,225500
20240219,09:24:31,0.6,50,222550
20240219,09:24:44,0.6,1900,222550
20240219,09:24:50,0.6,1000,222550
20240219,09:24:51,0.6,100,222550
20240219,09:25:26,0.6,100,222550
20240219,09:26:41,0.6,50,222550
20240219,09:27:34,0.6,100,222500
20240219,09:27:43,0.55,1100,222500
20240219,09:27:50,0.55,50,222500
20240219,09:29:01,0.6,50,222500
20240219,09:29:25,0.6,50,222500
20240219,09:29:43,0.6,50,222500
20240219,09:30:15,0.55,1800,222500
20240219,09:30:57,0.6,50,222500
20240219,09:32:18,0.55,1500,224300
20240219,09:33:10,0.55,50,224300
20240219,09:33:32,0.6,400,224300
20240219,09:35:17,0.6,150,224300
20240219,09:35:20,0.6,400,224300
20240219,09:35:25,0.55,150,224300
20240219,09:35:56,0.55,50,224300
20240219,09:35:56,0.55,11000,224300
20240219,09:36:04,0.55,100,224300
20240219,09:36:47,0.55,500,226100
20240219,09:37:04,0.55,350,226100
20240219,09:37:42,0.55,300,226100
20240219,09:37:53,0.6,400,226100
20240219,09:37:54,0.6,50,226100
20240219,09:40:20,0.55,800,226100
20240219,09:40:21,0.55,3200,226200
20240219,09:40:49,0.55,12100,226200
20240219,09:40:56,0.55,150,226200
20240219,09:41:27,0.55,100,226200
20240219,09:41:50,0.55,1800,226200
20240219,09:41:51,0.55,5400,226200
20240219,09:41:52,0.55,5100,226200
20240219,09:42:52,0.55,1800,226200
20240219,09:43:13,0.55,1350,226150
20240219,09:43:14,0.5,3600,226150
20240219,09:43:25,0.5,50,226150
20240219,09:43:43,0.55,1800,226150
20240219,09:43:44,0.55,1800,226150
20240219,09:44:07,0.5,2400,226150
20240219,09:44:14,0.5,250,226150
20240219,09:44:18,0.5,3600,226150
20240219,09:46:13,0.5,500,233550
20240219,09:46:43,0.5,500,233550
20240219,09:51:01,0.5,5400,233550
20240219,09:51:16,0.55,50,233550
20240219,09:53:02,0.5,50,233550
20240219,09:54:09,0.5,1800,238950
20240219,09:54:49,0.55,250,240750
20240219,09:55:06,0.5,50,240750
20240219,09:55:24,0.5,50,240750
20240219,09:57:54,0.5,50,240750
20240219,09:58:13,0.5,50,240750
20240219,10:01:14,0.5,500,240750
20240219,10:03:21,0.5,50,240750
20240219,10:03:55,0.5,50,240750
20240219,10:04:06,0.5,50,240750
20240219,10:04:19,0.5,500,240750
20240219,10:13:40,0.55,50,240750
20240219,10:19:28,0.5,500,240750
20240219,10:19:55,0.5,500,240750
20240219,10:20:13,0.55,1800,240750
20240219,10:20:25,0.5,500,240750
20240219,10:20:50,0.55,50,240750
20240219,10:20:51,0.55,750,240750
20240219,10:21:57,0.5,50,240750
20240219,10:23:51,0.55,1800,240500
20240219,10:24:11,0.55,1800,240500
20240219,10:24:36,0.55,1800,240500
20240219,10:25:00,0.55,2000,238700
20240219,10:25:06,0.55,1800,238700
20240219,10:25:28,0.55,250,238700
20240219,10:25:56,0.55,3600,238700
20240219,10:26:46,0.55,100,238700
20240219,10:27:24,0.55,250,238700
20240219,10:27:28,0.55,1800,238700
20240219,10:27:42,0.55,1800,231950
20240219,10:27:44,0.55,1800,231950
20240219,10:27:47,0.55,2250,231950
20240219,10:29:30,0.55,50,231950
20240219,10:29:48,0.5,50,231950
20240219,10:31:39,0.5,100,231950
20240219,10:31:47,0.55,150,231500
20240219,10:32:38,0.5,150,231500
20240219,10:33:09,0.55,1800,231500
20240219,10:33:28,0.5,50,231500
20240219,10:39:02,0.55,250,231500
20240219,10:40:27,0.55,50,231500
20240219,10:41:51,0.55,550,231500
20240219,10:41:52,0.55,800,231500
20240219,10:49:41,0.55,200,231500
20240219,10:55:08,0.55,50,231500
20240219,10:55:54,0.55,1800,231500
20240219,10:56:32,0.55,300,231500
20240219,10:56:40,0.55,350,231500
20240219,10:56:46,0.55,250,231500
20240219,10:57:04,0.55,1950,231500
20240219,10:57:22,0.55,250,231500
20240219,10:57:24,0.55,350,231500
20240219,10:58:16,0.55,3600,231500
20240219,10:58:36,0.55,1800,228050
20240219,10:58:37,0.55,1800,228050
20240219,10:58:38,0.55,2000,228050
20240219,10:58:39,0.6,1800,228050
20240219,10:58:40,0.55,100,228050
20240219,10:58:42,0.6,1800,228050
20240219,10:59:06,0.55,900,228050
20240219,10:59:45,0.55,1700,228050
20240219,11:00:21,0.6,300,228050
20240219,11:00:22,0.6,3600,228050
20240219,11:00:23,0.6,1800,228050
20240219,11:01:25,0.55,50,219900
20240219,11:04:29,0.55,50,219850
20240219,11:04:32,0.55,150,219850
20240219,11:04:44,0.55,250,219850
20240219,11:06:02,0.55,250,219850
20240219,11:06:13,0.55,250,219850
20240219,11:06:25,0.55,250,219850
20240219,11:06:28,0.55,3600,219850
20240219,11:07:34,0.55,250,219850
20240219,11:08:22,0.55,250,216750
20240219,11:08:36,0.55,50,216750
20240219,11:09:17,0.55,300,216750
20240219,11:11:45,0.55,50,216750
20240219,11:12:00,0.55,3900,216750
20240219,11:12:00,0.55,1800,216750
20240219,11:13:13,0.55,600,216750
20240219,11:16:45,0.6,250,216750
20240219,11:18:06,0.6,5400,216750
20240219,11:18:50,0.6,3600,211350
20240219,11:18:52,0.6,250,211350
20240219,11:18:53,0.6,18000,211350
20240219,11:18:55,0.6,2450,211350
20240219,11:19:12,0.6,250,211350
20240219,11:20:33,0.6,1800,211350
20240219,11:20:59,0.6,1800,211350
20240219,11:21:01,0.6,1800,211350
20240219,11:21:03,0.6,1800,211350
20240219,11:21:15,0.65,400,211350
20240219,11:23:42,0.6,50,211350
20240219,11:25:11,0.6,6000,211300
20240219,11:25:14,0.6,150,211250
20240219,11:25:20,0.6,100,211250
20240219,11:25:20,0.6,50,211250
20240219,11:26:53,0.6,50,211250
20240219,11:26:54,0.6,50,211250
20240219,11:29:49,0.55,50,211250
20240219,11:30:11,0.6,50,209050
20240219,11:33:21,0.6,50,209050
20240219,11:36:53,0.55,400,209050
20240219,11:49:45,0.6,1100,209050
20240219,11:51:36,0.6,50,209050
20240219,11:54:16,0.55,400,209050
20240219,11:59:02,0.6,1800,207950
20240219,12:00:11,0.6,1800,207950
20240219,12:01:52,0.6,50,207950
20240219,12:04:13,0.6,1800,206100
20240219,12:04:15,0.6,1800,206100
20240219,12:06:40,0.6,50,206100
20240219,12:09:16,0.55,50,206100
20240219,12:10:07,0.55,50,202500
20240219,12:10:42,0.6,50,202500
20240219,12:11:45,0.55,50,202500
20240219,12:12:01,0.55,50,202500
20240219,12:12:21,0.6,250,202500
20240219,12:14:47,0.55,50,202500
20240219,12:15:28,0.6,1800,202500
20240219,12:15:29,0.6,3600,202500
20240219,12:15:30,0.6,7200,202500
20240219,12:15:31,0.6,11150,202500
20240219,12:15:56,0.65,1800,202500
20240219,12:17:05,0.65,150,202850
20240219,12:17:15,0.65,1000,202850
20240219,12:17:17,0.65,9000,202850
20240219,12:17:18,0.65,1800,202850
20240219,12:18:23,0.6,150,202850
20240219,12:19:22,0.65,250,208500
20240219,12:20:58,0.65,1800,208500
20240219,12:20:58,0.65,50,208500
20240219,12:24:04,0.6,1450,206700
20240219,12:26:37,0.65,250,205750
20240219,12:28:10,0.65,50,205750
20240219,12:29:28,0.6,9000,205750
20240219,12:29:29,0.6,800,205750
20240219,12:29:30,0.6,50,205750
20240219,12:32:00,0.6,300,205750
20240219,12:32:15,0.6,50,197150
20240219,12:36:13,0.6,50,197150
20240219,12:36:52,0.6,250,197150
20240219,12:37:00,0.55,50,197150
20240219,12:37:02,0.6,100,197150
20240219,12:37:34,0.6,200,197150
20240219,12:38:29,0.6,100,197150
20240219,12:42:32,0.6,1800,197150
20240219,12:42:49,0.6,600,197150
20240219,12:43:09,0.6,100,197450
20240219,12:47:25,0.6,50,197450
20240219,12:47:53,0.6,3600,197350
20240219,12:47:54,0.6,50,197350
20240219,12:49:28,0.6,100,195350
20240219,12:51:01,0.6,50,195350
20240219,12:54:25,0.55,50,195350
20240219,12:55:23,0.55,50,195350
20240219,12:56:33,0.6,50,195350
20240219,12:57:28,0.6,700,195350
20240219,12:57:29,0.6,1800,195350
20240219,13:00:01,0.6,50,196550
20240219,13:02:46,0.55,100,196600
20240219,13:02:55,0.6,50,196600
20240219,13:03:08,0.6,50,196600
20240219,13:03:51,0.6,100,196600
20240219,13:04:55,0.55,100,196800
20240219,13:06:11,0.6,200,196800
20240219,13:10:19,0.6,250,197000
20240219,13:10:25,0.6,50,197000
20240219,13:11:34,0.6,350,197000
20240219,13:11:35,0.6,300,197000
20240219,13:11:38,0.6,400,197000
20240219,13:11:49,0.6,250,197000
20240219,13:11:50,0.6,250,197000
20240219,13:11:51,0.6,250,197000
20240219,13:11:52,0.6,250,197000
20240219,13:11:54,0.6,400,197000
20240219,13:13:53,0.6,300,197300
20240219,13:14:10,0.6,1800,197300
20240219,13:15:26,0.55,50,197300
20240219,13:16:10,0.6,1850,197300
20240219,13:16:10,0.6,5400,195500
20240219,13:16:12,0.6,750,195500
20240219,13:16:16,0.6,50,195500
20240219,13:16:45,0.6,400,195500
20240219,13:17:40,0.6,50,195500
20240219,13:18:14,0.6,50,195500
20240219,13:19:52,0.65,50,195500
20240219,13:20:10,0.6,50,188350
20240219,13:20:41,0.6,1400,188350
20240219,13:23:58,0.6,50,188350
20240219,13:27:10,0.6,50,186950
20240219,13:31:24,0.65,50,186900
20240219,13:33:06,0.6,2700,186850
20240219,13:33:07,0.6,50,186850
20240219,13:33:09,0.6,50,186850
20240219,13:33:12,0.6,50,186850
20240219,13:33:13,0.6,50,186850
20240219,13:33:21,0.6,100,186850
20240219,13:39:00,0.6,650,186350
20240219,13:39:59,0.55,50,186350
20240219,13:40:04,0.6,5300,186350
20240219,13:40:04,0.6,50,186350
20240219,13:40:05,0.6,50,186350
20240219,13:40:08,0.6,50,186350
20240219,13:41:10,0.6,400,186350
20240219,13:41:13,0.65,50,187950
20240219,13:41:26,0.6,50,187950
20240219,13:42:37,0.6,50,187950
20240219,13:43:17,0.6,1800,187950
20240219,13:44:08,0.6,50,187950
20240219,13:44:21,0.6,50,187950
20240219,13:44:29,0.6,1800,187950
20240219,13:44:30,0.6,100,187950
20240219,13:45:04,0.6,50,187950
20240219,13:45:07,0.6,50,187950
20240219,13:45:11,0.6,100,187950
20240219,13:45:31,0.6,1800,187950
20240219,13:45:51,0.6,50,187950
20240219,13:46:22,0.55,50,186350
20240219,13:47:11,0.55,50,186350
20240219,13:47:27,0.6,50,186350
20240219,13:48:36,0.6,500,186350
20240219,13:54:19,0.55,50,186950
20240219,13:55:24,0.6,50,186950
20240219,13:55:44,0.6,100,186950
20240219,13:55:51,0.6,50,186950
20240219,13:56:46,0.6,200,186950
20240219,13:58:09,0.6,1800,186950
20240219,13:58:12,0.6,10800,186400
20240219,13:58:13,0.6,1800,186400
20240219,13:58:14,0.65,1800,186400
20240219,13:58:15,0.65,1800,186400
20240219,13:58:16,0.65,1800,186400
20240219,13:58:27,0.65,1800,186400
20240219,13:58:28,0.65,1800,186400
20240219,13:58:45,0.6,50,186400
20240219,13:58:52,0.6,50,186400
20240219,13:59:07,0.65,3600,186400
20240219,13:59:35,0.6,500,186400
20240219,14:00:07,0.65,2800,186400
20240219,14:00:37,0.65,2850,186400
20240219,14:01:04,0.65,1800,186400
20240219,14:01:07,0.65,2800,186400
20240219,14:01:08,0.65,3300,186400
20240219,14:01:09,0.65,2300,186400
20240219,14:01:32,0.65,1800,174100
20240219,14:01:33,0.65,7950,174100
20240219,14:01:35,0.65,50,174100
20240219,14:01:39,0.65,50,174100
20240219,14:02:00,0.65,50,174100
20240219,14:02:07,0.65,2800,174100
20240219,14:02:10,0.65,1800,174100
20240219,14:02:11,0.65,1800,174100
20240219,14:02:12,0.65,1800,174100
20240219,14:02:13,0.65,200,174100
20240219,14:02:37,0.7,2850,174100
20240219,14:03:07,0.7,2800,174100
20240219,14:03:27,0.65,100,174100
20240219,14:03:37,0.7,2900,174100
20240219,14:04:07,0.7,2800,174100
20240219,14:04:08,0.7,50,174100
20240219,14:04:11,0.7,1000,174100
20240219,14:04:37,0.7,2850,174750
20240219,14:04:41,0.65,100,174750
20240219,14:05:07,0.75,2850,174750
20240219,14:05:32,0.7,2450,174750
20240219,14:05:33,0.7,50,174750
20240219,14:05:37,0.75,1100,174750
20240219,14:06:07,0.75,2800,174750
20240219,14:06:37,0.75,2850,174750
20240219,14:06:52,0.7,500,174750
20240219,14:06:53,0.7,300,174750
20240219,14:07:07,0.75,2800,174750
20240219,14:07:30,0.7,200,174750
20240219,14:07:37,0.75,2900,175700
20240219,14:07:46,0.7,1550,175700
20240219,14:07:56,0.75,50,175700
20240219,14:07:57,0.75,50,175700
20240219,14:07:58,0.75,100,175700
20240219,14:07:59,0.75,100,175700
20240219,14:08:00,0.75,100,175700
20240219,14:08:01,0.75,50,175700
20240219,14:08:02,0.75,50,175700
20240219,14:08:03,0.75,50,175700
20240219,14:08:04,0.75,50,175700
20240219,14:08:05,0.75,100,175700
20240219,14:08:07,0.8,5750,175700
20240219,14:08:13,0.75,1650,175700
20240219,14:08:21,0.75,1400,175700
20240219,14:08:30,0.75,1800,175700
20240219,14:08:31,0.7,50,175700
20240219,14:08:37,0.75,2850,175700
20240219,14:08:39,0.7,250,175700
20240219,14:08:58,0.75,150,175700
20240219,14:09:07,0.75,2800,175700
20240219,14:09:37,0.75,2900,175700
20240219,14:10:05,0.75,4100,175700
20240219,14:10:08,0.75,700,175700
20240219,14:10:08,0.75,50,175700
20240219,14:10:09,0.75,50,175700
20240219,14:10:13,0.75,50,175700
20240219,14:10:14,0.75,50,182900
20240219,14:10:27,0.75,1500,182900
20240219,14:10:37,0.8,2850,182900
20240219,14:10:44,0.75,1800,182900
20240219,14:10:55,0.75,900,182900
20240219,14:10:59,0.75,50,182900
20240219,14:11:04,0.75,50,182900
20240219,14:11:07,0.8,2800,182900
20240219,14:11:10,0.75,1650,182900
20240219,14:11:14,0.75,750,182900
20240219,14:11:16,0.75,500,182900
20240219,14:11:34,0.75,50,182900
20240219,14:11:37,0.8,2900,182900
20240219,14:11:46,0.8,50,182900
20240219,14:12:02,0.75,1000,182900
20240219,14:12:07,0.8,1800,182900
20240219,14:12:32,0.75,1000,182900
20240219,14:12:37,0.8,2950,182900
20240219,14:13:07,0.85,2800,182900
20240219,14:13:09,0.85,100,182900
20240219,14:13:10,0.75,600,182900
20240219,14:13:17,0.75,250,190900
20240219,14:13:20,0.75,500,190900
20240219,14:13:23,0.75,250,190900
20240219,14:13:37,0.85,2900,190900
20240219,14:13:38,0.85,800,190900
20240219,14:13:44,0.8,1500,190900
20240219,14:13:47,0.75,250,190900
20240219,14:13:48,0.75,250,190900
20240219,14:13:50,0.75,250,190900
20240219,14:14:00,0.75,250,190900
20240219,14:14:07,0.85,2800,190900
20240219,14:14:22,0.8,1500,190900
20240219,14:14:24,0.8,1500,190900
20240219,14:14:26,0.8,300,190900
20240219,14:14:28,0.8,300,190900
20240219,14:14:31,0.8,300,190900
20240219,14:14:33,0.75,5050,190900
20240219,14:14:35,0.8,200,190900
20240219,14:14:40,0.8,50,190900
20240219,14:14:43,0.8,50,190900
20240219,14:14:47,0.8,50,190900
20240219,14:14:50,0.8,50,190900
20240219,14:14:52,0.8,100,190900
20240219,14:14:54,0.8,50,190900
20240219,14:15:07,0.85,2800,190900
20240219,14:15:10,0.8,300,190900
20240219,14:15:11,0.8,300,190900
20240219,14:15:12,0.8,300,190900
20240219,14:15:13,0.8,350,190900
20240219,14:15:14,0.8,300,190900
20240219,14:15:16,0.8,150,190900
20240219,14:15:19,0.8,1500,190900
20240219,14:15:22,0.8,1500,190900
20240219,14:15:24,0.8,1150,190900
20240219,14:15:25,0.8,100,190900
20240219,14:15:28,0.8,500,190900
20240219,14:15:37,0.85,2900,190900
20240219,14:15:39,0.8,300,190900
20240219,14:15:46,0.8,50,190900
20240219,14:15:49,0.8,1500,190900
20240219,14:15:50,0.8,1500,190900
20240219,14:15:52,0.8,100,190900
20240219,14:15:53,0.8,1800,190900
20240219,14:16:00,0.8,100,190900
20240219,14:16:02,0.8,400,190900
20240219,14:16:04,0.8,1500,190900
20240219,14:16:06,0.8,1500,190900
20240219,14:16:07,0.85,300,190900
20240219,14:16:37,0.8,3300,196250
20240219,14:17:07,0.85,2800,196250
20240219,14:17:24,0.85,50,196250
20240219,14:17:37,0.85,3550,196250
20240219,14:17:37,0.8,500,196250
20240219,14:18:07,0.9,2800,196250
20240219,14:18:07,0.9,50,196250
20240219,14:18:11,0.9,1450,196250
20240219,14:18:12,0.85,100,196250
20240219,14:18:13,0.85,50,196250
20240219,14:18:37,0.9,2850,196250
20240219,14:18:37,0.9,50,196250
20240219,14:18:38,0.9,50,196250
20240219,14:18:40,0.9,50,196250
20240219,14:18:52,0.85,500,196250
20240219,14:19:07,0.9,2800,196250
20240219,14:19:12,0.85,100,196250
20240219,14:19:37,0.9,2900,196250
20240219,14:20:03,0.85,200,202450
20240219,14:20:07,0.9,2850,202450
20240219,14:20:10,0.9,300,202450
20240219,14:20:11,0.9,300,202450
20240219,14:20:13,0.9,300,202450
20240219,14:20:15,0.9,300,202450
20240219,14:20:18,0.9,300,202450
20240219,14:20:24,0.85,500,202450
20240219,14:20:33,0.85,200,202450
20240219,14:20:37,0.9,2850,202450
20240219,14:20:42,0.9,50,202450
20240219,14:20:43,0.85,500,202450
20240219,14:21:02,0.85,500,202450
20240219,14:21:07,0.9,2800,202450
20240219,14:21:33,0.85,200,202450
20240219,14:21:37,0.95,2900,202450
20240219,14:21:39,0.95,1200,202450
20240219,14:21:41,0.9,2700,202450
20240219,14:21:42,0.9,300,202450
20240219,14:21:43,0.9,900,202450
20240219,14:21:45,0.9,700,202450
20240219,14:21:48,0.9,200,202450
20240219,14:21:49,0.95,50,202450
20240219,14:22:03,0.9,1200,202450
20240219,14:22:07,0.95,1600,202450
20240219,14:22:16,0.95,50,212750
20240219,14:22:37,0.95,2850,212750
20240219,14:22:38,0.9,500,212750
20240219,14:22:41,0.95,1000,212750
20240219,14:23:02,0.95,2800,212750
20240219,14:23:20,0.9,500,212750
20240219,14:23:27,0.95,50,212750
20240219,14:23:36,0.95,700,212750
20240219,14:23:38,0.95,2900,212750
20240219,14:24:08,1.0,3800,212750
20240219,14:24:09,1.0,950,212750
20240219,14:24:11,0.95,900,212750
20240219,14:24:12,0.95,950,212750
20240219,14:24:13,0.95,600,212750
20240219,14:24:14,0.95,100,212750
20240219,14:24:16,0.95,500,212750
20240219,14:24:17,0.95,1800,212750
20240219,14:24:18,0.95,50,212750
20240219,14:24:32,0.95,400,212750
20240219,14:24:33,0.95,1800,212750
20240219,14:24:34,0.95,50,212750
20240219,14:24:37,0.95,4850,212750
20240219,14:24:40,0.9,500,212750
20240219,14:24:49,0.95,50,212750
20240219,14:24:53,0.9,350,212750
20240219,14:25:01,0.95,50,212750
20240219,14:25:03,0.95,800,212750
20240219,14:25:07,1.0,2800,212750
20240219,14:25:11,0.9,1500,212750
20240219,14:25:14,0.95,300,212750
20240219,14:25:16,0.95,50,212750
20240219,14:25:21,0.95,50,227450
20240219,14:25:37,1.0,2900,227450
20240219,14:25:45,0.95,1100,227450
20240219,14:25:46,0.9,800,227450
20240219,14:25:47,0.95,100,227450
20240219,14:26:07,1.0,2800,227450
20240219,14:26:28,0.95,550,227450
20240219,14:26:37,1.0,2850,227450
20240219,14:27:07,1.0,2800,227450
20240219,14:27:37,1.0,2950,227450
20240219,14:27:39,0.95,50,227450
20240219,14:27:55,0.95,1800,227450
20240219,14:28:07,1.0,2800,227450
20240219,14:28:16,1.0,150,227450
20240219,14:28:23,0.95,1800,241650
20240219,14:28:24,0.95,50,241650
20240219,14:28:33,0.95,1800,241650
20240219,14:28:35,0.95,1800,241650
20240219,14:28:37,1.0,2850,241650
20240219,14:28:40,1.0,50,241650
20240219,14:28:57,1.0,100,241650
20240219,14:28:59,0.95,150,241650
20240219,14:29:07,1.0,2800,241650
20240219,14:29:09,1.0,1800,241650
20240219,14:29:10,1.0,1800,241650
20240219,14:29:32,1.0,2700,241650
20240219,14:29:33,1.0,50,241650
20240219,14:29:34,1.0,50,241650
20240219,14:29:35,1.0,50,241650
20240219,14:29:37,1.05,950,241650
20240219,14:29:39,1.05,100,241650
20240219,14:29:40,1.05,300,241650
20240219,14:29:44,1.05,50,241650
20240219,14:29:46,1.0,900,241650
20240219,14:29:47,1.0,300,241650
20240219,14:29:49,1.05,250,241650
20240219,14:29:50,1.0,900,241650
20240219,14:29:55,1.0,900,241650
20240219,14:30:00,1.0,500,241650
20240219,14:30:03,1.0,450,241650
20240219,14:30:07,1.05,2850,241650
20240219,14:30:08,1.0,1250,241650
20240219,14:30:12,0.95,400,241650
20240219,14:30:14,0.95,900,241650
20240219,14:30:17,1.0,50,241650
20240219,14:30:18,1.0,100,241650
20240219,14:30:19,1.0,50,241650
20240219,14:30:29,0.95,1000,241650
20240219,14:30:31,1.0,750,241650
20240219,14:30:37,1.0,2850,241650
20240219,14:31:07,1.0,2800,241650
20240219,14:31:18,0.95,50,241650
20240219,14:31:37,1.05,2900,257450
20240219,14:31:40,0.95,2950,257450
20240219,14:31:43,1.0,200,257450
20240219,14:31:54,1.0,1300,257450
20240219,14:32:02,1.0,50,257450
20240219,14:32:03,1.0,50,257450
20240219,14:32:07,1.05,2800,257450
20240219,14:32:37,1.0,2850,257450
20240219,14:32:42,0.95,50,257450
20240219,14:33:07,1.05,2800,257450
20240219,14:33:12,1.0,400,257450
20240219,14:33:20,1.0,450,257450
20240219,14:33:20,1.0,50,257450
20240219,14:33:25,1.05,50,257450
20240219,14:33:27,1.0,1800,257450
20240219,14:33:31,1.0,600,257450
20240219,14:33:37,1.05,2900,257450
20240219,14:33:40,1.05,50,257450
20240219,14:33:41,1.0,2400,257450
20240219,14:34:00,1.0,50,257450
20240219,14:34:07,1.05,2800,257450
20240219,14:34:11,1.0,800,257450
20240219,14:34:27,1.05,1000,263950
20240219,14:34:28,1.05,50,263950
20240219,14:34:31,1.05,50,263950
20240219,14:34:37,1.05,2850,263950
20240219,14:34:48,1.0,1800,263950
20240219,14:34:50,1.0,100,263950
20240219,14:35:04,1.05,50,263950
20240219,14:35:07,1.05,3300,263950
20240219,14:35:18,1.05,50,263950
20240219,14:35:25,1.05,50,263950
20240219,14:35:37,1.0,3900,263950
20240219,14:35:41,1.0,50,263950
20240219,14:36:02,1.05,100,263950
20240219,14:36:07,1.05,2800,263950
20240219,14:36:37,1.05,2850,263950
20240219,14:36:50,1.0,1000,263950
20240219,14:36:57,1.05,100,263950
20240219,14:37:06,1.0,250,263950
20240219,14:37:07,1.05,2800,263950
20240219,14:37:23,1.0,250,280300
20240219,14:37:24,1.0,1500,280300
20240219,14:37:26,1.0,1800,280300
20240219,14:37:30,1.0,1500,280300
20240219,14:37:37,0.95,2950,280300
20240219,14:37:38,1.0,50,280300
20240219,14:37:42,1.0,50,280300
20240219,14:37:57,1.0,1000,280300
20240219,14:37:59,0.95,50,280300
20240219,14:38:07,1.0,2800,280300
20240219,14:38:20,0.95,50,280300
20240219,14:38:37,1.0,2850,280300
20240219,14:38:57,1.0,100,280300
20240219,14:39:07,1.0,2800,280300
20240219,14:39:31,0.95,1000,280300
20240219,14:39:37,1.0,2900,280300
20240219,14:40:00,0.95,100,280300
20240219,14:40:07,1.05,2800,280300
20240219,14:40:09,0.95,100,280300
20240219,14:40:11,1.0,3200,280300
20240219,14:40:13,1.0,3150,280300
20240219,14:40:37,1.05,2850,280300
20240219,14:40:55,1.0,1800,296800
20240219,14:41:02,1.0,300,296800
20240219,14:41:04,1.0,50,296800
20240219,14:41:07,1.05,2450,296800
20240219,14:41:33,1.0,300,296800
20240219,14:41:37,1.05,2900,296800
20240219,14:41:45,1.0,550,296800
20240219,14:41:45,1.0,50,296800
20240219,14:41:52,1.05,500,296800
20240219,14:41:57,1.0,1600,296800
20240219,14:42:07,1.05,2800,296800
20240219,14:42:27,1.0,50,296800
20240219,14:42:31,1.0,300,296800
20240219,14:42:34,1.0,250,296800
20240219,14:42:37,1.05,2900,296800
20240219,14:42:57,1.0,250,296800
20240219,14:43:06,1.0,14050,296800
20240219,14:43:06,1.0,100,296800
20240219,14:43:08,1.0,50,296800
20240219,14:43:10,1.0,1500,296800
20240219,14:43:11,1.0,50,296800
20240219,14:43:12,1.0,1500,296800
20240219,14:43:13,1.0,1500,296800
20240219,14:43:20,0.95,50,313800
20240219,14:43:21,1.0,50,313800
20240219,14:43:35,1.0,50,313800
20240219,14:43:37,1.0,2900,313800
20240219,14:44:07,1.05,2800,313800
20240219,14:44:09,1.0,50,313800
20240219,14:44:26,1.0,250,313800
20240219,14:44:33,1.0,50,313800
20240219,14:44:49,1.0,750,313800
20240219,14:44:56,1.0,50,313800
20240219,14:45:05,1.0,250,313800
20240219,14:45:08,1.05,50,313800
20240219,14:45:27,1.0,250,313800
20240219,14:45:28,1.0,1850,313800
20240219,14:45:50,1.0,50,313800
20240219,14:46:11,0.95,50,313800
20240219,14:46:13,1.0,50,313800
20240219,14:46:23,1.0,100,319900
20240219,14:46:30,0.95,50,319900
20240219,14:46:46,0.95,1950,319900
20240219,14:46:47,0.95,1800,319900
20240219,14:46:48,0.95,750,319900
20240219,14:46:52,0.95,1500,319900
20240219,14:46:54,0.95,1500,319900
20240219,14:46:55,0.95,1700,319900
20240219,14:46:56,0.95,200,319900
20240219,14:46:58,0.95,100,319900
20240219,14:47:03,0.95,50,319900
20240219,14:47:08,0.95,100,319900
20240219,14:47:17,0.9,6650,319900
20240219,14:47:27,0.9,900,319900
20240219,14:47:30,0.9,900,319900
20240219,14:47:37,0.85,2500,319900
20240219,14:47:45,0.85,50,319900
20240219,14:48:00,0.85,50,319900
20240219,14:48:28,0.85,100,319900
20240219,14:48:30,0.85,6950,319900
20240219,14:48:56,0.8,1800,319900
20240219,14:48:58,0.8,1000,319900
20240219,14:49:21,0.8,100,319900
20240219,14:49:34,0.85,1800,326600
20240219,14:49:37,0.8,200,326600
20240219,14:49:39,0.8,200,326600
20240219,14:49:40,0.8,1000,326600
20240219,14:50:38,0.85,300,326600
20240219,14:50:40,0.8,50,326600
20240219,14:50:52,0.8,1000,326600
20240219,14:51:22,0.85,50,326600
20240219,14:51:27,0.85,100,326600
20240219,14:51:32,0.8,350,326600
20240219,14:51:47,0.85,1950,326600
20240219,14:51:49,0.85,1800,326600
20240219,14:51:51,0.85,1800,326600
20240219,14:51:52,0.85,750,326600
20240219,14:51:53,0.85,100,326600
20240219,14:51:54,0.85,100,326600
20240219,14:52:27,0.9,1800,326600
20240219,14:52:27,0.9,2400,326250
20240219,14:52:31,0.9,100,326250
20240219,14:52:33,0.9,1750,326250
20240219,14:52:50,0.9,250,326250
20240219,14:52:52,0.85,50,326250
20240219,14:53:16,0.85,800,326250
20240219,14:53:22,0.9,50,326250
20240219,14:53:24,0.9,50,326250
20240219,14:53:27,0.9,50,326250
20240219,14:53:46,0.85,300,326250
20240219,14:53:53,0.9,50,326250
20240219,14:55:35,0.9,50,326250
20240219,14:55:53,0.85,50,324550
20240219,14:55:58,0.85,250,324550
20240219,14:56:04,0.9,50,324550
20240219,14:56:06,0.85,50,324550
20240219,14:56:52,0.85,250,324550
20240219,14:56:56,0.85,250,324550
20240219,14:57:11,0.85,250,324550
20240219,14:57:12,0.85,50,324550
20240219,14:57:17,0.85,250,324550
20240219,14:57:24,0.85,250,324550
20240219,14:57:25,0.85,1500,324550
20240219,14:57:28,0.85,500,324550
20240219,14:57:30,0.9,6800,324550
20240219,14:57:33,0.85,500,324550
20240219,14:58:38,0.85,1250,324550
20240219,14:58:50,0.85,50,327900
20240219,14:59:06,0.85,300,327900
20240219,14:59:22,0.85,50,327900
20240219,14:59:33,0.85,50,327900
20240219,14:59:43,0.9,5300,327900
20240219,15:00:13,0.85,7150,327900
20240219,15:00:14,0.9,100,327900
20240219,15:00:15,0.85,100,327900
20240219,15:00:18,0.9,50,327900
20240219,15:00:35,0.9,50,327900
20240219,15:00:36,0.9,50,327900
20240219,15:00:43,0.9,6650,327900
20240219,15:01:13,0.95,4350,327900
20240219,15:01:17,0.9,50,327900
20240219,15:01:19,0.9,1950,327900
20240219,15:01:27,0.9,250,344200
20240219,15:01:28,0.9,150,344200
20240219,15:01:43,0.95,4350,344200
20240219,15:01:48,0.95,100,344200
20240219,15:02:13,0.95,7150,344200
20240219,15:02:19,0.95,50,344200
20240219,15:02:22,0.95,50,344200
20240219,15:02:24,1.0,50,344200
20240219,15:02:43,1.0,4700,344200
20240219,15:02:44,1.0,50,344200
20240219,15:03:01,0.95,250,344200
20240219,15:03:07,0.95,250,344200
20240219,15:03:13,1.0,4400,344200
20240219,15:03:21,0.95,850,344200
20240219,15:03:23,0.95,200,344200
20240219,15:03:26,1.0,100,344200
20240219,15:03:30,0.95,350,344200
20240219,15:03:34,0.95,250,344200
20240219,15:03:42,0.95,1800,344200
20240219,15:03:43,1.0,4300,344200
20240219,15:03:47,0.95,250,344200
20240219,15:03:50,0.95,250,344200
20240219,15:03:58,0.95,400,344200
20240219,15:04:13,1.0,4350,344200
20240219,15:04:17,0.95,900,344200
20240219,15:04:22,0.95,200,367000
20240219,15:04:28,0.95,250,367000
20240219,15:04:29,0.95,1800,367000
20240219,15:04:36,0.95,2250,367000
20240219,15:04:38,0.9,50,367000
20240219,15:04:40,0.9,3000,367000
20240219,15:04:43,0.95,4600,367000
20240219,15:04:44,0.95,400,367000
20240219,15:04:53,0.95,50,367000
20240219,15:04:55,0.95,50,367000
20240219,15:04:57,0.95,2350,367000
20240219,15:05:06,0.95,50,367000
20240219,15:05:12,0.95,1500,367000
20240219,15:05:13,1.0,4350,367000
20240219,15:05:15,0.95,1800,367000
20240219,15:05:17,0.95,50,367000
20240219,15:05:19,1.0,250,367000
20240219,15:05:22,0.95,250,367000
20240219,15:05:23,0.95,50,367000
20240219,15:05:27,0.95,2050,367000
20240219,15:05:43,0.95,4300,367000
20240219,15:06:13,0.95,10600,367000
20240219,15:06:15,0.9,50,367000
20240219,15:06:33,0.9,1800,367000
20240219,15:06:43,0.9,4350,367000
20240219,15:06:49,0.95,7500,367000
20240219,15:07:13,0.9,4400,367000
20240219,15:07:19,0.9,100,367000
20240219,15:07:43,0.95,8000,367000
20240219,15:07:44,0.95,100,398800
20240219,15:07:44,0.95,350,398800
20240219,15:07:59,0.95,1000,398800
20240219,15:08:00,0.95,1800,398800
20240219,15:08:04,0.95,200,398800
20240219,15:08:11,0.95,2050,398800
20240219,15:08:12,0.95,300,398800
20240219,15:08:13,1.0,4350,398800
20240219,15:08:21,0.95,1000,398800
20240219,15:08:22,0.95,250,398800
20240219,15:08:34,0.95,250,398800
20240219,15:08:35,0.95,4600,398800
20240219,15:08:39,0.95,1500,398800
20240219,15:08:40,0.95,1500,398800
20240219,15:08:41,0.9,1000,398800
20240219,15:08:42,0.9,4500,398800
20240219,15:08:43,0.9,7800,398800
20240219,15:08:44,0.9,1500,398800
20240219,15:08:55,0.9,1800,398800
20240219,15:09:04,0.9,1000,398800
20240219,15:09:05,0.9,700,398800
20240219,15:09:06,0.9,750,398800
20240219,15:09:13,0.9,4650,398800
20240219,15:09:16,0.95,50,398800
20240219,15:09:17,0.9,500,398800
20240219,15:09:18,0.9,2700,398800
20240219,15:09:43,0.9,6800,398800
20240219,15:09:44,0.9,550,398800
20240219,15:09:56,0.9,200,398800
20240219,15:10:13,0.85,4400,398800
20240219,15:10:27,0.9,50,398800
20240219,15:10:31,0.9,50,425000
20240219,15:10:43,0.95,4350,425000
20240219,15:10:49,0.9,300,425000
20240219,15:10:50,0.9,6350,425000
20240219,15:11:13,0.9,4350,425000
20240219,15:11:36,0.85,1000,425000
20240219,15:11:43,0.9,4300,425000
20240219,15:11:53,0.9,1500,425000
20240219,15:11:55,0.85,19800,425000
20240219,15:11:56,0.85,1700,425000
20240219,15:11:57,0.85,50,425000
20240219,15:12:00,0.85,100,425000
20240219,15:12:01,0.85,500,425000
20240219,15:12:13,0.9,4400,425000
20240219,15:12:34,0.85,50,425000
20240219,15:12:43,0.9,4850,425000
20240219,15:13:00,0.85,1800,425000
20240219,15:13:13,0.9,4350,425000
20240219,15:13:32,0.9,105800,425000
20240219,15:13:43,0.85,1800,443950
20240219,15:13:43,0.85,6400,443950
20240219,15:13:49,0.9,50,443950
20240219,15:13:54,0.9,50,443950
20240219,15:13:56,0.9,54250,443950
20240219,15:13:58,0.9,200,443950
20240219,15:14:01,0.9,250,443950
20240219,15:14:02,0.95,1150,443950
20240219,15:14:05,0.9,300,443950
20240219,15:14:07,0.9,200,443950
20240219,15:14:13,0.95,4350,443950
20240219,15:14:22,0.9,700,443950
20240219,15:14:43,0.95,4450,443950
20240219,15:14:44,0.9,3600,443950
20240219,15:14:45,0.85,3000,443950
20240219,15:14:46,0.85,100,443950
20240219,15:14:57,0.9,100,443950
20240219,15:15:13,0.9,4600,443950
20240219,15:15:23,0.9,800,443950
20240219,15:15:43,0.9,4450,443950
20240219,15:15:47,0.9,100,443950
20240219,15:16:13,0.95,4350,443950
20240219,15:16:42,0.9,150,443950
20240219,15:16:43,0.9,4400,619750
20240219,15:17:04,0.9,1800,619750
20240219,15:17:13,0.95,4350,619750
20240219,15:17:31,0.9,1850,619750
20240219,15:17:35,0.9,1850,619750
20240219,15:17:36,0.95,1800,619750
20240219,15:17:38,0.95,1300,619750
20240219,15:17:39,0.95,200,619750
20240219,15:17:41,0.95,450,619750
20240219,15:17:42,0.95,2000,619750
20240219,15:17:43,1.0,350,619750
20240219,15:17:48,0.95,100,619750
20240219,15:17:56,0.95,100,619750
20240219,15:18:04,0.95,100,619750
20240219,15:18:09,0.95,150,619750
20240219,15:18:13,1.0,4400,619750
20240219,15:18:18,0.95,1800,619750
20240219,15:19:17,0.95,700,619750
20240219,15:19:18,0.95,250,619750
20240219,15:19:19,0.95,250,619750
20240219,15:19:25,0.95,400,636800
20240219,15:19:36,0.95,2700,636800
20240219,15:19:38,0.95,500,636800
20240219,15:19:39,0.95,2600,636800
20240219,15:19:40,0.9,500,636800
20240219,15:19:41,0.9,500,636800
20240219,15:19:46,0.9,500,636800
20240219,15:20:02,0.9,500,636800
20240219,15:20:16,0.9,500,636800
20240219,15:20:18,0.9,500,636800
20240219,15:20:19,0.9,500,636800
20240219,15:20:21,0.9,500,636800
20240219,15:20:22,0.9,500,636800
20240219,15:20:23,0.9,500,636800
20240219,15:20:49,0.9,500,636800
20240219,15:20:50,0.9,500,636800
20240219,15:20:51,0.9,500,636800
20240219,15:20:53,0.9,2300,636800
20240219,15:20:54,0.9,150,636800
20240219,15:20:56,0.9,300,636800
20240219,15:20:57,0.9,50,636800
20240219,15:20:58,0.9,50,636800
20240219,15:20:59,0.9,50,636800
20240219,15:21:00,0.9,50,636800
20240219,15:21:01,0.9,50,636800
20240219,15:21:19,0.9,1800,636800
20240219,15:21:20,0.9,50,636800
20240219,15:21:20,0.9,3050,636800
20240219,15:21:39,0.9,1800,636800
20240219,15:22:01,0.85,50,636800
20240219,15:22:08,0.85,500,636800
20240219,15:22:11,0.9,500,636800
20240219,15:22:15,0.85,150,636800
20240219,15:22:37,0.85,100,637550
20240219,15:23:00,0.9,1800,637550
20240219,15:23:01,0.9,1800,637550
20240219,15:23:04,0.9,1800,637550
20240219,15:23:05,0.85,850,637550
20240219,15:23:07,0.9,1000,637550
20240219,15:23:28,0.85,250,637550
20240219,15:23:30,0.85,150,637550
20240219,15:23:32,0.85,100,637550
20240219,15:23:38,0.85,5100,637550
20240219,15:23:39,0.85,3800,637550
20240219,15:24:42,0.9,50,637550
20240219,15:24:43,0.85,50,637550
20240219,15:24:50,0.85,1850,637550
20240219,15:24:51,0.85,50,637550
20240219,15:24:52,0.85,50,637550
20240219,15:24:53,0.85,50,637550
20240219,15:24:54,0.85,50,637550
20240219,15:25:04,0.85,250,637550
20240219,15:25:10,0.85,50,637550
20240219,15:25:13,0.85,500,637550
20240219,15:25:26,0.85,50,637550
20240219,15:25:41,0.9,850,637550
20240219,15:25:43,0.85,3050,637550
20240219,15:25:45,0.85,2100,637550
20240219,15:25:47,0.85,100,637550
20240219,15:25:49,0.85,300,637550
20240219,15:26:35,0.8,1800,637550
20240219,15:27:15,0.85,1800,637550
20240219,15:27:18,0.9,100,637550
20240219,15:27:19,0.9,4700,637550
20240219,15:27:33,0.85,300,637550
20240219,15:27:35,0.85,300,637550
20240219,15:28:17,0.85,200,637550
20240219,15:28:35,0.8,1800,639700
20240219,15:28:53,0.8,50,639700
20240219,15:28:58,0.8,100,639700
20240219,15:28:58,0.8,500,639700
20240219,15:29:10,0.85,100,639700
20240219,15:29:39,0.8,1450,639700
20240219,15:29:41,0.8,300,639700
20240219,15:29:43,0.85,1800,639700
20240219,15:29:45,0.85,300,639700
20240219,15:29:46,0.85,50,639700
20240219,15:29:47,0.85,950,639700
20240219,15:29:47,0.8,5600,639700
20240219,15:29:54,0.75,200,639700
20240219,15:29:55,0.8,300,639700
20240219,15:30:00,0.8,300,639700
20240220,09:15:00,0.8,1,639900
20240220,09:15:00,0.8,200,639900
20240220,09:15:01,0.8,50,639900
20240220,09:15:01,1.3,1300,639900
20240220,09:15:03,0.9,150,639900
20240220,09:15:04,0.85,350,639900
20240220,09:15:05,0.95,550,639900
20240220,09:15:06,0.95,1150,639900
20240220,09:15:07,0.85,400,639900
20240220,09:15:08,0.85,100,639900
20240220,09:15:09,0.85,400,639900
20240220,09:15:10,0.85,100,639900
20240220,09:15:12,0.8,300,639900
20240220,09:15:13,0.8,1200,639900
20240220,09:15:14,0.8,50,639900
20240220,09:15:17,0.8,50,639900
20240220,09:15:29,0.8,1100,639900
20240220,09:15:45,0.75,200,639900
20240220,09:16:07,0.7,100,644150
20240220,09:16:08,0.7,850,644150
20240220,09:16:10,0.7,450,644150
20240220,09:16:15,0.7,50,644150
20240220,09:16:24,0.7,250,644150
20240220,09:16:32,0.7,300,644150
20240220,09:16:32,0.7,650,644150
20240220,09:16:35,0.7,600,644150
20240220,09:16:36,0.7,500,644150
20240220,09:16:41,0.7,100,644150
20240220,09:16:47,0.65,1000,644150
20240220,09:17:02,0.65,300,644150
20240220,09:17:19,0.7,1550,644150
20240220,09:17:30,0.7,1450,644150
20240220,09:17:53,0.65,50,644150
20240220,09:20:58,0.7,100,644150
20240220,09:21:15,0.7,2350,641850
20240220,09:21:17,0.65,1800,641850
20240220,09:21:20,0.75,150000,641850
20240220,09:23:03,0.7,300,641850
20240220,09:23:17,0.7,450,494750
20240220,09:23:35,0.7,300,494750
20240220,09:24:46,0.7,300,494750
20240220,09:24:51,0.75,500,494800
20240220,09:25:03,0.75,50,494800
20240220,09:25:28,0.7,250,494800
20240220,09:25:46,0.75,100,494800
20240220,09:28:11,0.7,50,494800
20240220,09:28:56,0.7,50,494000
20240220,09:29:24,0.7,500,494000
20240220,09:29:33,0.7,50,494000
20240220,09:29:33,0.7,1800,494000
20240220,09:29:50,0.7,50,494000
20240220,09:30:02,0.7,50,494000
20240220,09:30:26,0.7,3350,494000
20240220,09:30:30,0.65,100,494000
20240220,09:30:46,0.65,50,494000
20240220,09:31:40,0.65,50,495750
20240220,09:32:03,0.65,2700,495750
20240220,09:32:17,0.65,1650,495750
20240220,09:32:37,0.7,50,495750
20240220,09:33:17,0.65,50,495750
20240220,09:34:26,0.65,500,491300
20240220,09:35:07,0.65,50,491300
20240220,09:35:10,0.65,50,491300
20240220,09:35:16,0.65,50,491300
20240220,09:35:19,0.65,50,491300
20240220,09:36:10,0.7,300,491300
20240220,09:38:09,0.7,50,491300
20240220,09:43:03,0.65,50,491100
20240220,09:45:26,0.7,1500,491100
20240220,09:45:46,0.7,1700,491100
20240220,09:45:46,0.7,50,491100
20240220,09:48:17,0.7,250,491100
20240220,09:48:21,0.7,250,489550
20240220,09:48:29,0.7,350,489550
20240220,09:48:39,0.7,350,489550
20240220,09:50:22,0.7,50,490500
20240220,09:51:04,0.65,1800,490500
20240220,09:52:38,0.65,50,492000
20240220,09:53:34,0.7,1800,492000
20240220,09:54:36,0.7,200,492000
20240220,09:56:06,0.65,750,492600
20240220,09:56:07,0.65,800,492600
20240220,09:56:09,0.65,200,492600
20240220,09:56:10,0.65,300,492600
20240220,09:56:12,0.7,650,492600
20240220,09:56:24,0.65,50,492600
20240220,09:58:04,0.6,100,491100
20240220,09:58:13,0.6,100,491100
20240220,10:01:01,0.6,250,491100
20240220,10:01:07,0.65,250,490900
20240220,10:01:52,0.65,250,490900
20240220,10:02:02,0.65,350,490900
20240220,10:02:03,0.65,500,490900
20240220,10:02:35,0.65,100,490900
20240220,10:04:56,0.65,900,489550
20240220,10:04:58,0.65,300,489550
20240220,10:04:59,0.65,50,489550
20240220,10:05:07,0.65,50,489550
20240220,10:06:29,0.65,1000,489550
20240220,10:07:07,0.7,50,489400
20240220,10:11:45,0.7,500,489450
20240220,10:11:46,0.65,50,489450
20240220,10:11:47,0.7,900,489450
20240220,10:11:49,0.7,1000,489450
20240220,10:11:51,0.7,900,489450
20240220,10:11:57,0.7,900,489450
20240220,10:11:59,0.7,1500,489450
20240220,10:12:01,0.7,1150,489450
20240220,10:12:04,0.65,50,489450
20240220,10:12:05,0.65,250,489450
20240220,10:12:06,0.65,250,489450
20240220,10:13:34,0.65,50,489450
20240220,10:14:35,0.7,1100,488850
20240220,10:16:52,0.7,650,488800
20240220,10:16:56,0.75,50,488800
20240220,10:17:07,0.7,350,488800
20240220,10:17:19,0.7,50,488800
20240220,10:18:12,0.7,50,488800
20240220,10:22:07,0.75,50,488850
20240220,10:22:19,0.75,50,488850
20240220,10:22:21,0.75,1800,488850
20240220,10:23:03,0.75,50,488850
20240220,10:24:05,0.75,50,488850
20240220,10:27:27,0.75,1800,488850
20240220,10:28:08,0.75,50,489000
20240220,10:28:35,0.75,1950,489000
20240220,10:28:50,0.75,50,489000
20240220,10:28:53,0.75,50,489000
20240220,10:28:57,0.75,500,489000
20240220,10:29:23,0.8,1800,489000
20240220,10:30:35,0.75,250,489000
20240220,10:30:41,0.75,50,489000
20240220,10:31:03,0.75,50,489000
20240220,10:31:06,0.75,150,490200
20240220,10:31:12,0.75,150,490200
20240220,10:32:17,0.8,50,490200
20240220,10:33:15,0.8,50,490200
20240220,10:33:42,0.75,500,490200
20240220,10:33:56,0.8,50,490200
20240220,10:34:50,0.75,1700,490200
20240220,10:36:06,0.8,200,490300
20240220,10:36:55,0.75,3000,490300
20240220,10:36:56,0.75,150,490300
20240220,10:40:13,0.8,50,490400
20240220,10:40:22,0.75,200,490400
20240220,10:43:24,0.8,250,490250
20240220,10:44:45,0.75,300,490250
20240220,10:44:48,0.75,300,490250
20240220,10:45:30,0.75,50,490250
20240220,10:46:06,0.75,1650,490250
20240220,10:46:12,0.75,50,490550
20240220,10:46:17,0.75,50,490550
20240220,10:46:28,0.8,250,490550
20240220,10:46:30,0.8,50,490550
20240220,10:47:09,0.8,2650,490550
20240220,10:47:15,0.8,50,490550
20240220,10:48:41,0.75,2000,490550
20240220,10:48:56,0.75,150,490550
20240220,10:48:58,0.75,150,490550
20240220,10:48:59,0.75,450,490550
20240220,10:49:01,0.75,300,491300
20240220,10:49:02,0.75,150,491300
20240220,10:49:06,0.75,150,491300
20240220,10:49:07,0.75,150,491300
20240220,10:49:08,0.75,150,491300
20240220,10:49:10,0.75,150,491300
20240220,10:49:12,0.75,50,491300
20240220,10:49:14,0.75,150,491300
20240220,10:50:56,0.75,2500,491300
20240220,10:52:48,0.7,50,491300
20240220,10:53:39,0.7,50,491450
20240220,10:54:57,0.75,1500,491450
20240220,10:55:03,0.75,100,491000
20240220,10:55:08,0.75,300,491000
20240220,10:55:17,0.75,2800,491000
20240220,10:55:56,0.75,300,491000
20240220,10:56:06,0.75,350,491000
20240220,10:56:42,0.75,100,491000
20240220,11:02:55,0.7,200,490650
20240220,11:05:13,0.7,50,490450
20240220,11:05:44,0.7,250,490450
20240220,11:08:12,0.75,500,490450
20240220,11:08:47,0.75,150,490300
20240220,11:09:02,0.75,50,490300
20240220,11:10:10,0.75,50,490300
20240220,11:10:14,0.7,50,490300
20240220,11:12:09,0.75,400,490300
20240220,11:17:29,0.75,1200,490300
20240220,11:18:24,0.7,1200,490300
20240220,11:19:01,0.75,100,490300
20240220,11:22:02,0.75,2600,490450
20240220,11:22:46,0.75,1000,490450
20240220,11:23:08,0.7,500,492150
20240220,11:24:04,0.75,1000,492150
20240220,11:29:04,0.7,50,489250
20240220,11:32:18,0.75,1000,489250
20240220,11:32:21,0.75,6650,489200
20240220,11:32:26,0.8,1800,489200
20240220,11:32:56,0.8,4650,489200
20240220,11:32:57,0.8,450,489200
20240220,11:33:17,0.85,1800,489200
20240220,11:34:24,0.85,1800,489200
20240220,11:38:11,0.8,500,491050
20240220,11:39:03,0.8,250,490950
20240220,11:39:08,0.8,300,490950
20240220,11:39:10,0.8,500,490950
20240220,11:39:18,0.8,250,490950
20240220,11:39:19,0.8,250,490950
20240220,11:39:57,0.8,250,490950
20240220,11:40:32,0.8,50,490700
20240220,11:40:36,0.8,500,490700
20240220,11:40:52,0.8,500,490700
20240220,11:41:52,0.8,100,490700
20240220,11:44:27,0.8,500,490700
20240220,11:44:36,0.8,900,490600
20240220,11:44:39,0.8,1500,490600
20240220,11:45:01,0.8,900,490600
20240220,11:49:32,0.8,1400,490600
20240220,11:52:13,0.8,3600,492300
20240220,11:54:04,0.8,1000,492200
20240220,11:54:19,0.85,250,492200
20240220,11:54:33,0.85,50,492200
20240220,11:54:41,0.8,50,492200
20240220,11:54:58,0.8,50,492200
20240220,11:55:13,0.8,50,492200
20240220,11:55:20,0.85,150,490400
20240220,11:55:41,0.8,50,490400
20240220,11:56:28,0.8,150,490400
20240220,12:00:20,0.85,1800,490350
20240220,12:01:22,0.85,2100,490350
20240220,12:01:45,0.85,3300,489950
20240220,12:01:45,0.85,450,489950
20240220,12:01:51,0.85,400,489950
20240220,12:02:03,0.85,350,489950
20240220,12:02:23,0.85,250,489950
20240220,12:02:24,0.85,250,489950
20240220,12:02:25,0.85,250,489950
20240220,12:02:25,0.85,1300,489950
20240220,12:02:31,0.85,1800,489950
20240220,12:02:32,0.85,50,489950
20240220,12:02:33,0.85,100,489950
20240220,12:02:33,0.85,2350,489950
20240220,12:02:34,0.85,50,489950
20240220,12:02:39,0.85,1000,489950
20240220,12:02:40,0.85,1150,489950
20240220,12:02:43,0.85,50,489950
20240220,12:02:45,0.85,950,489950
20240220,12:02:46,0.85,650,489950
20240220,12:02:46,0.85,750,489950
20240220,12:02:49,0.9,9450,489950
20240220,12:02:50,0.9,50,489950
20240220,12:02:53,0.9,50,489950
20240220,12:03:12,0.95,1800,489950
20240220,12:03:16,0.95,1400,489950
20240220,12:03:17,0.9,3600,489950
20240220,12:03:26,0.95,3400,489950
20240220,12:03:27,0.95,1550,489950
20240220,12:03:42,1.0,1850,489950
20240220,12:03:53,1.0,1000,489950
20240220,12:03:54,1.0,5100,489950
20240220,12:03:57,1.0,300,489950
20240220,12:03:58,1.0,750,489950
20240220,12:04:09,1.0,250,489950
20240220,12:04:27,1.0,100,489950
20240220,12:04:28,1.0,1900,491950
20240220,12:04:29,1.05,6800,491950
20240220,12:04:32,1.0,1000,491950
20240220,12:04:47,1.05,1800,491950
20240220,12:06:22,1.0,400,491950
20240220,12:06:48,1.0,3750,491950
20240220,12:06:49,1.0,50,491950
20240220,12:06:54,1.0,1800,491950
20240220,12:07:00,1.0,50,491950
20240220,12:07:11,1.0,50,491950
20240220,12:07:16,1.0,900,489450
20240220,12:07:30,1.0,50,489450
20240220,12:07:31,1.05,6350,489450
20240220,12:07:48,1.05,350,489450
20240220,12:07:49,1.05,50,489450
20240220,12:08:28,1.05,50,489450
20240220,12:08:31,1.05,2100,489450
20240220,12:08:45,1.1,150,489450
20240220,12:09:06,1.1,200,489450
20240220,12:09:07,1.1,4650,489450
20240220,12:09:26,1.05,3700,489450
20240220,12:09:28,1.05,450,489450
20240220,12:09:32,1.05,400,489450
20240220,12:09:35,1.05,250,489450
20240220,12:10:03,1.05,50,489450
20240220,12:10:08,1.05,50,489450
20240220,12:10:25,1.1,50,493400
20240220,12:10:31,1.1,1800,493400
20240220,12:10:40,1.1,7250,493400
20240220,12:10:47,1.1,50,493400
20240220,12:10:58,1.1,500,493400
20240220,12:11:00,1.1,1400,493400
20240220,12:11:20,1.1,1000,493400
20240220,12:12:16,1.1,1800,493400
20240220,12:12:26,1.1,50,493400
20240220,12:12:28,1.05,50,493400
20240220,12:12:48,1.1,50,493400
20240220,12:13:10,1.05,50,493400
20240220,12:13:38,1.1,50,493400
20240220,12:13:48,1.05,50,497000
20240220,12:14:08,1.05,2900,497000
20240220,12:14:10,1.05,1300,497000
20240220,12:14:21,1.05,50,497000
20240220,12:14:32,1.05,1050,497000
20240220,12:14:33,1.05,50,497000
20240220,12:14:44,1.0,500,497000
20240220,12:14:47,1.0,100,497000
20240220,12:14:50,1.0,50,497000
20240220,12:14:59,1.0,50,497000
20240220,12:15:02,1.05,50,497000
20240220,12:15:30,1.05,300,497000
20240220,12:15:38,1.0,4500,497000
20240220,12:15:39,1.0,50,497000
20240220,12:15:40,1.0,150,497000
20240220,12:16:06,1.0,1800,497000
20240220,12:16:42,1.0,400,496750
20240220,12:16:50,1.05,50,496750
20240220,12:17:17,1.0,2500,496750
20240220,12:18:18,0.95,400,496750
20240220,12:18:20,1.0,50,496750
20240220,12:18:39,0.95,600,496750
20240220,12:18:49,1.0,50,496750
20240220,12:18:51,1.0,200,496750
20240220,12:18:56,0.95,300,496750
20240220,12:19:20,0.95,50,498350
20240220,12:20:02,1.0,100,498350
20240220,12:20:42,0.95,1200,498350
20240220,12:20:46,0.95,1550,498350
20240220,12:20:47,0.95,300,498350
20240220,12:21:22,0.9,4550,498350
20240220,12:21:26,0.9,1800,498350
20240220,12:21:43,0.9,500,498350
20240220,12:21:52,0.9,50,498350
20240220,12:21:55,0.9,500,498350
20240220,12:22:36,0.9,200,497900
20240220,12:22:38,0.9,50,497900
20240220,12:23:28,0.95,150,497900
20240220,12:23:46,0.95,50,497900
20240220,12:24:20,0.9,50,497900
20240220,12:28:14,0.9,150,497900
20240220,12:28:31,0.95,350,497600
20240220,12:29:25,0.9,800,497450
20240220,12:29:38,0.9,800,497450
20240220,12:31:03,0.9,1800,497450
20240220,12:31:15,0.9,400,497450
20240220,12:31:45,0.9,250,496300
20240220,12:31:59,0.9,750,496300
20240220,12:32:09,0.95,50,496300
20240220,12:32:10,0.9,500,496300
20240220,12:32:11,0.9,300,496300
20240220,12:32:12,0.9,500,496300
20240220,12:32:57,0.9,500,496300
20240220,12:33:17,0.9,300,496300
20240220,12:34:50,0.9,100,496500
20240220,12:34:53,0.9,1800,496500
20240220,12:35:00,0.85,500,496500
20240220,12:35:23,0.9,1100,496500
20240220,12:35:43,0.85,4450,496500
20240220,12:35:43,0.85,50,496500
20240220,12:36:01,0.8,50,496500
20240220,12:36:03,0.85,1250,496500
20240220,12:37:13,0.8,700,496500
20240220,12:37:42,0.85,350,495550
20240220,12:37:53,0.85,50,495550
20240220,12:37:55,0.85,50,495550
20240220,12:38:17,0.8,500,495550
20240220,12:38:25,0.8,50,495550
20240220,12:38:38,0.85,2450,495550
20240220,12:39:12,0.8,300,495550
20240220,12:40:37,0.85,250,495550
20240220,12:40:45,0.85,250,496450
20240220,12:41:04,0.85,2600,496450
20240220,12:41:14,0.85,100,496450
20240220,12:42:00,0.85,550,496450
20240220,12:43:23,0.85,500,496150
20240220,12:43:59,0.85,900,496150
20240220,12:45:12,0.85,50,496150
20240220,12:49:50,0.85,600,496400
20240220,12:49:51,0.85,250,496400
20240220,12:49:52,0.8,1200,496400
20240220,12:49:55,0.8,200,496400
20240220,12:49:57,0.8,200,496400
20240220,12:49:59,0.8,200,496400
20240220,12:50:04,0.8,50,496400
20240220,12:50:06,0.8,50,496400
20240220,12:53:59,0.85,150,496800
20240220,12:54:29,0.85,250,496800
20240220,12:54:33,0.85,50,496800
20240220,12:54:36,0.85,1800,496800
20240220,12:54:44,0.85,100,496800
20240220,12:54:44,0.85,50,496800
20240220,12:54:45,0.85,100,496800
20240220,12:59:32,0.8,50,496800
20240220,13:03:03,0.8,50,496750
20240220,13:04:38,0.85,50,496650
20240220,13:04:58,0.85,200,496650
20240220,13:05:02,0.85,50,496650
20240220,13:11:58,0.85,50,496850
20240220,13:13:28,0.85,50,496850
20240220,13:13:38,0.85,300,496800
20240220,13:14:15,0.85,50,496800
20240220,13:14:41,0.85,200,496800
20240220,13:15:09,0.85,100,496800
20240220,13:16:26,0.85,50,496800
20240220,13:17:02,0.85,850,497050
20240220,13:17:04,0.85,100,497050
20240220,13:17:52,0.9,50,497050
20240220,13:18:25,0.85,50,497050
20240220,13:18:42,0.8,50,497050
20240220,13:18:50,0.85,100,497050
20240220,13:20:19,0.85,400,497250
20240220,13:20:22,0.85,450,497250
20240220,13:21:43,0.9,100,497250
20240220,13:22:04,0.9,50,497250
20240220,13:24:19,0.85,50,497250
20240220,13:26:30,0.85,100,496800
20240220,13:26:40,0.85,50,496800
20240220,13:28:23,0.9,500,496800
20240220,13:28:52,0.85,1250,496900
20240220,13:29:43,0.85,1900,496900
20240220,13:30:33,0.9,50,496900
20240220,13:30:36,0.9,950,496900
20240220,13:31:38,0.95,50,497000
20240220,13:33:14,0.9,250,497000
20240220,13:33:27,0.9,250,497000
20240220,13:35:43,0.85,50,497000
20240220,13:36:13,0.9,1850,496850
20240220,13:36:14,0.85,50,496850
20240220,13:37:43,0.85,500,496850
20240220,13:37:45,0.85,250,496850
20240220,13:37:46,0.85,100,496850
20240220,13:38:09,0.85,100,496850
20240220,13:43:28,0.85,50,497300
20240220,13:43:46,0.9,50,497300
20240220,13:44:22,0.8,50,497300
20240220,13:44:25,0.85,100,497300
20240220,13:44:26,0.85,50,497300
20240220,13:48:46,0.85,600,497250
20240220,13:50:13,0.85,200,496900
20240220,13:52:09,0.85,250,496900
20240220,13:53:54,0.95,4950,496900
20240220,13:53:55,0.9,50,497100
20240220,13:53:56,0.9,50,497100
20240220,13:54:46,0.9,500,497100
20240220,13:54:57,0.95,450,497100
20240220,13:55:05,0.9,250,497100
20240220,13:55:11,0.9,250,497100
20240220,13:55:37,0.9,250,501150
20240220,13:55:42,0.9,250,501150
20240220,13:56:05,0.9,50,501150
20240220,13:57:08,0.9,50,501150
20240220,14:02:09,0.9,550,501150
20240220,14:02:28,0.9,250,501150
20240220,14:02:50,0.9,1000,501150
20240220,14:02:54,0.9,250,501150
20240220,14:06:04,0.9,50,501150
20240220,14:08:04,0.85,1300,500150
20240220,14:13:00,0.85,50,500200
20240220,14:14:24,0.8,5550,500800
20240220,14:15:45,0.85,500,500800
20240220,14:16:59,0.85,2000,500800
20240220,14:17:00,0.85,50,501400
20240220,14:17:01,0.85,50,501400
20240220,14:17:08,0.85,50,501400
20240220,14:21:14,0.85,1800,499500
20240220,14:21:33,0.85,250,499500
20240220,14:22:49,0.85,1950,499500
20240220,14:24:30,0.85,550,499500
20240220,14:25:24,0.85,250,499500
20240220,14:26:12,0.85,50,499500
20240220,14:26:16,0.8,500,500550
20240220,14:26:51,0.85,100,500550
20240220,14:27:15,0.85,100,500550
20240220,14:27:31,0.85,100,500550
20240220,14:29:34,0.85,1800,500050
20240220,14:29:35,0.85,1400,500050
20240220,14:29:36,0.9,1800,500050
20240220,14:29:57,0.9,5850,500050
20240220,14:29:58,0.9,200,500050
20240220,14:32:39,0.9,1600,503100
20240220,14:33:08,0.95,3700,503100
20240220,14:33:11,0.95,100,503100
20240220,14:33:17,0.95,100,503100
