date,time,tick_price,volume,open_interest
20240129,13:08:11,725.25,50,50
20240129,13:11:18,727.3,50,50
20240129,13:13:21,727.3,50,100
20240129,13:15:28,717.15,50,150
20240129,13:18:37,717.15,100,200
20240129,13:29:28,738.6,50,300
20240129,13:31:13,738.6,50,350
20240129,13:33:17,730.3,50,400
20240129,13:41:31,725.95,50,400
20240129,13:41:54,728.5,250,450
20240129,13:42:31,730.35,400,450
20240129,13:43:10,724.15,400,450
20240129,13:43:45,722.15,400,450
20240129,13:48:17,716.45,400,1900
20240129,13:50:17,711.7,250,1900
20240129,13:52:22,707.9,400,2550
20240129,15:11:02,707.9,50,2950
20240129,15:24:12,667.4,50,3000
20240130,09:19:09,651.35,1,2950
20240130,09:19:09,651.4,150,2950
20240130,09:19:27,650.1,50,2950
20240130,09:19:55,649.1,100,2950
20240130,10:12:36,649.1,50,3100
20240130,10:23:55,694.7,50,3100
20240130,10:24:13,694.7,50,3050
20240130,10:48:54,739.75,50,3000
20240130,10:49:52,739.75,50,3000
20240130,11:33:01,738.7,50,2900
20240130,11:37:41,722.0,50,2850
20240130,11:38:37,725.15,50,2800
20240130,11:39:22,732.35,50,2800
20240130,11:58:27,724.7,100,2850
20240130,12:32:34,731.2,50,2950
20240130,12:42:25,753.45,50,2950
20240130,12:51:00,753.45,50,3000
20240130,12:51:13,757.3,100,3000
20240130,14:08:04,778.4,50,2900
20240130,14:11:47,784.7,50,2850
20240130,14:55:11,873.1,50,2850
20240131,15:17:27,764.65,1,2850
20240131,15:17:27,764.65,50,2850
20240201,11:17:17,765.0,1,2900
20240201,11:17:17,765.0,50,2900
20240201,12:03:40,765.0,50,2850
20240201,13:07:14,695.0,100,2850
20240201,15:00:18,695.0,50,2900
20240201,15:26:57,758.0,50,2950
20240202,09:15:00,661.0,1,3000
20240202,09:15:00,661.0,200,3000
20240202,09:15:15,596.0,50,3000
20240202,09:17:48,577.5,50,3200
20240202,09:18:42,565.05,50,3200
20240202,09:19:19,557.2,50,3200
20240202,09:20:04,539.5,150,3200
20240202,09:20:18,539.5,50,3400
20240202,09:20:22,540.45,100,3400
20240202,09:20:24,536.6,200,3400
20240202,09:20:54,530.0,50,3400
20240202,09:21:23,527.4,50,3400
20240202,09:21:54,522.1,100,3400
20240202,09:30:03,501.0,50,3400
20240202,09:30:19,501.0,50,3850
20240202,09:32:42,500.0,50,3900
20240202,09:34:28,483.15,50,3900
20240202,09:35:08,483.15,50,3900
20240202,09:36:15,489.0,50,3900
20240202,09:37:00,506.85,50,3900
20240202,09:37:45,494.95,50,3900
20240202,09:42:15,492.15,50,4000
20240202,09:43:21,486.8,100,4000
20240202,09:45:42,488.05,50,4000
20240202,09:45:45,487.65,1800,4000
20240202,09:45:46,488.8,1800,4000
20240202,09:47:18,493.9,50,5500
20240202,09:47:30,492.0,50,5500
20240202,09:49:06,491.25,1800,5500
20240202,09:49:47,485.85,1800,5500
20240202,09:50:28,480.05,50,8100
20240202,09:50:29,477.95,50,8100
20240202,09:51:00,477.95,50,8100
20240202,09:53:23,472.3,50,8100
20240202,09:53:30,472.3,50,8100
20240202,09:55:03,475.15,150,8100
20240202,09:56:47,475.15,150,8250
20240202,09:57:13,481.15,250,8250
20240202,09:57:17,480.95,700,8250
20240202,09:59:12,481.05,1800,8250
20240202,09:59:42,481.5,50,10200
20240202,09:59:45,480.9,1800,10200
20240202,09:59:50,481.45,1800,10200
20240202,09:59:54,479.65,1800,10200
20240202,10:00:00,478.35,1800,10200
20240202,10:00:01,478.8,1850,10200
20240202,10:00:31,476.55,50,10200
20240202,10:00:40,476.65,50,10200
20240202,10:00:48,476.05,50,10200
20240202,10:00:49,476.35,50,10200
20240202,10:00:50,476.65,50,10200
20240202,10:01:04,471.95,100,10200
20240202,10:01:05,471.95,50,10200
20240202,10:01:31,470.0,50,10200
20240202,10:02:01,467.35,50,10200
20240202,10:05:23,467.2,50,19300
20240202,10:05:24,467.85,50,19300
20240202,10:05:26,468.8,50,19300
20240202,10:09:44,462.0,50,19400
20240202,10:10:47,461.5,50,19400
20240202,10:12:45,461.5,50,19350
20240202,10:19:00,476.7,450,19400
20240202,10:21:00,478.85,50,19800
20240202,10:22:26,481.85,50,19800
20240202,10:23:06,473.3,50,19800
20240202,10:26:59,461.2,300,19900
20240202,10:27:00,461.5,700,19900
20240202,10:29:01,460.75,50,19900
20240202,10:30:53,460.75,50,19900
20240202,10:37:00,475.1,400,20150
20240202,10:38:29,477.65,100,20250
20240202,10:39:36,474.35,50,20250
20240202,10:39:39,475.35,50,20250
20240202,10:39:59,479.7,50,20250
20240202,10:42:59,479.7,50,20400
20240202,10:43:01,479.65,50,20400
20240202,10:46:06,483.15,50,20350
20240202,10:46:18,479.1,50,20350
20240202,10:57:59,462.35,350,20450
20240202,10:58:00,462.3,100,20450
20240202,10:59:45,457.4,1800,20300
20240202,10:59:47,457.35,1800,20300
20240202,11:00:20,456.45,100,20300
20240202,11:03:51,450.55,50,23600
20240202,11:05:54,450.55,50,23600
20240202,11:13:15,452.0,50,23650
20240202,11:13:51,436.2,100,23650
20240202,11:14:52,425.9,50,23600
20240202,11:14:53,425.9,50,23600
20240202,11:15:06,423.45,100,23600
20240202,11:15:15,420.0,50,23600
20240202,11:15:27,420.0,50,23600
20240202,11:15:40,419.0,100,23600
20240202,11:16:19,406.45,200,23600
20240202,11:16:27,402.0,50,23600
20240202,11:16:28,401.55,50,23600
20240202,11:16:36,401.55,500,23600
20240202,11:17:07,402.75,150,23600
20240202,11:17:29,399.2,150,23600
20240202,11:18:03,396.3,50,24050
20240202,11:18:49,394.75,150,24050
20240202,11:19:08,394.75,50,24050
20240202,11:19:23,400.55,50,24050
20240202,11:19:49,398.7,50,24050
20240202,11:20:18,396.7,50,24050
20240202,11:20:47,393.45,50,24200
20240202,11:20:51,393.45,150,24200
20240202,11:21:23,394.05,50,24200
20240202,11:24:05,394.0,250,24300
20240202,11:24:51,393.6,50,24300
20240202,11:25:20,388.0,50,24300
20240202,11:27:36,388.0,50,24550
20240202,11:27:38,396.0,450,24550
20240202,11:30:00,393.55,100,24600
20240202,11:30:01,391.0,50,24600
20240202,11:30:23,393.3,50,24600
20240202,11:30:41,391.2,250,24600
20240202,11:30:46,390.0,50,24600
20240202,11:31:55,383.1,250,24600
20240202,11:32:13,383.1,50,24600
20240202,11:32:14,383.1,400,24600
20240202,11:32:26,384.75,250,24600
20240202,11:32:39,389.05,50,25050
20240202,11:32:51,387.6,100,25050
20240202,11:32:56,384.75,50,25050
20240202,11:33:21,386.65,150,25050
20240202,11:34:17,383.1,50,25050
20240202,11:34:27,384.4,300,25050
20240202,11:35:03,377.4,50,25050
20240202,11:35:05,377.4,50,25050
20240202,11:35:32,377.7,100,25600
20240202,11:35:36,378.55,50,25600
20240202,11:36:17,379.65,50,25600
20240202,11:36:51,378.75,50,25600
20240202,11:36:52,379.65,50,25600
20240202,11:37:25,377.4,50,25600
20240202,11:37:34,375.0,150,25600
20240202,11:37:36,375.0,50,25600
20240202,11:37:44,375.5,50,25600
20240202,11:37:56,374.1,250,25600
20240202,11:37:57,373.9,100,25600
20240202,11:37:58,373.65,150,25600
20240202,11:37:59,373.15,150,25600
20240202,11:38:02,373.15,100,25600
20240202,11:38:05,372.7,250,25600
20240202,11:38:07,372.7,50,25600
20240202,11:38:08,372.85,150,25600
20240202,11:38:13,370.95,50,25600
20240202,11:38:14,370.9,250,25600
20240202,11:38:16,370.35,200,25600
20240202,11:38:17,369.3,300,25600
20240202,11:38:19,368.55,200,25600
20240202,11:38:20,368.35,150,25600
20240202,11:38:21,368.35,100,25600
20240202,11:38:22,368.1,350,25600
20240202,11:38:23,367.65,150,25600
20240202,11:38:24,367.65,50,25600
20240202,11:38:35,370.35,250,27850
20240202,11:38:36,370.25,100,27850
20240202,11:38:37,371.8,50,27850
20240202,11:38:38,372.15,250,27850
20240202,11:38:41,372.15,150,27850
20240202,11:38:44,371.15,150,27850
20240202,11:38:45,371.7,150,27850
20240202,11:38:46,371.3,600,27850
20240202,11:38:47,372.25,150,27850
20240202,11:38:48,372.95,350,27850
20240202,11:38:53,370.8,50,27850
20240202,11:38:54,370.3,50,27850
20240202,11:38:57,369.45,250,27850
20240202,11:38:58,369.25,200,27850
20240202,11:38:59,369.25,100,27850
20240202,11:39:00,369.55,250,27850
20240202,11:39:01,369.45,150,27850
20240202,11:39:02,368.85,200,27850
20240202,11:39:03,368.8,550,27850
20240202,11:39:05,368.95,150,27850
20240202,11:39:08,366.35,250,27850
20240202,11:39:13,365.0,150,27850
20240202,11:39:16,365.0,150,27850
20240202,11:39:17,365.0,450,27850
20240202,11:39:18,365.25,500,27850
20240202,11:39:19,366.3,150,27850
20240202,11:39:30,365.4,150,27850
20240202,11:39:31,367.1,300,27850
20240202,11:39:32,368.35,450,27850
20240202,11:39:33,368.2,550,27850
20240202,11:39:36,365.6,100,27850
20240202,11:39:40,368.05,1800,27850
20240202,11:39:43,367.5,150,27850
20240202,11:39:55,367.1,350,27850
20240202,11:40:02,363.85,750,27850
20240202,11:40:03,365.35,200,27850
20240202,11:40:09,364.35,50,27850
20240202,11:40:14,363.65,250,27850
20240202,11:40:15,362.4,250,27850
20240202,11:40:22,360.95,100,27850
20240202,11:40:23,360.8,50,27850
20240202,11:40:26,360.5,50,27850
20240202,11:40:27,360.5,50,27850
20240202,11:40:33,364.65,100,27850
20240202,11:40:35,364.05,50,27850
20240202,11:40:38,366.3,300,27850
20240202,11:40:39,366.2,50,27850
20240202,11:40:42,366.7,50,27850
20240202,11:40:43,365.85,50,27850
20240202,11:40:56,362.9,50,27850
20240202,11:41:06,363.95,50,27850
20240202,11:41:13,364.4,50,27850
20240202,11:41:22,364.25,100,27850
20240202,11:41:24,364.35,200,27850
20240202,11:41:25,363.6,550,27850
20240202,11:41:26,363.6,250,27850
20240202,11:41:27,363.75,100,27850
20240202,11:41:28,364.4,50,27850
20240202,11:41:29,364.15,50,27850
20240202,11:41:31,363.8,150,27850
20240202,11:41:32,362.65,100,27850
20240202,11:41:32,363.1,50,27850
20240202,11:41:33,363.05,300,31400
20240202,11:41:34,362.35,250,31400
20240202,11:41:35,362.9,50,31400
20240202,11:41:36,362.2,100,31400
20240202,11:41:37,362.3,50,31400
20240202,11:41:39,362.45,100,31400
20240202,11:41:40,361.85,50,31400
20240202,11:41:41,360.95,50,31400
20240202,11:41:44,360.25,150,31400
20240202,11:41:46,359.3,400,31400
20240202,11:41:47,359.3,100,31400
20240202,11:41:49,359.4,150,31400
20240202,11:41:50,359.25,50,31400
20240202,11:41:51,359.25,100,31400
20240202,11:41:53,360.05,200,31400
20240202,11:41:55,360.7,50,31400
20240202,11:41:56,360.7,50,31400
20240202,11:42:05,359.8,200,31400
20240202,11:42:08,360.45,50,31400
20240202,11:42:13,359.8,50,31400
20240202,11:42:21,358.0,50,31400
20240202,11:42:22,356.75,50,31400
20240202,11:42:26,356.75,50,31400
20240202,11:42:42,358.35,50,31400
20240202,11:42:54,363.95,200,31400
20240202,11:42:58,364.45,450,31400
20240202,11:42:59,364.65,50,31400
20240202,11:43:13,363.45,50,31400
20240202,11:43:18,365.9,250,31400
20240202,11:43:20,364.35,100,31400
20240202,11:43:22,367.95,150,31400
20240202,11:43:33,368.1,50,31400
20240202,11:43:58,369.6,100,31400
20240202,11:44:03,368.55,150,31400
20240202,11:44:03,367.8,50,31400
20240202,11:44:08,367.4,150,31400
20240202,11:44:09,367.8,150,31400
20240202,11:44:10,368.6,350,31400
20240202,11:44:16,367.65,50,31400
20240202,11:44:34,373.8,250,34600
20240202,11:44:41,373.9,50,34600
20240202,11:44:48,374.45,50,34600
20240202,11:45:05,376.05,100,34600
20240202,11:45:16,373.65,250,34600
20240202,11:45:54,377.4,100,34600
20240202,11:46:03,379.6,100,34600
20240202,11:46:52,375.35,50,34600
20240202,11:47:05,372.85,250,34600
20240202,11:47:30,374.5,150,34600
20240202,11:48:17,373.45,50,35050
20240202,11:48:23,374.75,150,35050
20240202,11:48:49,376.05,50,35050
20240202,11:49:33,383.55,50,35050
20240202,11:50:07,385.4,150,35050
20240202,11:50:22,382.8,200,35050
20240202,11:52:01,382.0,100,35100
20240202,11:52:15,385.6,50,35100
20240202,11:52:20,385.9,50,35100
20240202,11:52:30,382.05,50,35100
20240202,11:52:38,383.7,200,35100
20240202,11:53:56,388.1,200,35200
20240202,11:53:59,390.0,100,35200
20240202,11:54:08,384.25,50,35200
20240202,11:54:18,380.0,300,35200
20240202,11:54:24,385.65,400,35200
20240202,11:56:20,376.5,200,35200
20240202,11:56:22,375.45,50,35200
20240202,11:56:49,372.75,250,34950
20240202,11:57:48,367.65,50,34950
20240202,11:57:54,364.7,150,34950
20240202,11:58:13,365.65,100,34950
20240202,11:59:19,365.55,50,34950
20240202,11:59:45,365.35,100,35250
20240202,11:59:50,365.55,100,35250
20240202,11:59:51,363.0,250,35250
20240202,12:00:03,358.5,800,35250
20240202,12:00:14,361.05,250,35250
20240202,12:00:30,359.0,150,35250
20240202,12:01:04,357.75,250,35250
20240202,12:01:12,357.5,50,35250
20240202,12:01:59,358.15,50,35250
20240202,12:02:03,357.5,50,35250
20240202,12:02:05,357.5,450,35250
20240202,12:02:09,357.5,100,35250
20240202,12:02:10,356.4,550,35250
20240202,12:02:34,355.35,150,35250
20240202,12:03:07,355.35,750,36900
20240202,12:03:21,359.6,600,36900
20240202,12:03:25,360.0,400,36900
20240202,12:03:30,359.0,250,36900
20240202,12:03:49,355.35,50,36900
20240202,12:04:00,356.95,250,36900
20240202,12:04:20,361.05,50,36900
20240202,12:04:27,358.2,550,36900
20240202,12:04:28,358.8,50,36900
20240202,12:06:16,366.0,250,36650
20240202,12:06:20,368.0,500,36650
20240202,12:06:27,368.85,50,36650
20240202,12:06:34,368.4,50,36650
20240202,12:06:59,374.05,50,36650
20240202,12:08:29,374.3,150,36650
20240202,12:10:09,379.55,100,36650
20240202,12:10:55,375.95,150,36600
20240202,12:11:17,375.1,50,36600
20240202,12:12:26,383.0,50,36700
20240202,12:12:47,383.3,50,36700
20240202,12:13:04,384.9,50,36700
20240202,12:13:25,384.9,250,36700
20240202,12:13:34,387.0,50,36700
20240202,12:14:48,383.3,50,36500
20240202,12:14:49,382.95,50,36500
20240202,12:18:23,387.3,50,36550
20240202,12:18:37,384.35,50,36550
20240202,12:20:32,384.15,400,36550
20240202,12:20:52,385.85,100,36650
20240202,12:23:01,394.0,400,36650
20240202,12:23:35,393.75,50,36650
20240202,12:23:59,395.1,100,36650
20240202,12:24:21,398.0,600,36750
20240202,12:24:26,399.7,50,36750
20240202,12:24:27,399.55,50,36750
20240202,12:24:29,400.0,250,36750
20240202,12:24:34,400.2,500,36750
20240202,12:24:58,408.75,50,36750
20240202,12:24:58,410.0,150,36750
20240202,12:25:03,412.9,50,36750
20240202,12:25:15,405.6,50,36750
20240202,12:25:26,407.45,50,36750
20240202,12:25:35,406.5,400,36750
20240202,12:25:37,408.8,100,36750
20240202,12:25:45,408.0,50,36750
20240202,12:26:44,411.0,400,36750
20240202,12:27:16,420.0,250,36850
20240202,12:27:17,419.95,300,36850
20240202,12:27:24,425.0,100,36850
20240202,12:27:27,427.0,1400,36850
20240202,12:27:31,430.2,1350,36850
20240202,12:27:44,421.85,50,36850
20240202,12:27:46,421.95,50,36850
20240202,12:27:57,421.35,1800,36850
20240202,12:28:00,423.2,1800,36850
20240202,12:28:06,422.8,50,36850
20240202,12:28:21,431.7,50,36850
20240202,12:28:33,436.2,50,36850
20240202,12:28:37,436.55,50,36850
20240202,12:28:39,437.5,50,36850
20240202,12:28:50,444.45,1800,36850
20240202,12:28:51,444.9,2750,36850
20240202,12:28:56,446.05,1850,36850
20240202,12:28:58,444.85,3600,36850
20240202,12:28:59,444.55,1800,36850
20240202,12:29:02,442.9,50,36850
20240202,12:29:05,449.45,1800,36850
20240202,12:29:08,449.6,1800,36850
20240202,12:29:17,461.25,50,36850
20240202,12:29:19,460.75,100,36850
20240202,12:29:21,462.2,100,36850
20240202,12:29:28,462.65,50,36850
20240202,12:29:29,463.4,100,36850
20240202,12:29:39,460.7,50,20250
20240202,12:29:49,458.3,250,20250
20240202,12:29:53,460.0,50,20250
20240202,12:30:00,462.9,200,20250
20240202,12:30:04,465.0,100,20250
20240202,12:30:05,466.5,50,20250
20240202,12:30:06,470.15,100,20250
20240202,12:30:12,474.0,50,20250
20240202,12:30:25,484.95,250,20250
20240202,12:30:28,490.1,550,20250
20240202,12:30:33,499.35,50,20250
20240202,12:30:36,501.35,100,20250
20240202,12:30:42,501.6,50,20250
20240202,12:30:44,500.6,100,20250
20240202,12:30:47,492.35,50,20250
20240202,12:30:48,491.7,50,20250
20240202,12:30:50,492.15,350,20250
20240202,12:30:51,491.1,100,20250
20240202,12:31:00,488.95,450,20250
20240202,12:31:01,487.25,100,20250
20240202,12:31:02,490.25,100,20250
20240202,12:31:10,497.65,100,20250
20240202,12:31:12,500.4,50,20250
20240202,12:31:13,504.0,50,20250
20240202,12:31:14,506.0,100,20250
20240202,12:31:15,504.85,100,20250
20240202,12:31:28,505.25,100,20250
20240202,12:31:30,507.15,50,20250
20240202,12:31:31,505.35,50,20250
20240202,12:31:33,509.0,50,20250
20240202,12:31:42,526.8,500,20250
20240202,12:31:49,526.4,100,20250
20240202,12:32:01,529.7,100,20250
20240202,12:32:06,531.3,250,20250
20240202,12:32:08,520.0,150,20250
20240202,12:32:09,516.35,100,20250
20240202,12:32:14,513.15,50,20250
20240202,12:32:16,512.45,50,20250
20240202,12:32:18,513.1,50,20250
20240202,12:32:32,503.0,200,20250
20240202,12:32:35,507.0,150,20250
20240202,12:32:41,519.85,50,19200
20240202,12:32:48,517.7,450,19200
20240202,12:32:50,520.2,50,19200
20240202,12:33:00,518.75,50,19200
20240202,12:33:04,525.0,150,19200
20240202,12:33:13,531.0,50,19200
20240202,12:33:16,527.0,50,19200
20240202,12:33:38,524.85,50,19200
20240202,12:33:57,510.15,50,19200
20240202,12:34:16,495.9,150,19200
20240202,12:34:58,494.05,200,19200
20240202,12:35:04,500.0,150,19200
20240202,12:35:11,509.7,150,19200
20240202,12:35:15,513.25,50,19200
20240202,12:35:22,529.1,200,19200
20240202,12:35:25,529.2,50,19200
20240202,12:35:27,531.15,150,19200
20240202,12:35:30,531.3,150,19200
20240202,12:35:37,530.15,100,19200
20240202,12:35:56,549.9,1250,19000
20240202,12:36:04,563.25,50,19000
20240202,12:36:06,559.9,250,19000
20240202,12:36:07,562.7,150,19000
20240202,12:36:11,566.45,50,19000
20240202,12:36:12,565.25,50,19000
20240202,12:36:15,564.15,150,19000
20240202,12:36:33,564.95,300,19000
20240202,12:36:34,562.7,600,19000
20240202,12:37:03,553.3,50,19000
20240202,12:37:06,551.1,100,19000
20240202,12:37:47,541.8,150,19000
20240202,12:38:02,542.6,50,19000
20240202,12:38:06,540.55,50,19000
20240202,12:38:21,532.35,100,19000
20240202,12:38:24,534.4,50,19000
20240202,12:39:11,529.0,100,19000
20240202,12:39:13,529.85,50,19000
20240202,12:39:14,534.6,50,19000
20240202,12:39:22,540.85,50,19000
20240202,12:39:38,533.5,50,19000
20240202,12:40:01,513.85,150,19000
20240202,12:40:03,515.55,150,19000
20240202,12:40:05,514.2,50,19000
20240202,12:40:06,517.0,150,19000
20240202,12:40:08,518.4,50,19000
20240202,12:40:12,509.9,50,19000
20240202,12:40:15,506.1,150,19000
20240202,12:40:35,507.2,50,19000
20240202,12:40:41,501.55,50,19000
20240202,12:41:01,499.0,200,19000
20240202,12:41:24,506.75,150,19000
20240202,12:41:28,507.5,50,19000
20240202,12:41:58,506.85,200,19050
20240202,12:42:14,521.65,50,19050
20240202,12:42:19,526.4,50,19050
20240202,12:42:20,527.15,50,19050
20240202,12:42:38,509.95,100,19050
20240202,12:42:42,513.0,50,19050
20240202,12:42:55,508.5,50,19050
20240202,12:42:58,508.1,50,19050
20240202,12:44:57,495.0,300,19450
20240202,12:45:17,500.05,550,19450
20240202,12:45:24,506.55,50,19450
20240202,12:45:28,501.85,50,19450
20240202,12:46:07,503.75,150,19450
20240202,12:47:04,519.5,50,19450
20240202,12:47:55,525.0,100,19750
20240202,12:48:43,533.35,50,19750
20240202,12:49:29,536.25,100,19750
20240202,12:49:30,535.5,50,19750
20240202,12:49:35,532.65,50,19750
20240202,12:49:59,536.95,50,19750
20240202,12:50:14,539.55,550,19750
20240202,12:50:41,549.15,200,19500
20240202,12:50:44,550.0,200,19500
20240202,12:51:09,534.65,50,19500
20240202,12:51:14,538.0,50,19500
20240202,12:51:15,536.25,50,19500
20240202,12:52:49,526.4,150,19500
20240202,12:53:39,518.4,350,19500
20240202,12:53:46,524.8,150,19450
20240202,12:58:13,515.05,50,19400
20240202,12:58:44,516.95,100,19400
20240202,12:58:51,524.1,500,19400
20240202,12:59:40,523.0,400,19400
20240202,13:00:08,534.6,200,19550
20240202,13:03:50,510.0,50,19600
20240202,13:05:16,514.95,50,19600
20240202,13:06:04,524.8,150,19600
20240202,13:06:28,521.65,50,19600
20240202,13:08:20,525.55,150,19600
20240202,13:08:22,525.5,50,19600
20240202,13:08:27,524.1,50,19600
20240202,13:09:17,532.05,50,19800
20240202,13:09:48,536.2,200,19800
20240202,13:10:42,523.2,150,19800
20240202,13:11:20,532.7,50,19800
20240202,13:11:57,538.05,150,19800
20240202,13:11:59,532.7,50,19800
20240202,13:12:16,537.9,150,19800
20240202,13:12:19,538.0,50,19800
20240202,13:12:37,540.3,50,19800
20240202,13:12:49,535.7,150,19800
20240202,13:12:58,535.5,150,19800
20240202,13:13:39,545.0,50,19800
20240202,13:13:58,554.7,100,19800
20240202,13:14:02,549.0,100,19800
20240202,13:14:05,550.2,150,19800
20240202,13:14:15,558.55,100,19800
20240202,13:14:24,551.7,50,19800
20240202,13:14:45,560.3,500,19450
20240202,13:14:58,562.05,100,19450
20240202,13:15:14,573.55,150,19450
20240202,13:15:16,575.95,50,19450
20240202,13:15:46,585.3,50,19450
20240202,13:15:50,588.45,50,19450
20240202,13:15:58,580.0,50,19450
20240202,13:16:20,567.2,50,19450
20240202,13:16:30,565.3,50,19450
20240202,13:16:46,559.8,50,19450
20240202,13:16:58,552.65,50,19450
20240202,13:17:59,556.55,100,19000
20240202,13:18:43,548.0,200,19000
20240202,13:18:54,550.65,50,19000
20240202,13:19:19,552.2,200,19000
20240202,13:19:58,552.3,300,19000
20240202,13:20:26,554.2,150,19000
20240202,13:20:27,555.35,50,19000
20240202,13:20:36,552.2,50,19000
20240202,13:20:41,554.6,50,19000
20240202,13:26:04,601.05,50,18550
20240202,13:26:12,595.65,50,18550
20240202,13:26:48,579.35,50,18600
20240202,13:27:41,588.85,50,18600
20240202,13:27:47,589.65,50,18600
20240202,13:29:39,568.3,50,18600
20240202,13:30:00,566.55,50,18650
20240202,13:30:32,565.65,50,18650
20240202,13:32:23,584.95,50,18650
20240202,13:32:55,588.8,50,18600
20240202,13:34:43,573.95,50,18600
20240202,13:34:56,573.45,50,18600
20240202,13:35:25,569.6,50,18600
20240202,13:36:54,562.65,50,18550
20240202,13:37:01,566.1,150,18550
20240202,13:37:34,559.25,200,18550
20240202,13:38:47,551.25,150,18550
20240202,13:39:02,556.55,50,18700
20240202,13:39:21,549.45,50,18700
20240202,13:40:20,552.9,50,18700
20240202,13:40:48,561.05,50,18700
20240202,13:41:08,564.75,50,18700
20240202,13:41:09,565.4,50,18700
20240202,13:41:16,569.25,50,18700
20240202,13:42:18,562.1,50,18750
20240202,13:42:55,572.05,50,18750
20240202,13:43:34,569.35,150,18750
20240202,13:45:44,561.7,50,18650
20240202,13:46:42,553.5,200,18650
20240202,13:46:55,551.5,50,18650
20240202,13:47:48,562.75,50,18650
20240202,13:48:16,562.0,150,18600
20240202,13:48:58,555.4,300,18600
20240202,13:49:18,563.0,50,18600
20240202,13:49:23,564.65,50,18600
20240202,13:49:51,570.45,50,18600
20240202,13:50:18,565.0,50,18600
20240202,13:54:19,547.75,100,18300
20240202,13:59:53,540.0,50,18400
20240202,14:00:04,540.75,50,18400
20240202,14:00:22,548.8,50,18400
20240202,14:00:38,550.85,50,18400
20240202,14:01:51,543.0,100,18400
20240202,14:02:19,528.15,200,18400
20240202,14:05:08,538.25,50,18350
20240202,14:06:00,522.9,150,18400
20240202,14:06:36,528.4,150,18400
20240202,14:09:22,513.2,150,18250
20240202,14:09:24,512.75,150,18250
20240202,14:09:25,512.65,300,18250
20240202,14:09:27,513.6,150,18250
20240202,14:09:29,511.8,150,18250
20240202,14:09:30,511.85,150,18250
20240202,14:09:32,512.15,100,18250
20240202,14:11:12,522.65,50,18250
20240202,14:11:58,529.05,50,17550
20240202,14:13:07,529.05,50,17550
20240202,14:17:25,511.2,100,17550
20240202,14:17:27,511.7,150,17550
20240202,14:17:32,511.4,150,17550
20240202,14:17:40,507.5,150,17550
20240202,14:17:42,506.95,150,17550
20240202,14:17:45,507.1,150,17550
20240202,14:17:46,506.9,150,17550
20240202,14:18:46,520.95,50,16950
20240202,14:19:11,529.2,150,16950
20240202,14:19:47,530.8,50,16950
20240202,14:19:51,531.45,50,16950
20240202,14:20:11,528.0,150,16950
20240202,14:26:00,520.0,150,16950
20240202,14:26:29,518.4,150,16950
20240202,14:27:06,528.3,50,16950
20240202,14:27:51,532.95,50,16950
20240202,14:30:07,538.3,200,17000
20240202,14:30:19,537.0,50,17000
20240202,14:30:50,533.75,50,17000
20240202,14:31:27,534.75,50,17000
20240202,14:35:16,534.1,50,16750
20240202,14:41:19,523.2,100,16750
20240202,14:45:11,511.0,50,16750
20240202,14:48:03,512.85,50,16700
20240202,14:53:00,547.2,50,16700
20240202,14:55:36,571.85,50,16750
20240202,14:57:13,587.5,50,16750
20240202,14:57:49,596.5,50,16750
20240202,14:58:45,587.35,50,16750
20240202,14:59:00,597.65,50,16750
20240202,15:00:01,582.0,150,16750
20240202,15:00:02,579.75,50,16750
20240202,15:00:05,576.15,500,16750
20240202,15:01:13,566.45,100,16750
20240202,15:02:34,590.55,50,16750
20240202,15:03:11,588.8,150,16750
20240202,15:03:40,588.35,50,16750
20240202,15:04:15,594.0,50,16750
20240202,15:06:15,575.45,50,16750
20240202,15:07:00,569.8,50,16800
20240202,15:08:46,564.55,100,16800
20240202,15:09:04,572.15,50,16850
20240202,15:09:06,572.15,450,16850
20240202,15:09:10,573.0,450,16850
20240202,15:09:37,567.6,150,16850
20240202,15:09:50,571.0,100,16850
20240202,15:13:20,579.1,50,16000
20240202,15:13:36,572.6,50,16000
20240202,15:15:12,589.7,200,15950
20240202,15:19:43,581.5,250,16000
20240202,15:19:48,586.95,100,16000
20240202,15:20:33,581.0,50,16000
20240202,15:22:10,585.55,150,15850
20240202,15:22:12,586.25,150,15850
20240202,15:22:51,587.5,50,15850
20240202,15:23:35,581.35,50,15850
20240202,15:24:09,585.5,150,15800
20240202,15:24:26,583.55,150,15800
20240202,15:24:53,585.85,50,15800
20240202,15:25:31,589.2,150,15800
20240202,15:25:36,589.25,50,15800
20240202,15:25:37,589.6,150,15800
20240202,15:25:38,588.45,150,15800
20240202,15:25:39,587.7,300,15800
20240202,15:25:40,587.6,450,15800
20240202,15:25:41,588.1,150,15800
20240202,15:25:42,587.45,450,15800
20240202,15:25:43,587.4,600,15800
20240202,15:25:43,586.9,300,15800
20240202,15:25:45,587.75,450,15800
20240202,15:25:49,589.15,150,15800
20240202,15:25:52,589.0,150,15800
20240202,15:25:53,588.75,150,15800
20240202,15:25:56,588.75,100,15800
20240202,15:25:59,589.1,150,15800
20240202,15:26:04,588.05,50,15800
20240202,15:26:06,587.25,400,15800
20240202,15:26:07,586.95,150,15800
20240202,15:26:09,586.25,150,15800
20240202,15:26:12,585.7,300,15800
20240202,15:26:54,583.45,150,15800
20240202,15:26:55,583.45,50,15800
20240202,15:27:01,582.95,50,15800
20240202,15:27:08,582.8,150,14850
20240202,15:27:09,582.25,500,14850
20240202,15:27:10,580.15,150,14850
20240202,15:27:11,579.2,150,14850
20240202,15:27:12,578.2,450,14850
20240202,15:27:14,577.7,150,14850
20240202,15:27:15,576.6,300,14850
20240202,15:27:30,576.5,50,14850
20240202,15:29:28,582.1,150,14850
20240205,09:37:01,582.1,1,14850
20240205,09:37:01,582.1,300,14850
20240205,09:38:01,573.1,300,13700
20240205,09:45:07,573.1,50,13600
20240205,09:46:05,567.95,150,13600
20240205,09:47:02,560.9,50,13750
20240205,09:47:10,560.0,500,13750
20240205,09:48:45,541.1,50,13750
20240205,09:50:51,521.6,50,13700
20240205,09:51:15,521.6,50,13700
20240205,09:52:23,518.0,50,13700
20240205,09:53:27,506.85,50,13700
20240205,09:53:40,506.85,50,13700
20240205,09:54:03,515.4,50,13700
20240205,09:54:34,515.1,150,13700
20240205,09:55:10,516.75,100,13700
20240205,09:55:53,525.0,100,13950
20240205,09:56:49,520.9,300,13950
20240205,09:57:29,528.1,50,13950
20240205,09:57:58,527.05,50,13950
20240205,09:58:31,520.95,100,14050
20240205,09:58:50,518.4,50,14050
20240205,09:59:06,521.6,50,14050
20240205,09:59:57,521.85,150,14050
20240205,10:00:26,523.45,50,14050
20240205,10:01:05,528.5,50,14050
20240205,10:01:32,521.5,50,13900
20240205,10:01:56,512.05,50,13900
20240205,10:03:21,528.2,250,13900
20240205,10:04:53,547.0,50,13950
20240205,10:04:59,545.35,50,13950
20240205,10:05:40,530.55,50,13950
20240205,10:07:55,526.5,50,13950
20240205,10:09:07,521.55,50,13950
20240205,10:09:33,520.0,50,13950
20240205,10:11:02,524.2,50,14000
20240205,10:11:19,531.05,50,14000
20240205,10:11:57,532.0,50,14000
20240205,10:17:19,553.1,100,13950
20240205,10:17:25,558.5,150,13950
20240205,10:17:26,557.6,150,13950
20240205,10:17:47,570.0,500,13950
20240205,10:18:12,584.4,50,13950
20240205,10:18:13,584.4,50,13950
20240205,10:18:14,585.15,50,13950
20240205,10:20:48,608.15,50,13950
20240205,10:21:28,627.45,50,13750
20240205,10:21:45,631.6,150,13750
20240205,10:22:47,631.6,200,13750
20240205,10:24:23,610.1,50,13750
20240205,10:24:34,609.65,50,13750
20240205,10:24:40,605.0,50,13750
20240205,10:24:54,606.1,50,13750
20240205,10:27:01,600.0,50,13700
20240205,10:28:00,600.0,1500,13700
20240205,10:30:02,592.25,250,13700
20240205,10:30:05,594.55,200,13700
20240205,10:30:13,596.85,150,13700
20240205,10:30:47,605.0,1500,13700
20240205,10:34:20,610.0,150,13500
20240205,10:38:15,591.3,50,13350
20240205,10:38:39,595.0,200,13350
20240205,10:43:49,570.0,50,13400
20240205,10:45:31,552.5,50,13400
20240205,10:48:26,564.2,50,13350
20240205,10:49:05,564.3,50,13350
20240205,10:49:54,561.0,50,13350
20240205,10:57:43,559.2,100,13400
20240205,11:02:10,555.3,50,13400
20240205,11:06:30,569.4,50,13400
20240205,11:13:53,554.3,50,13350
20240205,11:30:33,556.1,50,13350
20240205,11:32:30,559.5,50,13350
20240205,11:36:02,546.65,50,13350
20240205,11:41:35,533.4,150,13350
20240205,11:41:44,532.0,150,13350
20240205,11:48:45,545.3,50,13350
20240205,12:04:09,542.6,50,13350
20240205,12:05:00,546.6,100,13300
20240205,12:10:16,548.2,50,13300
20240205,12:11:50,549.9,50,13300
20240205,12:12:21,549.4,50,13300
20240205,12:17:16,530.0,50,13300
20240205,12:17:28,528.95,50,13250
20240205,12:20:35,520.8,150,13250
20240205,12:28:16,540.9,50,13350
20240205,12:29:25,544.85,50,13350
20240205,12:43:08,535.4,50,13300
20240205,12:51:01,531.4,50,13350
20240205,12:52:35,522.55,50,13350
20240205,13:00:22,516.95,50,13350
20240205,13:03:54,530.1,50,13400
20240205,13:08:08,509.0,150,13350
20240205,13:08:36,499.4,550,13350
20240205,13:10:45,499.4,100,13800
20240205,13:17:24,524.0,100,13800
20240205,13:26:29,532.7,150,13800
20240205,13:26:30,533.95,500,13800
20240205,13:29:10,543.8,50,13800
20240205,13:29:29,544.35,50,13550
20240205,13:30:23,540.6,100,13550
20240205,13:30:34,536.2,100,13550
20240205,13:31:55,536.2,50,13450
20240205,14:00:19,515.1,150,13450
20240205,14:00:26,516.5,200,13450
20240205,14:00:27,515.5,100,13450
20240205,14:00:28,515.75,50,13450
20240205,14:00:30,514.6,100,13450
20240205,14:00:31,513.55,100,13450
20240205,14:00:32,514.85,100,13450
20240205,14:00:33,514.15,100,13450
20240205,14:00:49,512.55,100,13450
20240205,14:00:51,512.0,100,13450
20240205,14:00:53,512.5,100,13450
20240205,14:00:54,512.85,100,13450
20240205,14:02:48,513.6,150,13300
20240205,14:02:49,513.5,50,13300
20240205,14:02:53,512.8,50,13300
20240205,14:02:58,512.7,100,13300
20240205,14:08:52,560.2,50,13250
20240205,14:12:14,571.75,250,13200
20240205,14:13:05,569.95,300,13200
20240205,14:13:55,560.2,350,13200
20240205,14:24:08,559.1,150,12800
20240205,14:28:00,577.6,50,12650
20240205,14:29:22,574.55,50,12450
20240205,14:29:41,569.65,50,12450
20240205,14:32:21,599.95,150,12400
20240205,14:33:51,603.9,150,12400
20240205,14:34:35,616.5,50,12400
20240205,14:36:37,645.7,50,12400
20240205,14:36:58,649.8,50,12400
20240205,14:36:59,651.25,100,12400
20240205,14:37:08,651.25,50,12400
20240205,14:37:43,651.25,50,12400
20240205,14:38:11,641.3,50,12400
20240205,14:38:32,655.65,50,12400
20240205,14:39:00,677.5,150,12400
20240205,14:39:18,662.15,50,12400
20240205,14:39:30,666.6,50,12400
20240205,14:44:30,717.75,50,12300
20240205,14:46:37,745.75,50,12300
20240205,14:56:09,745.75,50,12300
20240205,15:00:33,725.0,50,12300
20240205,15:01:28,733.8,50,12300
20240205,15:06:13,685.8,150,12300
20240205,15:14:33,720.45,100,12250
20240205,15:19:00,725.1,300,12200
20240205,15:21:14,732.05,50,12250
20240205,15:22:47,721.6,50,12250
20240205,15:24:34,720.95,50,12200
20240205,15:28:28,724.1,100,12200
20240205,15:28:30,721.25,100,12200
20240205,15:28:33,722.6,100,12200
20240205,15:28:36,723.6,100,12200
20240205,15:28:38,722.65,100,12200
20240205,15:28:41,723.25,100,12200
20240205,15:28:45,723.5,100,12200
20240205,15:28:56,724.6,100,12200
20240205,15:28:59,724.9,150,12200
20240205,15:29:00,724.75,100,12200
20240205,15:29:01,724.25,50,12200
20240205,15:29:03,723.05,100,11600
20240205,15:29:06,722.45,100,11600
20240205,15:29:17,724.15,100,11600
20240205,15:29:28,724.1,100,11600
20240205,15:29:32,723.1,100,11600
20240206,09:33:09,650.05,1,11300
20240206,09:33:09,650.05,50,11300
20240206,09:33:23,650.05,50,11300
20240206,09:34:22,662.55,100,11300
20240206,09:35:17,653.1,150,11300
20240206,09:37:07,656.9,50,11300
20240206,09:37:58,647.85,50,11300
20240206,09:38:03,644.55,50,11300
20240206,09:38:07,644.0,100,11300
20240206,09:40:17,639.15,50,11300
20240206,09:41:40,639.15,50,11350
20240206,09:43:32,650.15,100,11350
20240206,09:49:42,624.65,150,11350
20240206,09:54:27,624.65,100,11350
20240206,09:54:55,631.95,150,11350
20240206,09:56:08,635.0,50,11450
20240206,10:03:01,606.5,100,11450
20240206,10:03:46,606.5,100,11450
20240206,10:05:02,611.0,50,11350
20240206,10:09:33,623.0,150,11350
20240206,10:11:28,608.6,50,11350
20240206,10:19:17,630.75,200,11400
20240206,10:37:24,677.35,50,11400
20240206,10:37:27,677.35,50,11400
20240206,10:38:16,661.65,50,11400
20240206,10:58:41,621.4,100,11400
20240206,11:02:11,616.95,50,11300
20240206,11:16:26,607.45,700,11250
20240206,11:19:21,613.4,50,11250
20240206,11:34:04,575.05,100,11250
20240206,11:35:22,563.2,50,11250
20240206,11:39:30,561.8,50,11300
20240206,11:40:08,561.8,50,11300
20240206,11:41:58,567.3,50,11300
20240206,11:55:14,568.0,50,11300
20240206,11:57:02,574.45,50,11300
20240206,12:02:02,565.6,50,11300
20240206,12:02:40,570.0,50,11300
20240206,12:08:06,568.6,50,11350
20240206,12:11:19,553.35,50,11350
20240206,12:11:26,550.05,150,11350
20240206,12:18:08,550.05,50,11400
20240206,12:19:23,562.95,50,11400
20240206,12:21:19,547.0,50,11350
20240206,12:22:28,547.0,50,11350
20240206,12:24:32,559.5,50,11350
20240206,12:24:34,561.35,50,11350
20240206,12:25:10,571.15,50,11350
20240206,12:25:32,579.5,50,11350
20240206,12:25:45,568.6,50,11350
20240206,12:32:16,555.55,50,11300
20240206,12:35:05,546.35,50,11350
20240206,12:35:22,544.0,100,11350
20240206,12:36:05,544.0,50,11350
20240206,12:36:53,530.0,50,11350
20240206,12:48:11,530.0,50,11400
20240206,12:51:21,550.8,50,11400
20240206,12:52:48,559.2,50,11400
20240206,12:53:06,556.85,100,11350
20240206,12:58:16,574.3,50,11300
20240206,12:59:43,568.7,50,11350
20240206,13:01:03,566.6,50,11350
20240206,13:05:52,558.0,50,11350
20240206,13:10:42,548.2,50,11300
20240206,13:22:01,534.55,150,11300
20240206,13:26:35,537.3,50,11350
20240206,13:53:06,518.45,50,11350
20240206,13:55:30,518.45,50,11300
20240206,14:04:35,512.75,50,11300
20240206,14:04:46,511.0,50,11300
20240206,14:05:32,511.0,50,11250
20240206,14:06:35,520.0,50,11250
20240206,14:20:59,536.75,50,11250
20240206,14:24:28,536.45,50,11300
20240206,14:31:28,532.8,50,11300
20240206,14:32:16,530.25,50,11350
20240206,14:39:31,503.55,100,11350
20240206,14:39:36,499.95,100,11350
20240206,14:40:32,499.95,50,11350
20240206,14:41:13,516.25,50,11350
20240206,14:42:23,506.8,50,11350
20240206,14:43:18,509.85,650,11350
20240206,14:47:00,526.7,100,11350
20240206,14:47:05,522.9,50,11400
20240206,14:49:28,534.95,50,11350
20240206,14:52:30,540.75,100,11350
20240206,14:53:00,540.75,150,11350
20240206,14:54:15,558.25,50,11250
20240206,14:54:18,557.85,150,11250
20240206,14:54:36,559.6,50,11250
20240206,15:00:06,536.85,650,11150
20240206,15:00:07,540.6,50,11150
20240206,15:01:44,537.85,50,11150
20240206,15:06:40,521.45,50,11150
20240206,15:07:22,528.65,50,10900
20240206,15:12:11,531.4,50,10850
20240206,15:17:36,545.0,50,10850
20240206,15:20:03,543.5,50,10850
20240206,15:23:02,517.85,50,10850
20240206,15:25:28,511.7,50,10900
20240206,15:28:56,503.0,100,10900
20240207,09:15:17,405.8,1,10850
20240207,09:15:17,405.8,50,10850
20240207,09:15:19,398.9,150,10850
20240207,09:15:38,398.9,50,10850
20240207,09:15:45,407.4,100,10850
20240207,09:16:02,410.75,50,10850
20240207,09:16:29,410.75,300,11000
20240207,09:17:22,408.5,50,11000
20240207,09:17:40,410.6,50,11000
20240207,09:18:36,418.3,250,11000
20240207,09:19:00,424.75,50,11000
20240207,09:19:02,424.75,50,11000
20240207,09:19:04,423.1,50,11000
20240207,09:19:07,421.75,50,11000
20240207,09:19:16,422.45,50,11000
20240207,09:19:54,414.7,50,11200
20240207,09:19:57,410.75,600,11200
20240207,09:20:00,412.85,50,11200
20240207,09:20:07,414.45,50,11200
20240207,09:20:08,420.95,100,11200
20240207,09:20:11,422.0,300,11200
20240207,09:20:15,425.25,50,11200
20240207,09:20:37,425.25,50,11200
20240207,09:20:59,424.1,50,11200
20240207,09:21:44,434.8,50,11200
20240207,09:22:06,434.8,50,11200
20240207,09:23:00,438.45,250,11250
20240207,09:23:49,438.45,200,11250
20240207,09:24:00,426.1,100,11250
20240207,09:24:19,421.1,100,11250
20240207,09:24:24,419.4,50,11250
20240207,09:24:39,415.6,100,11250
20240207,09:24:59,411.3,550,11250
20240207,09:25:01,409.15,150,11250
20240207,09:25:26,420.45,50,11250
20240207,09:25:41,424.95,50,10900
20240207,09:25:56,429.1,50,10900
20240207,09:26:00,428.7,150,10900
20240207,09:26:00,426.45,50,10900
20240207,09:26:04,425.0,50,10900
20240207,09:26:40,436.55,50,10900
20240207,09:26:57,440.0,200,10900
20240207,09:27:22,440.0,50,10900
20240207,09:28:46,448.3,100,10900
20240207,09:30:12,443.3,50,10900
20240207,09:30:36,456.55,50,10900
20240207,09:33:28,456.55,50,10900
20240207,09:35:55,430.35,50,10850
20240207,09:36:49,433.05,350,10850
20240207,09:37:49,426.0,50,11050
20240207,09:38:23,420.95,50,11050
20240207,09:38:27,419.15,100,11050
20240207,09:38:35,421.85,50,11050
20240207,09:38:53,419.6,50,11050
20240207,09:39:00,418.25,350,11050
20240207,09:39:02,418.75,50,11050
20240207,09:39:13,420.05,50,11050
20240207,09:40:33,414.85,250,10900
20240207,09:40:54,413.75,350,10900
20240207,09:41:00,417.85,550,10900
20240207,09:41:40,429.3,50,10900
20240207,09:42:20,436.9,250,10900
20240207,09:42:34,442.95,50,10900
20240207,09:42:46,454.75,100,10900
20240207,09:42:57,456.75,50,10900
20240207,09:43:00,456.9,250,10900
20240207,09:43:20,455.8,150,10900
20240207,09:43:38,451.95,50,10900
20240207,09:44:00,453.95,100,11000
20240207,09:44:42,468.35,150,11000
20240207,09:44:56,467.3,50,11000
20240207,09:46:01,453.75,50,11000
20240207,09:46:02,453.4,50,11000
20240207,09:47:20,472.1,50,10900
20240207,09:47:21,472.1,50,10900
20240207,09:47:23,466.6,50,10900
20240207,09:47:29,467.35,50,10900
20240207,09:47:30,468.5,50,10900
20240207,09:48:36,466.65,50,10900
20240207,09:50:02,452.05,50,10900
20240207,09:50:36,469.0,50,10900
20240207,09:51:02,459.6,50,10900
20240207,09:52:01,456.2,150,10900
20240207,09:52:09,455.5,3300,10900
20240207,09:53:02,453.25,50,11800
20240207,09:55:13,447.6,50,11800
20240207,09:57:00,437.65,100,11800
20240207,09:57:01,437.7,100,11750
20240207,09:57:16,437.1,50,11750
20240207,09:59:19,444.4,50,11750
20240207,10:00:00,436.6,550,11750
20240207,10:00:39,446.45,50,11750
20240207,10:01:07,449.35,100,11750
20240207,10:01:45,445.0,50,11500
20240207,10:02:56,452.2,50,11500
20240207,10:03:24,457.6,50,11500
20240207,10:03:42,455.75,50,11500
20240207,10:03:43,457.0,50,11500
20240207,10:04:03,463.25,50,11500
20240207,10:04:55,472.5,50,11500
20240207,10:05:32,484.5,50,11500
20240207,10:05:35,484.5,100,11500
20240207,10:06:01,474.2,100,11500
20240207,10:06:24,468.5,50,11500
20240207,10:06:37,467.1,250,11500
20240207,10:08:02,457.65,50,11650
20240207,10:08:47,458.0,50,11650
20240207,10:09:01,454.0,50,11650
20240207,10:12:22,445.65,50,11600
20240207,10:12:33,448.0,50,11600
20240207,10:16:10,443.75,100,11600
20240207,10:18:15,435.15,50,11550
20240207,10:22:44,450.0,100,11500
20240207,10:25:09,454.35,100,11500
20240207,10:26:00,452.7,100,11500
20240207,10:32:57,451.1,50,11600
20240207,10:34:46,456.6,50,11650
20240207,10:35:16,459.2,100,11650
20240207,10:35:22,458.8,100,11650
20240207,10:36:39,468.4,50,11650
20240207,10:37:02,468.7,50,11650
20240207,10:37:03,468.75,50,11650
20240207,10:37:05,470.7,50,11650
20240207,10:37:14,470.0,50,11650
20240207,10:37:26,471.5,50,11650
20240207,10:37:53,471.35,50,11650
20240207,10:38:24,476.65,50,11550
20240207,10:38:42,477.8,250,11550
20240207,10:38:55,477.8,50,11550
20240207,10:40:44,490.8,50,11450
20240207,10:41:38,490.8,50,11450
20240207,10:41:51,487.2,50,11450
20240207,10:41:57,494.95,150,11450
20240207,10:42:00,494.95,50,11450
20240207,10:42:01,494.7,50,11450
20240207,10:42:02,499.05,250,11450
20240207,10:43:53,504.2,200,11500
20240207,10:43:57,507.45,50,11500
20240207,10:44:09,507.45,250,11500
20240207,10:45:01,487.4,50,11500
20240207,10:45:12,492.85,250,11500
20240207,10:46:07,487.05,250,11500
20240207,10:46:13,484.3,50,11500
20240207,10:47:02,479.05,50,11950
20240207,10:47:36,479.85,50,11950
20240207,10:47:39,480.5,50,11950
20240207,10:48:07,483.45,100,11950
20240207,10:48:59,486.0,100,11950
20240207,10:50:10,479.1,150,12200
20240207,10:53:35,480.0,50,12100
20240207,10:53:58,476.15,50,12100
20240207,10:55:06,471.8,50,12100
20240207,10:57:44,469.05,100,12100
20240207,10:59:55,487.5,100,12100
20240207,11:00:07,483.95,50,12100
20240207,11:00:22,487.9,50,12100
20240207,11:01:36,476.0,50,12100
20240207,11:01:56,480.25,100,12000
20240207,11:02:59,487.4,50,12000
20240207,11:03:13,487.1,550,12000
20240207,11:03:33,496.55,100,12000
20240207,11:03:38,494.3,50,12000
20240207,11:04:38,496.8,50,12000
20240207,11:06:39,509.45,50,12200
20240207,11:06:40,509.7,50,12200
20240207,11:06:43,509.7,100,12200
20240207,11:09:09,512.55,650,12100
20240207,11:09:21,521.05,350,12100
20240207,11:09:32,524.8,100,12100
20240207,11:12:00,524.8,50,12200
20240207,11:13:00,496.3,150,12200
20240207,11:13:11,493.75,100,12200
20240207,11:13:12,493.6,150,12200
20240207,11:14:25,488.65,50,11850
20240207,11:15:09,486.9,50,11850
20240207,11:15:33,495.2,100,11850
20240207,11:15:54,494.55,50,11850
20240207,11:16:45,502.1,100,11850
20240207,11:16:46,503.35,50,11850
20240207,11:17:55,486.4,50,11950
20240207,11:22:21,507.0,50,11900
20240207,11:22:45,506.1,50,11900
20240207,11:23:00,503.25,50,11950
20240207,11:24:51,516.2,200,11950
20240207,11:25:00,512.8,50,11950
20240207,11:26:43,523.55,250,12150
20240207,11:27:35,521.95,200,12150
20240207,11:28:45,519.95,100,12150
20240207,11:30:28,527.0,100,12050
20240207,11:31:11,527.0,100,12050
20240207,11:31:40,535.45,400,12050
20240207,11:31:44,534.5,250,12050
20240207,11:32:01,549.25,50,12050
20240207,11:32:53,552.95,450,12050
20240207,11:35:40,557.4,50,11650
20240207,11:36:00,557.4,150,11650
20240207,11:37:51,571.1,100,11600
20240207,11:38:24,580.25,200,11600
20240207,11:39:12,595.15,250,11600
20240207,11:42:34,595.15,100,11600
20240207,11:44:34,572.25,50,11650
20240207,11:46:04,573.0,50,11650
20240207,11:49:57,567.35,50,11650
20240207,11:50:45,565.8,50,11650
20240207,11:51:06,563.65,200,11650
20240207,11:55:07,585.25,100,11650
20240207,11:55:26,590.75,50,11650
20240207,11:56:46,610.05,150,11600
20240207,11:57:36,614.95,50,11600
20240207,11:59:19,614.95,150,11800
20240207,11:59:34,606.45,100,11800
20240207,11:59:54,603.4,50,11800
20240207,12:00:53,600.9,50,11800
20240207,12:07:44,580.0,50,11500
20240207,12:12:02,570.1,50,11500
20240207,12:33:11,553.85,50,11450
20240207,12:39:26,568.45,50,11500
20240207,12:48:22,584.95,150,11450
20240207,12:58:06,586.1,250,11600
20240207,13:07:01,570.55,50,11600
20240207,13:07:14,570.55,50,11600
20240207,13:27:31,569.7,50,11600
20240207,13:29:02,583.15,100,11600
20240207,13:29:44,582.15,50,11550
20240207,13:33:58,549.85,50,11550
20240207,13:34:50,547.25,50,11550
20240207,13:39:59,533.75,50,11600
20240207,13:40:11,523.85,250,11600
20240207,13:41:39,517.95,50,11800
20240207,13:41:59,514.25,50,11800
20240207,13:42:03,514.25,50,11800
20240207,13:42:14,511.8,150,11800
20240207,13:42:37,509.25,150,11800
20240207,13:42:58,514.15,100,11800
20240207,13:43:31,517.35,250,11800
20240207,13:44:45,526.35,50,11800
20240207,13:44:48,527.05,50,11900
20240207,13:45:39,533.75,100,11900
20240207,13:46:11,535.2,50,11900
20240207,13:47:09,538.05,100,11900
20240207,13:47:27,541.35,50,11750
20240207,13:47:41,543.3,50,11750
20240207,13:48:01,545.95,50,11750
20240207,13:48:12,548.45,50,11750
20240207,13:48:46,554.0,100,11750
20240207,13:49:04,554.75,50,11750
20240207,13:54:14,544.75,50,11650
20240207,14:00:12,516.05,100,11700
20240207,14:02:03,512.85,50,11700
20240207,14:03:40,517.0,50,11700
20240207,14:05:07,517.9,50,11700
20240207,14:05:22,519.05,100,11750
20240207,14:05:46,519.05,50,11750
20240207,14:08:07,494.7,50,11750
20240207,14:10:21,494.0,50,11800
20240207,14:10:47,480.8,2050,11800
20240207,14:11:10,483.75,100,11800
20240207,14:17:28,499.3,50,10900
20240207,14:18:59,487.6,100,10900
20240207,14:22:01,472.15,50,10850
20240207,14:23:52,467.2,50,10850
20240207,14:23:54,470.0,50,10850
20240207,14:24:01,471.5,250,10850
20240207,14:25:05,470.0,50,10850
20240207,14:25:27,467.85,100,10850
20240207,14:25:39,472.0,50,10850
20240207,14:27:08,474.3,50,11100
20240207,14:29:53,489.1,50,11100
20240207,14:31:07,483.05,50,11100
20240207,14:31:59,493.15,50,11100
20240207,14:33:35,497.15,50,11100
20240207,14:37:00,500.25,50,11150
20240207,14:37:04,496.45,150,11150
20240207,14:37:06,494.2,50,11150
20240207,14:37:53,498.9,50,11150
20240207,14:38:37,515.75,150,11050
20240207,14:39:03,536.15,200,11050
20240207,14:39:10,535.3,150,11050
20240207,14:39:18,535.25,200,11050
20240207,14:39:44,534.65,150,11050
20240207,14:39:51,526.65,200,11050
20240207,14:39:59,521.8,150,11050
20240207,14:40:04,526.5,50,11050
20240207,14:40:27,535.05,150,11050
20240207,14:41:00,533.9,50,11050
20240207,14:41:11,532.3,150,11050
20240207,14:42:14,516.25,50,11150
20240207,14:43:06,508.95,50,11150
20240207,14:48:15,518.75,50,11150
20240207,14:49:45,525.75,50,11150
20240207,14:50:54,509.9,50,11100
20240207,14:52:23,506.25,50,11100
20240207,14:52:43,507.7,50,11100
20240207,14:54:00,492.6,50,11100
20240207,14:55:06,492.5,50,11100
20240207,14:57:00,501.55,50,11050
20240207,14:58:00,512.3,50,11050
20240207,15:00:20,527.3,50,11100
20240207,15:00:27,525.95,50,11100
20240207,15:00:30,520.8,50,11100
20240207,15:02:43,517.7,50,11050
20240207,15:03:00,516.0,50,11050
20240207,15:03:32,521.85,50,11050
20240207,15:14:00,508.7,50,11000
20240207,15:15:06,501.3,50,11000
20240207,15:15:26,502.65,50,11000
20240207,15:25:33,488.9,50,10950
20240207,15:25:42,487.65,200,10950
20240207,15:27:17,487.7,50,10800
20240207,15:27:41,486.8,100,10800
20240207,15:27:47,485.2,100,10800
20240207,15:29:42,478.0,100,10550
20240208,09:15:01,447.25,1,10550
20240208,09:15:01,447.25,50,10550
20240208,09:15:58,457.65,50,10550
20240208,09:16:26,457.65,50,10550
20240208,09:18:05,447.35,100,10600
20240208,09:20:03,445.0,200,10700
20240208,09:20:10,444.95,200,10700
20240208,09:20:37,440.0,200,10700
20240208,09:20:52,435.0,50,10700
20240208,09:21:49,433.05,50,10700
20240208,09:21:52,430.0,200,10700
20240208,09:22:31,430.0,100,10700
20240208,09:23:23,443.25,50,10700
20240208,09:24:26,445.05,150,10850
20240208,09:25:00,445.55,100,10850
20240208,09:25:54,441.35,250,10750
20240208,09:26:21,438.7,50,10750
20240208,09:27:31,438.95,50,10750
20240208,09:28:55,440.4,50,11000
20240208,09:29:55,447.55,50,11000
20240208,09:30:02,450.0,50,11000
20240208,09:30:05,450.25,50,11000
20240208,09:30:12,444.7,50,11000
20240208,09:30:43,440.6,50,11000
20240208,09:32:00,441.55,50,11000
20240208,09:33:59,450.4,50,11000
20240208,09:34:10,460.25,50,11000
20240208,09:34:15,460.25,50,11000
20240208,09:34:37,456.25,50,11000
20240208,09:35:00,451.35,100,11000
20240208,09:35:02,453.3,50,11000
20240208,09:36:00,455.45,250,11000
20240208,09:38:08,459.0,50,10950
20240208,09:39:09,469.0,50,10950
20240208,09:39:12,469.0,50,10950
20240208,09:39:13,466.5,50,10950
20240208,09:39:25,475.65,350,10950
20240208,09:39:26,479.0,950,10950
20240208,09:39:30,472.95,50,10950
20240208,09:39:45,471.8,50,10950
20240208,09:39:55,471.35,100,10950
20240208,09:39:59,470.6,100,10950
20240208,09:40:03,475.3,50,10950
20240208,09:40:09,472.3,50,10950
20240208,09:40:26,469.5,50,10950
20240208,09:40:31,470.2,850,10950
20240208,09:41:01,468.95,50,10900
20240208,09:41:07,470.05,50,10900
20240208,09:41:54,473.45,200,10900
20240208,09:42:05,479.9,100,10900
20240208,09:42:10,484.0,200,10900
20240208,09:42:11,485.2,50,10900
20240208,09:42:17,485.2,50,10900
20240208,09:42:22,481.15,50,10900
20240208,09:42:44,481.85,50,10900
20240208,09:42:48,480.85,400,10900
20240208,09:42:59,481.95,50,10900
20240208,09:43:00,480.65,50,10900
20240208,09:43:02,485.95,50,10900
20240208,09:43:04,486.7,50,10900
20240208,09:43:12,486.7,50,10900
20240208,09:43:28,481.8,50,10900
20240208,09:43:34,481.2,50,10900
20240208,09:44:03,476.5,50,10950
20240208,09:44:23,472.9,50,10950
20240208,09:44:36,472.15,50,10950
20240208,09:44:37,472.15,50,10950
20240208,09:44:39,472.05,50,10950
20240208,09:44:40,471.85,50,10950
20240208,09:44:41,471.65,50,10950
20240208,09:44:42,472.45,100,10950
20240208,09:44:47,472.95,100,10950
20240208,09:45:01,469.25,50,10950
20240208,09:45:29,478.45,50,10950
20240208,09:45:54,484.0,150,10950
20240208,09:46:28,489.5,150,10950
20240208,09:46:29,493.5,350,10950
20240208,09:46:31,495.45,200,10950
20240208,09:47:06,495.75,50,11050
20240208,09:47:07,495.75,50,11050
20240208,09:47:47,487.4,50,11050
20240208,09:47:52,485.55,50,11050
20240208,09:48:00,487.15,50,11050
20240208,09:48:44,484.15,50,11050
20240208,09:48:46,485.65,50,11050
20240208,09:49:17,482.85,50,11050
20240208,09:49:29,483.3,50,11050
20240208,09:51:09,501.95,50,11050
20240208,09:51:10,502.5,100,11050
20240208,09:53:01,493.7,50,11050
20240208,09:53:31,492.6,50,11050
20240208,09:53:53,487.75,50,11050
20240208,09:54:02,487.8,50,11050
20240208,09:54:19,489.7,50,11050
20240208,09:55:10,494.65,1150,11050
20240208,09:55:47,497.55,50,12000
20240208,09:56:03,494.85,100,12000
20240208,09:56:24,490.7,50,12000
20240208,09:58:01,484.15,50,12000
20240208,09:58:52,477.75,50,11900
20240208,09:59:00,478.25,50,11900
20240208,10:00:00,490.85,50,11900
20240208,10:00:06,503.65,50,11900
20240208,10:00:42,503.65,100,11900
20240208,10:00:49,481.7,150,11900
20240208,10:01:19,488.9,50,11900
20240208,10:01:23,487.95,100,11900
20240208,10:01:53,492.7,50,11900
20240208,10:02:00,493.65,100,11600
20240208,10:02:07,492.4,50,11600
20240208,10:02:10,493.0,50,11600
20240208,10:02:25,492.95,200,11600
20240208,10:03:00,494.95,300,11600
20240208,10:04:50,479.7,50,11100
20240208,10:04:51,475.3,150,11100
20240208,10:04:54,472.45,100,11100
20240208,10:05:01,454.95,800,11100
20240208,10:05:03,450.35,500,11100
20240208,10:05:04,453.4,50,11100
20240208,10:05:08,458.2,100,11100
20240208,10:05:09,462.45,50,11100
20240208,10:05:10,464.25,50,11100
20240208,10:05:16,461.2,50,11100
20240208,10:05:17,455.05,50,11100
20240208,10:05:29,469.4,250,11100
20240208,10:05:34,470.65,50,11100
20240208,10:05:36,479.1,50,11100
20240208,10:05:37,483.65,700,11100
20240208,10:05:44,490.85,50,11100
20240208,10:05:45,488.85,50,11100
20240208,10:05:46,487.6,50,11100
20240208,10:05:50,483.05,50,11100
20240208,10:05:54,489.75,100,11100
20240208,10:05:56,492.5,50,11100
20240208,10:05:57,487.9,50,11100
20240208,10:06:00,488.75,50,11100
20240208,10:06:02,486.15,50,11100
20240208,10:06:06,487.8,150,11100
20240208,10:06:29,493.4,50,11100
20240208,10:06:31,491.0,50,11100
20240208,10:06:41,492.2,550,11100
20240208,10:06:55,488.7,600,11100
20240208,10:07:02,491.2,600,11100
20240208,10:07:16,483.1,150,11100
20240208,10:07:57,487.1,50,11100
20240208,10:08:15,496.35,50,11100
20240208,10:08:20,490.2,50,11100
20240208,10:08:32,491.95,100,11100
20240208,10:09:01,502.25,50,11100
20240208,10:09:11,520.4,150,11100
20240208,10:09:12,521.6,300,11100
20240208,10:09:13,532.5,1800,11100
20240208,10:09:15,534.05,200,11100
20240208,10:09:17,523.6,100,11100
20240208,10:09:21,528.7,50,11100
20240208,10:09:34,522.45,100,11100
20240208,10:09:51,528.7,50,11100
20240208,10:10:06,549.0,50,11100
20240208,10:10:08,550.0,150,11100
20240208,10:10:09,547.6,100,11100
20240208,10:10:10,546.9,100,11100
20240208,10:10:11,544.8,50,11100
20240208,10:10:12,545.8,100,11100
20240208,10:10:14,541.0,50,11100
20240208,10:10:17,535.55,50,11100
20240208,10:10:33,540.65,50,11100
20240208,10:10:38,533.0,100,11100
20240208,10:10:41,536.15,50,11100
20240208,10:11:01,535.1,100,11850
20240208,10:11:50,534.7,150,11850
20240208,10:12:54,538.55,50,11850
20240208,10:13:28,534.95,50,11850
20240208,10:14:10,524.6,50,11900
20240208,10:15:00,524.6,50,11900
20240208,10:15:33,558.45,50,11900
20240208,10:15:37,559.25,50,11900
20240208,10:15:48,569.0,50,11900
20240208,10:16:01,573.9,250,11900
20240208,10:16:02,574.45,50,11900
20240208,10:16:03,574.45,50,11900
20240208,10:23:00,550.0,50,11850
20240208,10:26:00,539.1,100,11850
20240208,10:26:32,522.95,100,11850
20240208,10:27:00,514.0,50,11850
20240208,10:28:02,504.95,50,11850
20240208,10:28:13,505.0,50,11850
20240208,10:28:40,504.0,50,11850
20240208,10:28:47,504.0,50,11850
20240208,10:29:58,505.0,50,11750
20240208,10:30:02,505.55,50,11750
20240208,10:31:32,493.75,50,11750
20240208,10:32:19,497.0,50,11750
20240208,10:33:36,499.9,50,11750
20240208,10:35:18,497.55,50,11800
20240208,10:37:23,510.4,150,11800
20240208,10:37:46,517.85,150,11800
20240208,10:38:11,506.75,1100,11750
20240208,10:38:24,505.8,150,11750
20240208,10:41:24,533.2,1000,11750
20240208,10:41:25,536.4,250,11750
20240208,10:41:27,543.0,150,11750
20240208,10:41:28,538.5,150,11750
20240208,10:41:33,568.35,400,11750
20240208,10:41:34,563.1,150,11750
20240208,10:41:35,563.05,100,11750
20240208,10:41:36,565.45,50,11750
20240208,10:41:39,558.0,100,11750
20240208,10:41:39,559.8,100,11750
20240208,10:41:41,561.4,150,11750
20240208,10:41:42,559.7,50,11750
20240208,10:41:43,565.3,200,11750
20240208,10:41:44,567.0,200,11750
20240208,10:41:47,569.3,50,11750
20240208,10:41:59,560.2,50,11750
20240208,10:42:00,561.75,50,11750
20240208,10:42:01,569.1,150,11750
20240208,10:42:06,579.0,50,11750
20240208,10:42:16,579.0,50,11750
20240208,10:43:12,585.5,150,11750
20240208,10:43:32,595.0,50,11750
20240208,10:43:37,599.0,50,11750
20240208,10:43:44,599.0,100,11750
20240208,10:43:53,594.35,100,11750
20240208,10:43:55,589.3,50,12000
20240208,10:44:07,585.0,50,12000
20240208,10:45:54,582.5,50,12000
20240208,10:46:30,580.0,50,12000
20240208,10:46:34,580.0,50,12000
20240208,10:47:11,581.0,50,11850
20240208,10:50:27,570.75,150,11900
20240208,10:50:30,571.1,100,11900
20240208,10:56:07,575.7,50,12050
20240208,10:57:27,595.1,50,12050
20240208,10:57:45,599.0,100,12050
20240208,10:57:49,612.1,150,12050
20240208,10:57:54,610.4,50,12050
20240208,10:58:00,616.95,50,12050
20240208,10:58:37,618.95,50,12050
20240208,10:59:03,636.55,100,11850
20240208,10:59:04,636.55,100,11850
20240208,10:59:05,637.6,50,11850
20240208,11:00:03,639.65,50,11850
20240208,11:00:04,642.35,50,11850
20240208,11:00:21,649.0,50,11850
20240208,11:02:09,654.7,150,11950
20240208,11:02:44,664.95,250,11950
20240208,11:03:04,684.85,200,11950
20240208,11:04:10,705.9,50,11950
20240208,11:04:14,714.9,50,11950
20240208,11:04:17,717.25,150,11950
20240208,11:04:41,743.55,100,11950
20240208,11:04:50,726.1,100,11950
20240208,11:06:00,734.6,50,12050
20240208,11:06:05,733.55,100,12050
20240208,11:07:06,730.05,150,12050
20240208,11:07:29,739.05,150,12050
20240208,11:07:58,720.3,100,12050
20240208,11:08:04,723.65,100,12050
20240208,11:08:28,729.8,50,12050
20240208,11:08:33,737.35,50,12050
20240208,11:09:05,740.95,50,12050
20240208,11:09:13,735.3,50,12050
20240208,11:10:04,757.85,50,12050
20240208,11:10:18,763.9,50,12050
20240208,11:10:33,764.2,50,12050
20240208,11:10:34,764.75,50,12050
20240208,11:11:00,764.75,100,12000
20240208,11:11:08,755.65,50,12000
20240208,11:11:09,754.6,50,12000
20240208,11:11:26,741.2,50,12000
20240208,11:11:30,743.75,50,12000
20240208,11:12:54,735.5,50,12000
20240208,11:15:47,735.4,50,11800
20240208,11:16:37,730.0,250,11800
20240208,11:17:08,721.0,100,11700
20240208,11:17:38,730.85,50,11700
20240208,11:18:59,714.0,50,11700
20240208,11:19:15,726.0,50,11700
20240208,11:28:07,722.0,50,11600
20240208,11:28:08,722.2,50,11600
20240208,11:32:44,725.75,50,11550
20240208,11:36:53,713.85,900,11500
20240208,11:36:57,714.95,900,11500
20240208,11:54:03,667.4,50,11500
20240208,11:54:15,670.7,50,11500
20240208,11:56:41,671.75,200,11400
20240208,12:07:02,671.9,50,11300
20240208,12:12:29,662.7,50,11300
20240208,12:20:19,676.65,50,11300
20240208,12:21:12,689.85,50,11300
20240208,12:39:29,672.15,50,11300
20240208,12:41:10,677.95,50,11300
20240208,12:52:43,679.0,50,11300
20240208,12:53:07,677.0,50,11300
20240208,12:53:20,675.55,50,11250
20240208,13:00:18,651.9,100,11300
20240208,13:39:01,672.4,100,11350
20240208,13:52:46,690.95,150,11400
20240208,13:52:51,688.85,250,11400
20240208,13:53:20,696.05,250,11400
20240208,13:53:23,693.15,150,11400
20240208,13:53:35,694.25,50,11400
20240208,13:55:54,692.55,150,11550
20240208,13:58:30,697.3,50,11350
20240208,13:59:54,686.75,50,11300
20240208,14:01:07,686.9,50,11300
20240208,14:03:23,703.45,650,11300
20240208,14:03:24,715.1,450,11250
20240208,14:03:26,711.25,250,11250
20240208,14:03:27,707.8,50,11250
20240208,14:03:28,710.55,50,11250
20240208,14:04:56,728.7,50,11250
20240208,14:05:22,731.1,50,11250
20240208,14:07:43,723.05,50,11200
20240208,14:08:57,728.2,100,11200
20240208,14:08:58,729.2,100,11200
20240208,14:14:01,739.25,50,11200
20240208,14:14:02,739.25,50,11000
20240208,14:14:03,739.75,200,11000
20240208,14:17:31,737.95,100,11000
20240208,14:19:16,727.05,50,11000
20240208,14:31:09,757.4,50,11000
20240208,14:35:45,762.85,50,11050
20240208,14:36:01,763.3,50,11050
20240208,14:36:46,774.4,250,11050
20240208,14:37:17,774.4,50,11050
20240208,15:00:05,784.25,50,11050
20240208,15:00:23,784.25,50,11050
20240208,15:00:26,781.5,50,11050
20240208,15:00:28,781.0,50,11050
20240208,15:01:10,783.65,100,11050
20240208,15:01:12,781.9,100,11050
20240208,15:01:14,782.35,100,11050
20240208,15:01:17,782.65,50,11050
20240208,15:01:21,781.4,50,11050
20240208,15:01:22,781.45,100,11050
20240208,15:01:23,781.8,100,11050
20240208,15:01:28,782.3,50,11050
20240208,15:01:29,782.4,50,11050
20240208,15:01:35,785.7,100,11050
20240208,15:01:43,785.7,100,11050
20240208,15:02:02,786.35,100,11050
20240208,15:02:22,786.35,50,11050
20240208,15:02:27,781.6,150,11050
20240208,15:02:41,783.0,100,11600
20240208,15:02:45,784.4,100,11600
20240208,15:02:54,786.25,100,11600
20240208,15:02:59,789.6,100,11600
20240208,15:03:05,789.6,100,11600
20240208,15:03:07,788.4,100,11600
20240208,15:03:11,790.1,100,11600
20240208,15:03:21,790.1,100,11600
20240208,15:03:23,785.1,50,11600
20240208,15:03:26,786.55,50,11600
20240208,15:03:27,786.45,100,11600
20240208,15:03:28,785.8,100,11600
20240208,15:03:33,782.35,100,11600
20240208,15:03:39,782.05,100,11600
20240208,15:03:42,782.85,50,11600
20240208,15:03:43,783.45,100,11600
20240208,15:03:44,782.75,250,11600
20240208,15:03:49,781.15,100,11600
20240208,15:03:56,779.7,50,11600
20240208,15:04:09,776.5,100,11600
20240208,15:04:48,771.15,50,11600
20240208,15:04:53,768.3,50,11600
20240208,15:05:11,756.3,150,11600
20240208,15:05:13,758.25,100,11600
20240208,15:05:14,761.2,150,11600
20240208,15:05:16,761.3,100,11600
20240208,15:05:28,761.0,100,11600
20240208,15:05:30,761.25,100,11600
20240208,15:05:42,756.6,100,13250
20240208,15:07:04,748.2,100,13250
20240208,15:07:24,745.3,50,13250
20240208,15:07:56,743.7,100,13250
20240208,15:08:06,742.95,50,13250
20240208,15:09:13,735.75,100,13250
20240208,15:09:29,741.5,50,13450
20240208,15:09:33,742.2,50,13450
20240208,15:10:28,739.6,100,13450
20240208,15:11:12,737.0,50,13450
20240208,15:12:38,738.0,100,13600
20240208,15:13:49,737.0,50,13600
20240208,15:13:57,738.2,100,13600
20240208,15:14:49,739.25,100,13650
20240208,15:19:06,739.4,50,13750
20240208,15:19:10,739.15,50,13750
20240208,15:19:23,739.15,50,13750
20240208,15:19:24,739.15,100,13750
20240208,15:19:26,739.15,50,13750
20240208,15:19:28,739.15,50,13750
20240208,15:19:29,739.15,250,13750
20240208,15:19:34,738.05,150,13750
20240208,15:20:01,738.05,250,13750
20240208,15:20:04,738.05,250,13750
20240208,15:20:37,738.05,50,13750
20240208,15:21:42,735.0,50,12450
20240208,15:22:19,733.45,50,12450
20240208,15:22:38,733.2,100,12450
20240208,15:27:11,731.45,200,12350
20240208,15:28:02,729.9,50,12350
20240208,15:28:16,730.9,50,12350
20240208,15:28:30,730.05,50,12350
