date,time,tick_price,volume,open_interest
20240115,09:18:44,45.05,50,2350
20240115,09:19:07,36.85,2250,2350
20240115,09:19:15,35.5,100,2350
20240115,09:19:47,35.5,100,2350
20240115,09:20:20,36.15,50,2350
20240115,09:20:37,36.15,100,2350
20240115,09:22:31,39.0,500,2350
20240115,09:22:39,38.25,250,2350
20240115,09:22:47,37.95,50,2350
20240115,09:23:47,38.15,50,3100
20240115,09:24:04,38.6,50,3100
20240115,09:24:13,38.4,150,3100
20240115,09:24:22,39.2,1050,3100
20240115,09:24:39,39.45,250,3100
20240115,09:25:05,39.95,50,3100
20240115,09:25:51,39.65,100,3100
20240115,09:25:59,39.0,100,3100
20240115,09:26:24,39.45,50,3100
20240115,09:26:32,39.3,500,3100
20240115,09:26:40,39.35,550,5100
20240115,09:27:04,39.3,50,5100
20240115,09:27:29,39.0,50,5100
20240115,09:27:55,39.3,150,5100
20240115,09:28:05,39.4,50,5100
20240115,09:28:26,38.45,400,5100
20240115,09:28:35,38.4,800,5100
20240115,09:28:44,38.35,1050,5100
20240115,09:28:52,38.1,1000,5100
20240115,09:29:00,37.7,50,5100
20240115,09:29:08,37.5,500,5100
20240115,09:29:34,37.55,100,5100
20240115,09:29:42,37.6,50,8550
20240115,09:29:50,37.55,250,8550
20240115,09:30:08,36.95,150,8550
20240115,09:30:27,36.3,100,8550
20240115,09:30:36,36.65,50,8550
20240115,09:30:45,36.95,250,8550
20240115,09:31:29,35.95,100,8550
20240115,09:31:49,36.05,500,8550
20240115,09:32:14,36.15,100,8550
20240115,09:32:31,35.4,50,8550
20240115,09:32:39,35.4,150,8550
20240115,09:32:56,35.35,200,9550
20240115,09:33:39,35.35,200,9550
20240115,09:33:48,35.5,50,9550
20240115,09:34:06,36.2,50,9550
20240115,09:34:39,36.1,50,9550
20240115,09:35:04,35.75,50,9550
20240115,09:35:12,35.8,50,9550
20240115,09:35:21,36.0,50,9550
20240115,09:36:26,35.9,50,10200
20240115,09:40:16,37.45,50,10200
20240115,09:41:32,36.6,200,10200
20240115,09:41:43,36.9,100,10200
20240115,09:42:08,36.7,50,10250
20240115,09:42:17,36.95,50,10250
20240115,09:42:35,37.0,50,10250
20240115,09:42:44,37.0,50,10250
20240115,09:43:25,36.5,1000,10250
20240115,09:43:58,36.55,750,10250
20240115,09:44:07,36.7,100,10250
20240115,09:44:15,36.75,50,10250
20240115,09:44:32,36.5,100,10250
20240115,09:44:40,36.45,150,11850
20240115,09:44:48,36.5,50,11850
20240115,09:44:56,36.55,200,11850
20240115,09:45:05,36.45,700,11850
20240115,09:45:24,36.6,50,11850
20240115,09:45:40,36.75,100,11850
20240115,09:48:03,36.5,1000,12350
20240115,09:48:12,36.35,1050,12350
20240115,09:50:03,35.6,50,12350
20240115,09:50:39,35.5,50,12350
20240115,09:52:02,34.25,100,14000
20240115,09:52:23,34.05,100,14000
20240115,09:52:44,33.4,600,14000
20240115,09:53:04,33.4,100,14000
20240115,09:53:22,33.8,50,14000
20240115,09:53:31,34.15,100,14000
20240115,09:53:52,34.25,50,14150
20240115,09:54:10,33.85,50,14150
20240115,09:54:46,33.9,500,14150
20240115,09:54:58,33.85,500,14150
20240115,09:58:00,32.6,100,14400
20240115,09:58:10,32.15,150,14400
20240115,09:58:30,32.15,50,14400
20240115,10:00:02,32.2,50,14450
20240115,10:00:23,31.7,50,14450
20240115,10:00:34,31.6,50,14450
20240115,10:01:24,31.55,100,14450
20240115,10:01:32,31.1,200,14450
20240115,10:02:11,31.1,50,14450
20240115,10:02:20,31.7,150,14450
20240115,10:03:00,33.1,150,14750
20240115,10:03:10,32.55,200,14750
20240115,10:03:21,32.75,150,14750
20240115,10:03:57,32.75,200,14750
20240115,10:05:21,33.55,100,14750
20240115,10:06:24,34.1,50,14900
20240115,10:06:42,34.45,50,14900
20240115,10:13:23,33.45,800,14950
20240115,10:14:05,33.2,50,14950
20240115,10:14:22,33.05,250,14950
20240115,10:14:31,33.05,50,14950
20240115,10:14:48,33.05,100,15700
20240115,10:15:22,32.85,150,15700
20240115,10:15:31,32.8,150,15700
20240115,10:18:28,32.8,250,16000
20240115,10:18:36,32.8,150,16000
20240115,10:19:43,32.95,50,16000
20240115,10:20:32,33.0,50,16000
20240115,10:25:46,33.0,50,16450
20240115,10:26:18,32.25,50,16450
20240115,10:26:26,32.45,150,16450
20240115,10:26:40,32.4,50,16450
20240115,10:27:03,32.35,1000,16700
20240115,10:29:15,33.0,50,16700
20240115,10:30:34,33.15,800,17750
20240115,10:31:25,33.0,100,17750
20240115,10:34:12,33.0,50,16950
20240115,10:35:34,32.75,100,16950
20240115,10:36:23,33.3,100,16950
20240115,10:36:48,33.3,200,17000
20240115,10:36:57,33.4,100,17000
20240115,10:37:05,33.25,150,17000
20240115,10:37:13,33.45,50,17000
20240115,10:37:21,33.4,150,17000
20240115,10:37:37,33.6,300,17000
20240115,10:37:54,33.3,50,17000
20240115,10:38:41,33.05,100,17000
20240115,10:39:34,33.05,200,16800
20240115,10:42:39,32.85,50,16800
20240115,10:46:15,32.85,500,16800
20240115,10:46:25,32.85,500,16800
20240115,10:46:51,32.4,50,16800
20240115,10:47:06,32.5,50,16800
20240115,10:47:14,32.5,50,16800
20240115,10:47:21,32.5,50,16800
20240115,10:47:28,32.6,50,16800
20240115,10:50:31,33.3,300,16550
20240115,10:51:10,33.1,50,16550
20240115,10:51:41,33.35,750,16550
20240115,10:53:38,33.35,50,16550
20240115,10:54:45,33.5,300,16050
20240115,10:59:32,33.75,100,16350
20240115,10:59:51,33.95,50,16350
20240115,11:01:54,33.95,100,16500
20240115,11:02:17,34.1,400,16500
20240115,11:06:56,33.4,100,16900
20240115,11:07:41,33.3,100,16900
20240115,11:12:10,32.85,200,16900
20240115,11:12:26,32.55,300,16900
20240115,11:12:53,32.9,50,16900
20240115,11:13:08,32.85,100,16900
20240115,11:13:16,32.55,50,16900
20240115,11:13:30,32.7,400,16900
20240115,11:13:37,32.5,150,16900
20240115,11:14:00,32.6,150,16900
20240115,11:14:30,32.55,50,16900
20240115,11:16:44,32.2,2750,18000
20240115,11:16:51,32.3,2650,18000
20240115,11:17:00,32.2,4050,18000
20240115,11:17:07,32.25,2400,18000
20240115,11:17:15,32.3,2000,18000
20240115,11:17:22,32.2,200,18000
20240115,11:17:30,32.5,350,18000
20240115,11:17:39,32.55,100,18000
20240115,11:17:55,32.7,100,28950
20240115,11:18:03,32.6,200,28950
20240115,11:18:23,32.65,100,28950
20240115,11:18:32,32.4,50,28950
20240115,11:18:39,32.6,50,28950
20240115,11:19:11,32.55,50,28950
20240115,11:19:20,32.5,50,28950
20240115,11:19:51,32.55,50,28950
20240115,11:20:37,32.75,50,28950
20240115,11:20:46,32.85,50,28950
20240115,11:21:27,33.0,300,29450
20240115,11:22:33,33.2,200,29450
20240115,11:23:39,33.4,350,29450
20240115,11:23:48,33.5,150,29450
20240115,11:23:58,33.5,100,29600
20240115,11:24:06,33.6,450,29600
20240115,11:24:14,33.4,100,29600
20240115,11:24:30,33.7,150,29600
20240115,11:25:11,33.8,250,29600
20240115,11:25:45,34.0,1000,29600
20240115,11:27:08,33.5,150,30750
20240115,11:27:32,33.45,50,30750
20240115,11:27:40,33.5,100,30750
20240115,11:28:03,33.55,250,30750
20240115,11:28:18,33.55,100,30750
20240115,11:29:03,33.35,150,30750
20240115,11:29:40,33.3,50,30750
20240115,11:29:48,33.45,50,30750
20240115,11:29:56,33.55,100,31150
20240115,11:30:12,33.55,100,31150
20240115,11:33:16,33.2,200,31300
20240115,11:33:23,33.25,50,31300
20240115,11:33:47,33.05,50,31300
20240115,11:34:02,33.0,200,31300
20240115,11:35:34,32.9,50,31300
20240115,11:35:43,32.75,50,31300
20240115,11:35:53,32.85,400,31300
20240115,11:37:03,32.7,100,31100
20240115,11:37:11,32.7,50,31100
20240115,11:37:42,32.65,100,31100
20240115,11:38:08,32.3,50,31100
20240115,11:38:17,32.15,50,31100
20240115,11:41:06,32.45,150,31100
20240115,11:41:22,32.5,300,31100
20240115,11:43:23,32.8,50,30900
20240115,11:43:39,32.9,50,30900
20240115,11:43:54,32.8,50,30900
20240115,11:44:31,33.05,150,30900
20240115,11:44:47,33.0,200,30900
20240115,11:45:03,33.05,100,30700
20240115,11:45:19,33.3,750,30700
20240115,11:45:35,33.05,100,30700
20240115,11:45:43,33.05,150,30700
20240115,11:47:14,32.95,50,30700
20240115,11:47:22,33.05,100,30700
20240115,11:48:02,33.0,150,31100
20240115,11:48:10,33.0,50,31100
20240115,11:49:52,33.1,50,31100
20240115,11:56:47,32.95,50,30850
20240115,11:57:33,32.9,100,30800
20240115,11:57:49,32.75,200,30800
20240115,11:57:57,32.8,50,30800
20240115,11:58:51,32.9,250,30800
20240115,11:58:58,32.75,50,30800
20240115,11:59:06,32.85,200,30800
20240115,11:59:13,33.0,250,30800
20240115,12:00:07,33.0,250,31050
20240115,12:02:22,33.05,100,31050
20240115,12:02:53,33.1,200,31050
20240115,12:03:23,33.3,100,31200
20240115,12:04:09,33.0,150,31200
20240115,12:04:17,33.0,100,31200
20240115,12:04:32,33.1,50,31200
20240115,12:05:09,33.0,100,31200
20240115,12:05:17,33.1,50,31200
20240115,12:06:37,33.3,200,31300
20240115,12:07:14,33.45,600,31300
20240115,12:07:21,33.4,100,31300
20240115,12:07:36,33.55,800,31300
20240115,12:07:58,33.25,100,31300
20240115,12:08:06,33.2,100,31300
20240115,12:08:12,33.25,100,31300
20240115,12:08:35,33.4,50,31300
20240115,12:08:43,33.3,50,31300
20240115,12:09:24,33.55,100,30700
20240115,12:09:40,33.45,50,30700
20240115,12:09:49,33.5,200,30700
20240115,12:09:57,33.45,50,30700
20240115,12:10:05,33.5,50,30700
20240115,12:10:22,33.45,50,30700
20240115,12:10:38,33.35,100,30700
20240115,12:11:37,33.5,50,30700
20240115,12:11:45,33.4,50,30700
20240115,12:12:43,33.35,50,30700
20240115,12:13:13,33.3,50,30700
20240115,12:13:42,33.3,300,30700
20240115,12:13:49,33.3,100,30700
20240115,12:14:04,33.3,200,30700
20240115,12:14:11,33.3,50,30700
20240115,12:14:18,33.3,200,30700
20240115,12:14:34,33.3,50,30700
20240115,12:14:42,33.3,150,30700
20240115,12:14:50,33.3,100,30700
20240115,12:14:57,33.3,50,30700
20240115,12:15:05,33.3,250,32000
20240115,12:15:28,33.15,300,32000
20240115,12:16:03,33.15,50,32000
20240115,12:16:18,33.35,50,32000
20240115,12:16:28,33.4,100,32000
20240115,12:16:56,33.35,150,32000
20240115,12:17:05,33.4,50,32000
20240115,12:17:25,33.65,100,32000
20240115,12:17:35,33.7,50,32000
20240115,12:17:44,33.7,950,32000
20240115,12:17:53,33.65,350,32000
20240115,12:18:20,33.65,200,31600
20240115,12:18:29,33.6,550,31600
20240115,12:18:54,33.75,100,31600
20240115,12:19:37,33.8,50,31600
20240115,12:20:03,33.7,50,31600
20240115,12:20:39,33.75,50,31600
20240115,12:20:56,33.8,50,31600
20240115,12:21:05,33.7,50,31250
20240115,12:22:02,33.5,100,31250
20240115,12:23:07,33.6,150,31250
20240115,12:23:17,33.75,200,31250
20240115,12:23:27,33.65,350,31250
20240115,12:25:09,33.9,50,32100
20240115,12:25:18,34.1,50,32100
20240115,12:25:28,34.2,200,32100
20240115,12:25:45,34.3,50,32100
20240115,12:25:53,34.2,250,32100
20240115,12:26:10,34.4,350,32100
20240115,12:26:18,34.3,100,32100
20240115,12:26:50,34.3,50,32100
20240115,12:27:23,34.3,50,32100
20240115,12:27:31,34.35,50,32100
20240115,12:27:47,34.4,100,32100
20240115,12:28:03,34.3,150,32100
20240115,12:28:30,34.2,50,32100
20240115,12:29:35,34.3,50,32100
20240115,12:30:49,34.05,500,31200
20240115,12:30:57,34.3,50,31200
20240115,12:31:21,34.0,50,31200
20240115,12:31:29,34.1,100,31200
20240115,12:31:37,34.15,150,31200
20240115,12:31:45,34.15,50,31200
20240115,12:32:00,34.15,50,31200
20240115,12:32:07,34.05,50,31200
20240115,12:32:54,34.0,50,31200
20240115,12:33:02,34.15,100,32000
20240115,12:34:04,34.0,50,32000
20240115,12:34:12,34.0,50,32000
20240115,12:34:20,34.0,100,32000
20240115,12:35:00,34.05,100,32000
20240115,12:35:17,34.05,50,32000
20240115,12:35:42,34.05,50,32000
20240115,12:36:07,34.05,50,32000
20240115,12:36:31,34.0,50,31950
20240115,12:36:49,34.0,150,31950
20240115,12:37:45,33.7,50,31950
20240115,12:37:56,33.7,50,31950
20240115,12:38:05,33.7,100,31950
20240115,12:39:13,34.4,150,32000
20240115,12:39:21,34.15,250,32000
20240115,12:39:37,34.35,150,32000
20240115,12:40:01,34.45,50,32000
20240115,12:40:09,34.4,50,32000
20240115,12:40:24,34.5,150,32000
20240115,12:40:33,34.35,50,32000
20240115,12:40:57,34.5,650,32000
20240115,12:41:05,34.45,50,32000
20240115,12:41:29,34.8,50,32000
20240115,12:41:55,34.45,50,32000
20240115,12:43:12,34.6,50,32650
20240115,12:43:42,34.45,50,32650
20240115,12:43:57,34.3,50,32650
20240115,12:45:07,34.8,500,32750
20240115,12:45:38,34.55,50,32750
20240115,12:46:00,34.45,500,32750
20240115,12:47:18,34.7,50,32750
20240115,12:47:25,34.6,150,32750
20240115,12:47:41,34.6,50,32750
20240115,12:48:26,34.4,350,32900
20240115,12:48:34,34.6,50,32900
20240115,12:49:12,34.6,50,32900
20240115,12:49:19,34.5,100,32900
20240115,12:49:26,34.4,500,32900
20240115,12:49:33,34.4,100,32900
20240115,12:49:47,34.45,100,32900
20240115,12:49:54,34.5,100,32900
20240115,12:50:16,34.4,50,32900
20240115,12:50:23,34.4,100,32900
20240115,12:50:38,34.3,50,32900
20240115,12:50:45,34.35,50,32900
20240115,12:50:53,34.45,200,32900
20240115,12:51:01,34.0,50,32900
20240115,12:51:08,34.2,200,32900
20240115,12:51:15,34.0,400,34450
20240115,12:51:23,34.0,450,34450
20240115,12:51:30,33.9,250,34450
20240115,12:52:09,33.9,150,34450
20240115,12:52:41,33.95,50,34450
20240115,12:53:10,34.0,200,34450
20240115,12:53:26,33.75,50,34450
20240115,12:53:34,33.75,50,34450
20240115,12:53:49,33.65,100,34450
20240115,12:53:57,33.55,100,34450
20240115,12:54:05,33.65,50,34450
20240115,12:54:13,33.55,100,34550
20240115,12:54:50,33.55,150,34550
20240115,12:54:58,33.45,150,34550
20240115,12:55:20,33.45,50,34550
20240115,12:55:28,33.35,100,34550
20240115,12:55:35,33.4,100,34550
20240115,12:55:49,33.35,50,34550
20240115,12:56:05,33.4,50,34550
20240115,12:56:20,33.4,50,34550
20240115,12:57:36,33.6,50,34600
20240115,12:57:43,33.85,100,34600
20240115,12:57:51,33.85,50,34600
20240115,12:57:58,33.95,100,34600
20240115,12:58:13,33.95,200,34600
20240115,12:58:36,34.05,700,34600
20240115,12:58:45,34.05,50,34600
20240115,12:58:52,33.95,50,34600
20240115,12:59:37,33.95,50,34600
20240115,13:01:30,33.75,200,34250
20240115,13:01:45,34.0,100,34250
20240115,13:01:53,34.15,250,34250
20240115,13:02:00,33.95,100,34250
20240115,13:02:59,34.1,50,34250
20240115,13:05:27,34.1,100,34450
20240115,13:06:04,33.65,50,34450
20240115,13:06:11,33.55,150,34500
20240115,13:06:27,33.35,200,34500
20240115,13:06:58,33.6,100,34500
20240115,13:07:28,33.45,50,34500
20240115,13:07:35,33.15,50,34500
20240115,13:07:42,33.15,50,34500
20240115,13:07:49,33.15,50,34500
20240115,13:08:09,33.3,200,34500
20240115,13:08:16,33.05,50,34500
20240115,13:08:25,32.85,350,34500
20240115,13:08:43,32.9,50,34500
20240115,13:08:51,32.85,150,34500
20240115,13:08:59,33.0,150,34500
20240115,13:10:23,33.0,100,34950
20240115,13:10:38,32.9,50,34950
20240115,13:10:47,32.95,300,34950
20240115,13:12:17,33.2,150,35300
20240115,13:13:19,33.0,50,35300
20240115,13:13:26,32.95,50,35300
20240115,13:13:58,33.0,50,35300
20240115,13:14:48,33.15,150,35300
20240115,13:15:29,33.05,50,35250
20240115,13:15:52,32.95,50,35250
20240115,13:16:00,32.9,100,35250
20240115,13:17:26,33.0,100,35250
20240115,13:17:34,33.05,50,35250
20240115,13:17:49,33.05,50,35250
20240115,13:18:33,33.65,250,35300
20240115,13:19:46,33.65,50,35300
20240115,13:20:35,33.65,50,35300
20240115,13:20:42,33.65,50,35300
20240115,13:21:35,33.65,50,35550
20240115,13:22:13,33.65,150,35550
20240115,13:23:57,33.6,500,35550
20240115,13:24:04,33.6,50,35550
20240115,13:24:11,33.55,50,35550
20240115,13:24:46,33.5,100,36050
20240115,13:25:01,33.45,50,36050
20240115,13:25:57,33.35,50,36050
20240115,13:27:37,33.1,150,36050
20240115,13:27:52,33.05,50,36050
20240115,13:28:07,32.95,50,36050
20240115,13:28:30,32.85,50,36050
20240115,13:29:24,32.85,50,36050
20240115,13:30:05,33.1,150,36050
20240115,13:30:36,32.9,100,36200
20240115,13:31:02,32.75,100,36200
20240115,13:31:10,32.75,50,36200
20240115,13:32:32,32.8,50,36200
20240115,13:32:47,32.75,50,36200
20240115,13:33:19,32.65,350,36050
20240115,13:33:35,32.65,100,36050
20240115,13:33:44,32.6,250,36050
20240115,13:34:26,32.75,100,36050
20240115,13:34:58,32.6,100,36050
20240115,13:35:06,32.65,50,36050
20240115,13:35:14,32.7,50,36050
20240115,13:35:22,32.75,50,36050
20240115,13:36:32,32.6,50,36050
20240115,13:36:55,32.65,100,36050
20240115,13:37:53,32.55,50,36050
20240115,13:39:04,32.85,100,36050
20240115,13:39:17,32.85,100,35850
20240115,13:39:44,32.9,450,35850
20240115,13:40:36,33.0,200,35850
20240115,13:41:13,33.0,100,35850
20240115,13:42:51,32.8,100,35550
20240115,13:46:23,32.65,50,35450
20240115,13:46:41,32.55,250,35450
20240115,13:47:15,32.65,100,35450
20240115,13:48:28,32.35,150,35550
20240115,13:49:09,32.3,250,35550
20240115,13:49:19,32.3,100,35550
20240115,13:49:29,32.0,1550,35550
20240115,13:49:39,31.8,1150,35550
20240115,13:49:49,31.7,450,35550
20240115,13:49:58,31.85,100,35550
20240115,13:50:16,32.1,400,35550
20240115,13:50:26,32.15,50,35550
20240115,13:50:44,32.55,150,35550
20240115,13:50:53,32.8,150,35550
20240115,13:51:20,33.1,100,35500
20240115,13:51:29,33.45,350,35500
20240115,13:51:38,33.35,200,35500
20240115,13:51:46,33.15,200,35500
20240115,13:53:38,33.25,100,35500
20240115,13:53:45,33.25,50,35500
20240115,13:53:59,33.3,150,35500
20240115,13:55:36,33.2,50,35550
20240115,14:00:04,34.15,700,35600
20240115,14:03:48,34.15,50,35600
20240115,14:03:56,34.0,200,35800
20240115,14:04:04,34.15,200,35800
20240115,14:04:13,34.15,200,35800
20240115,14:04:21,34.3,150,35800
20240115,14:04:30,34.5,650,35800
20240115,14:04:38,34.45,200,35800
20240115,14:04:46,34.5,150,35800
20240115,14:04:55,34.8,300,35800
20240115,14:05:23,35.0,50,35800
20240115,14:05:40,34.7,50,35800
20240115,14:05:49,34.8,50,35800
20240115,14:05:57,34.9,150,35800
20240115,14:06:07,34.75,250,35800
20240115,14:06:17,34.95,100,35800
20240115,14:07:07,35.05,100,36850
20240115,14:07:54,34.8,500,36850
20240115,14:08:09,34.95,550,36850
20240115,14:08:16,35.0,150,36850
20240115,14:08:32,35.1,200,36850
20240115,14:08:48,35.25,100,36850
20240115,14:08:56,35.3,200,36850
20240115,14:09:29,35.8,50,36950
20240115,14:09:39,36.0,50,36950
20240115,14:09:49,36.1,100,36950
20240115,14:09:59,36.2,150,36950
20240115,14:10:09,36.25,350,36950
20240115,14:10:43,36.15,50,36950
20240115,14:10:58,36.25,50,36950
20240115,14:11:23,36.1,150,36950
20240115,14:11:31,36.15,850,36950
20240115,14:11:39,36.2,100,36950
20240115,14:11:54,36.1,550,36950
20240115,14:12:02,36.15,150,36950
20240115,14:12:10,36.5,100,36950
20240115,14:12:27,36.2,250,36550
20240115,14:12:36,36.3,2100,36550
20240115,14:12:46,36.5,900,36550
20240115,14:12:56,36.45,750,36550
20240115,14:13:04,36.45,150,36550
20240115,14:13:53,36.65,100,36550
20240115,14:14:01,36.65,500,36550
20240115,14:14:48,36.65,100,36550
20240115,14:15:34,36.35,50,37050
20240115,14:16:08,35.8,100,37050
20240115,14:17:32,36.5,50,37050
20240115,14:19:10,36.45,100,37050
20240115,14:19:56,36.4,50,37050
20240115,14:20:43,36.6,50,37050
20240115,14:20:58,36.7,50,37050
20240115,14:21:07,36.55,100,37050
20240115,14:21:15,36.55,100,37050
20240115,14:21:23,36.55,50,37050
20240115,14:21:54,36.55,150,37400
20240115,14:22:18,36.45,50,37400
20240115,14:22:33,36.45,100,37400
20240115,14:22:41,36.55,100,37400
20240115,14:22:48,36.6,100,37400
20240115,14:23:25,36.6,50,37400
20240115,14:23:55,36.45,100,37400
20240115,14:24:39,36.45,50,37200
20240115,14:25:02,36.3,100,37200
20240115,14:25:31,36.2,200,37200
20240115,14:25:40,36.0,50,37200
20240115,14:27:09,36.05,250,37200
20240115,14:27:18,36.0,100,37200
20240115,14:27:35,35.75,100,37250
20240115,14:28:11,35.75,50,37250
20240115,14:28:36,35.75,50,37250
20240115,14:28:44,35.75,50,37250
20240115,14:29:00,35.75,50,37250
20240115,14:29:16,35.6,200,37250
20240115,14:29:24,35.75,50,37250
20240115,14:29:49,35.5,50,37250
20240115,14:29:58,35.5,50,37250
20240115,14:30:30,35.6,50,37250
20240115,14:30:38,35.7,50,37250
20240115,14:30:47,35.65,100,37250
20240115,14:31:02,35.4,500,37250
20240115,14:31:18,35.35,150,37250
20240115,14:31:27,35.0,900,37250
20240115,14:32:08,35.0,200,37250
20240115,14:32:17,34.8,50,37250
20240115,14:32:36,34.65,150,37250
20240115,14:32:47,34.6,150,37250
20240115,14:32:56,34.45,100,37250
20240115,14:33:05,34.25,150,37250
20240115,14:33:14,34.35,450,37250
20240115,14:33:23,34.2,550,38600
20240115,14:33:40,34.95,100,38600
20240115,14:33:48,34.7,150,38600
20240115,14:33:57,34.85,50,38600
20240115,14:34:48,34.55,50,38600
20240115,14:34:58,34.6,450,38600
20240115,14:35:40,34.5,1300,38600
20240115,14:35:48,34.7,50,38600
20240115,14:36:05,35.15,50,38600
20240115,14:36:13,35.05,50,38600
20240115,14:36:46,35.4,100,40400
20240115,14:36:55,35.65,50,40400
20240115,14:37:04,35.75,150,40400
20240115,14:37:12,35.65,50,40400
20240115,14:37:29,35.5,450,40400
20240115,14:37:37,35.4,400,40400
20240115,14:37:46,35.65,150,40400
20240115,14:38:35,36.0,50,40400
20240115,14:38:51,35.65,300,40400
20240115,14:38:58,35.85,50,40400
20240115,14:39:30,35.85,1000,41300
20240115,14:39:46,36.0,200,41300
20240115,14:39:54,35.95,100,41300
20240115,14:40:31,36.2,50,41300
20240115,14:40:48,36.2,200,41300
20240115,14:41:29,36.1,100,41300
20240115,14:41:36,36.1,150,41300
20240115,14:42:01,35.6,900,41300
20240115,14:42:09,35.65,250,41300
20240115,14:42:17,35.45,50,41300
20240115,14:42:55,35.75,100,43500
20240115,14:43:34,36.0,150,43500
20240115,14:44:11,35.95,50,43500
20240115,14:44:19,35.95,50,43500
20240115,14:44:33,35.95,50,43500
20240115,14:44:55,36.05,200,43500
20240115,14:45:10,35.95,50,43500
20240115,14:46:09,36.25,200,43400
20240115,14:46:33,36.2,300,43400
20240115,14:47:15,36.55,250,43400
20240115,14:47:32,36.45,50,43400
20240115,14:47:49,36.45,200,43400
20240115,14:47:57,36.4,150,43400
20240115,14:48:05,36.55,150,43400
20240115,14:48:31,36.35,300,43500
20240115,14:48:57,36.7,300,43500
20240115,14:49:17,36.6,600,43500
20240115,14:49:27,36.45,450,43500
20240115,14:49:36,36.5,150,43500
20240115,14:49:44,36.55,150,43500
20240115,14:49:52,36.4,450,43500
20240115,14:50:18,36.25,150,43500
20240115,14:50:42,36.05,250,43500
20240115,14:50:51,36.35,100,43500
20240115,14:51:24,36.9,250,43650
20240115,14:51:33,36.95,50,43650
20240115,14:52:14,37.05,50,43650
20240115,14:52:22,37.1,250,43650
20240115,14:52:31,37.25,200,43650
20240115,14:52:39,37.3,50,43650
20240115,14:52:54,37.45,300,43650
20240115,14:53:25,37.2,50,43650
20240115,14:54:03,37.35,50,43650
20240115,14:54:19,37.4,50,43650
20240115,14:54:26,37.5,100,43250
20240115,14:54:42,37.7,50,43250
20240115,14:54:50,37.95,300,43250
20240115,14:55:00,38.0,50,43250
20240115,14:55:09,37.9,250,43250
20240115,14:55:19,37.95,50,43250
20240115,14:55:28,37.65,500,43250
20240115,14:55:37,37.9,50,43250
20240115,14:55:45,37.75,200,43250
20240115,14:55:53,37.8,50,43250
20240115,14:56:01,37.75,50,43250
20240115,14:56:10,38.1,250,43250
20240115,14:56:18,38.1,100,43250
20240115,14:56:27,38.1,50,43250
20240115,14:56:35,38.25,250,43250
20240115,14:56:43,38.2,50,43250
20240115,14:56:50,38.35,100,43250
20240115,14:57:07,38.5,250,43250
20240115,14:57:25,38.75,50,43250
20240115,14:57:34,38.8,150,43800
20240115,14:57:44,38.8,100,43800
20240115,14:57:54,38.9,50,43800
20240115,14:58:03,38.85,50,43800
20240115,14:58:13,38.9,50,43800
20240115,14:58:23,38.95,1350,43800
20240115,14:58:42,38.45,700,43800
20240115,14:58:52,38.75,350,43800
20240115,14:59:00,38.8,350,43800
20240115,14:59:08,38.75,50,43800
20240115,14:59:17,39.05,100,43800
20240115,14:59:25,38.95,100,43800
20240115,14:59:43,38.95,100,43800
20240115,14:59:52,39.15,1150,43800
20240115,15:00:00,39.1,200,43800
20240115,15:00:08,39.0,200,43800
20240115,15:00:17,39.25,50,43800
20240115,15:00:28,39.75,100,45200
20240115,15:00:38,39.7,250,45200
20240115,15:00:49,39.4,400,45200
20240115,15:00:59,39.2,150,45200
20240115,15:01:09,38.4,200,45200
20240115,15:01:20,39.0,500,45200
20240115,15:01:31,38.75,200,45200
20240115,15:01:40,38.45,100,45200
20240115,15:01:49,38.5,200,45200
20240115,15:01:58,38.55,600,45200
20240115,15:02:08,38.4,200,45200
20240115,15:02:17,38.55,100,45200
20240115,15:02:26,38.75,100,45200
20240115,15:02:34,38.7,200,45200
20240115,15:02:43,38.7,50,45200
20240115,15:02:51,38.95,200,45200
20240115,15:03:08,38.85,50,45200
20240115,15:03:17,38.95,450,45200
20240115,15:03:25,38.9,100,45700
20240115,15:03:34,39.05,250,45700
20240115,15:03:42,38.95,150,45700
20240115,15:03:51,38.8,100,45700
20240115,15:03:59,38.85,300,45700
20240115,15:04:08,38.7,100,45700
20240115,15:04:25,38.9,50,45700
20240115,15:04:33,39.1,100,45700
20240115,15:04:42,39.05,50,45700
20240115,15:05:07,38.9,50,45700
20240115,15:05:41,38.9,250,45700
20240115,15:05:49,39.0,100,45700
20240115,15:06:16,39.65,50,45700
20240115,15:06:24,39.65,200,45700
20240115,15:06:33,39.45,50,46000
20240115,15:07:08,39.55,450,46000
20240115,15:07:17,39.8,750,46000
20240115,15:07:43,40.05,50,46000
20240115,15:07:51,40.2,250,46000
20240115,15:08:08,40.1,50,46000
20240115,15:08:25,40.35,300,46000
20240115,15:08:33,40.3,200,46000
20240115,15:08:41,40.4,350,46000
20240115,15:08:57,40.3,500,46000
20240115,15:09:13,40.35,100,46000
20240115,15:09:21,40.45,50,46000
20240115,15:09:37,40.35,50,47500
20240115,15:09:54,40.95,150,47500
20240115,15:10:02,40.95,650,47500
20240115,15:10:11,40.95,50,47500
20240115,15:10:19,41.2,550,47500
20240115,15:10:28,41.05,600,47500
20240115,15:10:37,41.4,50,47500
20240115,15:10:46,41.75,50,47500
20240115,15:10:55,41.75,100,47500
20240115,15:11:03,42.75,350,47500
20240115,15:11:12,43.0,350,47500
20240115,15:11:21,43.5,300,47500
20240115,15:11:30,44.25,650,47500
20240115,15:11:39,44.65,1250,47500
20240115,15:11:48,45.0,100,47500
20240115,15:11:57,44.95,50,47500
20240115,15:12:05,45.0,100,47500
20240115,15:12:14,45.2,250,47500
20240115,15:12:38,45.05,100,47750
20240115,15:12:55,45.15,50,47750
20240115,15:13:04,45.3,200,47750
20240115,15:14:02,45.0,50,47750
20240115,15:14:10,44.9,200,47750
20240115,15:14:18,44.75,50,47750
20240115,15:14:34,44.65,50,47750
20240115,15:14:42,45.2,1500,47750
20240115,15:14:51,45.2,700,47750
20240115,15:15:17,45.0,250,47750
20240115,15:15:34,45.2,300,47300
20240115,15:15:44,45.4,50,47300
20240115,15:15:53,45.45,250,47300
20240115,15:16:12,45.5,650,47300
20240115,15:16:30,45.45,500,47300
20240115,15:17:05,45.8,100,47300
20240115,15:17:14,45.8,100,47300
20240115,15:17:23,45.7,50,47300
20240115,15:17:32,45.7,300,47300
20240115,15:17:41,45.65,100,47300
20240115,15:17:50,45.75,50,47300
20240115,15:18:08,45.75,50,47300
20240115,15:18:26,45.5,500,47300
20240115,15:18:35,45.55,50,48650
20240115,15:19:25,45.25,250,48650
20240115,15:19:34,45.2,250,48650
20240115,15:19:43,45.2,1300,48650
20240115,15:19:51,45.35,150,48650
20240115,15:20:08,45.1,500,48650
20240115,15:20:18,45.3,300,48650
20240115,15:20:27,45.05,1150,48650
20240115,15:20:35,44.85,50,48650
20240115,15:20:44,44.85,500,48650
20240115,15:20:52,44.85,500,48650
20240115,15:21:01,44.9,50,48650
20240115,15:21:11,44.55,500,48650
20240115,15:21:20,44.8,400,48650
20240115,15:21:29,44.8,450,52650
20240115,15:21:49,44.75,700,52650
20240115,15:21:59,44.9,650,52650
20240115,15:22:11,44.75,500,52650
20240115,15:22:22,44.55,700,52650
20240115,15:22:32,44.1,400,52650
20240115,15:22:53,44.35,150,52650
20240115,15:23:02,44.15,650,52650
20240115,15:23:11,44.15,150,52650
20240115,15:23:19,44.1,200,52650
20240115,15:23:28,44.0,100,52650
20240115,15:23:37,43.95,350,52650
20240115,15:23:46,43.95,100,52650
20240115,15:23:55,43.85,100,52650
20240115,15:24:04,43.8,300,52650
20240115,15:24:13,43.8,50,52650
20240115,15:24:22,43.75,100,52650
20240115,15:24:31,43.65,50,52650
20240115,15:24:40,43.6,50,51150
20240115,15:24:48,43.6,50,51150
20240115,15:25:07,43.25,350,51150
20240115,15:25:24,43.45,50,51150
20240115,15:25:40,43.15,50,51150
20240115,15:26:19,43.15,100,51150
20240115,15:26:28,43.7,150,51150
20240115,15:26:38,44.05,350,51150
20240115,15:26:47,44.2,300,51150
20240115,15:26:56,44.5,500,51150
20240115,15:27:06,45.35,250,51150
20240115,15:27:16,45.3,300,51150
20240115,15:27:25,45.35,50,51150
20240115,15:27:33,45.7,650,50500
20240115,15:27:43,45.9,400,50500
20240115,15:27:53,46.35,950,50500
20240115,15:28:12,46.7,250,50500
20240115,15:28:30,46.6,50,50500
20240115,15:28:40,46.25,300,50500
20240115,15:28:51,46.0,150,50500
20240115,15:29:01,45.9,100,50500
20240115,15:29:21,45.8,50,50500
20240115,15:29:31,45.75,250,50500
20240115,15:29:41,45.6,400,50500
20240116,09:15:08,41.55,1,49200
20240116,09:15:08,41.55,150,49200
20240116,09:15:38,38.0,350,49200
20240116,09:15:59,39.85,1850,49200
20240116,09:16:09,40.55,50,49200
20240116,09:16:40,40.95,50,49200
20240116,09:16:49,41.45,900,49200
20240116,09:17:16,41.25,250,49200
20240116,09:17:26,41.3,150,49200
20240116,09:17:37,41.5,50,49200
20240116,09:18:11,44.45,900,49200
20240116,09:18:44,44.45,850,49200
20240116,09:19:13,43.35,300,49200
20240116,09:19:23,43.1,200,49200
20240116,09:19:32,42.65,50,49200
20240116,09:19:43,42.25,50,49200
20240116,09:19:52,42.45,550,49200
20240116,09:20:02,42.2,300,49200
20240116,09:20:11,41.7,250,49200
20240116,09:20:22,41.25,150,49200
20240116,09:20:32,41.2,750,49200
20240116,09:20:43,41.4,300,49950
20240116,09:21:02,41.1,350,49950
20240116,09:21:12,41.55,150,49950
20240116,09:21:22,41.25,150,49950
20240116,09:21:32,40.9,250,49950
20240116,09:21:52,40.5,350,49950
20240116,09:22:02,40.3,1900,49950
20240116,09:22:14,39.7,250,49950
20240116,09:22:25,39.95,400,49950
20240116,09:22:35,40.0,4100,49950
20240116,09:22:45,40.0,250,49950
20240116,09:22:55,39.95,350,49950
20240116,09:23:05,40.05,150,49950
20240116,09:23:15,39.85,50,49950
20240116,09:23:25,39.6,300,49950
20240116,09:23:35,40.05,50,49950
20240116,09:23:45,39.6,250,54650
20240116,09:23:54,39.4,50,54650
20240116,09:24:03,39.3,100,54650
20240116,09:24:53,40.0,300,54650
20240116,09:25:03,39.8,650,54650
20240116,09:25:23,39.9,550,54650
20240116,09:25:32,39.75,150,54650
20240116,09:25:42,39.5,1050,54650
20240116,09:26:02,39.35,150,54650
20240116,09:26:29,39.35,500,54650
20240116,09:26:39,39.35,350,54650
20240116,09:27:08,39.35,50,53150
20240116,09:27:18,39.55,1100,53150
20240116,09:28:19,39.95,200,53150
20240116,09:28:39,40.0,850,53150
20240116,09:28:49,39.7,1800,53150
20240116,09:28:59,39.75,50,53150
20240116,09:29:20,39.75,100,53150
20240116,09:29:29,39.75,450,53150
20240116,09:29:39,39.6,150,53150
20240116,09:29:49,39.75,1050,55350
20240116,09:29:58,39.55,200,55350
20240116,09:30:08,39.4,300,55350
20240116,09:30:18,39.2,1850,55350
20240116,09:30:37,39.15,50,55350
20240116,09:30:47,39.5,100,55350
20240116,09:32:35,40.1,100,55350
20240116,09:33:05,40.45,250,57500
20240116,09:34:03,39.75,200,57500
20240116,09:34:23,40.05,1000,57500
20240116,09:34:42,39.75,50,57500
20240116,09:34:52,39.7,50,57500
20240116,09:35:02,39.25,50,57500
20240116,09:35:21,39.65,50,57500
20240116,09:35:58,39.4,550,56550
20240116,09:36:07,39.35,100,56550
20240116,09:36:17,39.25,100,56550
20240116,09:37:30,39.3,100,56550
20240116,09:37:49,39.0,250,56550
20240116,09:37:59,39.05,50,56550
20240116,09:38:17,39.1,100,56550
20240116,09:39:40,39.85,50,55350
20240116,09:40:00,39.7,100,55350
20240116,09:40:10,39.65,100,55350
20240116,09:41:46,38.75,50,55350
20240116,09:43:10,39.0,50,55400
20240116,09:43:20,39.0,200,55400
20240116,09:43:58,39.2,50,55400
20240116,09:44:18,39.15,50,55400
20240116,09:46:04,39.3,50,55350
20240116,09:46:57,40.45,200,55350
20240116,09:47:07,40.45,100,55350
20240116,09:48:01,40.8,50,55150
20240116,09:48:13,41.1,50,55150
20240116,09:48:25,41.45,200,55150
20240116,09:48:37,41.4,150,55150
20240116,09:48:49,41.45,300,55150
20240116,09:49:31,41.55,50,55150
20240116,09:49:50,41.4,100,55150
20240116,09:50:00,41.45,50,55150
20240116,09:50:20,41.35,150,55150
20240116,09:50:29,41.6,200,55150
20240116,09:50:39,41.7,200,55150
20240116,09:50:49,42.15,50,54550
20240116,09:51:09,42.05,100,54550
20240116,09:51:29,42.0,100,54550
20240116,09:51:49,42.0,50,54550
20240116,09:51:58,41.95,100,54550
20240116,09:53:42,42.1,50,54550
20240116,09:53:52,42.35,200,54550
20240116,09:54:04,42.4,100,54550
20240116,09:54:25,43.0,5000,54550
20240116,09:54:35,42.65,400,54550
20240116,09:54:44,42.45,150,54550
20240116,09:56:16,42.3,350,54550
20240116,09:57:02,42.35,50,54700
20240116,09:57:11,42.1,50,54700
20240116,09:57:21,42.2,100,54700
20240116,09:57:39,42.15,150,54700
20240116,09:57:50,41.65,150,54700
20240116,09:58:11,41.95,50,54700
20240116,09:58:21,42.0,300,54700
20240116,09:59:40,41.85,350,54700
20240116,10:00:01,42.75,300,54600
20240116,10:00:11,42.85,250,54600
20240116,10:00:30,42.9,150,54600
20240116,10:00:40,43.0,150,54600
20240116,10:00:49,43.05,100,54600
20240116,10:01:11,42.75,300,54600
20240116,10:01:21,42.7,200,54600
20240116,10:01:32,42.3,150,54600
20240116,10:02:02,42.35,200,54600
20240116,10:02:40,43.0,200,54600
20240116,10:03:38,43.35,900,54100
20240116,10:04:29,43.2,400,54100
20240116,10:04:39,43.5,150,54100
20240116,10:05:38,43.55,200,54100
20240116,10:06:15,43.4,150,55350
20240116,10:07:08,43.25,50,55350
20240116,10:08:15,43.25,100,55350
20240116,10:09:37,43.5,50,55550
20240116,10:10:25,43.3,100,55550
20240116,10:11:09,43.25,50,55550
20240116,10:11:26,43.25,50,55550
20240116,10:11:35,43.35,50,55550
20240116,10:11:44,43.3,50,55550
20240116,10:12:27,43.4,250,55500
20240116,10:12:46,43.6,200,55500
20240116,10:13:38,43.8,100,55500
20240116,10:13:48,43.75,150,55500
20240116,10:14:05,43.95,50,55500
20240116,10:15:03,44.05,50,55500
20240116,10:15:41,44.3,100,55500
20240116,10:16:30,43.7,50,55500
20240116,10:17:07,43.65,50,55500
20240116,10:18:11,43.45,100,55500
20240116,10:18:20,43.5,50,55500
20240116,10:18:38,43.4,50,55500
20240116,10:19:07,43.1,50,55500
20240116,10:19:16,43.15,100,55500
20240116,10:20:02,42.85,300,55500
20240116,10:20:54,43.35,50,55400
20240116,10:21:12,43.25,50,55400
20240116,10:21:21,43.25,50,55400
20240116,10:21:38,43.35,50,55400
20240116,10:21:47,43.35,50,55400
20240116,10:21:57,43.5,100,55400
20240116,10:22:32,43.15,100,55400
20240116,10:23:16,43.15,250,55400
20240116,10:24:31,42.05,50,55400
20240116,10:24:51,42.05,150,55300
20240116,10:25:16,41.9,50,55300
20240116,10:26:35,41.85,100,55300
20240116,10:29:54,42.1,50,55300
20240116,10:30:10,42.05,200,55300
20240116,10:30:28,42.0,200,55300
20240116,10:31:01,42.3,50,55300
20240116,10:31:27,42.2,50,55300
20240116,10:31:52,42.2,50,55300
20240116,10:32:16,42.3,50,55300
20240116,10:32:24,42.3,50,55300
20240116,10:32:49,42.4,400,55300
20240116,10:32:56,42.45,200,54750
20240116,10:33:20,42.5,100,54750
20240116,10:33:29,43.0,650,54750
20240116,10:33:46,42.5,550,54750
20240116,10:34:03,42.5,100,54750
20240116,10:34:12,42.65,100,54750
20240116,10:35:01,42.6,300,54750
20240116,10:35:10,42.5,50,54750
20240116,10:35:30,42.6,150,54750
20240116,10:37:59,42.65,50,54900
20240116,10:38:08,43.35,1800,54900
20240116,10:39:29,43.4,250,56300
20240116,10:40:02,43.65,50,56300
20240116,10:40:32,43.3,50,56300
20240116,10:41:03,43.0,50,56300
20240116,10:41:13,43.1,50,56300
20240116,10:42:08,43.1,600,56200
20240116,10:42:17,43.4,600,56200
20240116,10:42:26,43.35,700,56200
20240116,10:42:44,43.45,750,56200
20240116,10:43:36,43.85,650,56200
20240116,10:43:55,44.35,600,56200
20240116,10:44:03,43.9,250,56200
20240116,10:44:58,43.55,100,57600
20240116,10:46:08,43.7,50,57600
20240116,10:46:45,43.85,50,57600
20240116,10:48:04,44.5,100,57350
20240116,10:48:15,44.5,450,57350
20240116,10:49:15,43.8,250,57350
20240116,10:49:32,43.95,50,57350
20240116,10:50:05,43.85,50,57350
20240116,10:50:23,44.05,50,57350
20240116,10:51:14,43.95,50,57600
20240116,10:53:29,43.85,50,57600
20240116,10:54:49,43.95,50,57600
20240116,10:55:41,43.8,50,57600
20240116,10:57:23,44.0,100,57550
20240116,10:57:32,43.75,50,57550
20240116,10:58:04,43.9,50,57550
20240116,10:59:25,43.55,50,57550
20240116,10:59:41,43.65,50,57550
20240116,11:01:29,43.35,50,57650
20240116,11:01:36,43.45,50,57650
20240116,11:03:22,43.3,50,57700
20240116,11:04:09,43.5,150,57700
20240116,11:04:18,43.5,350,57700
20240116,11:09:13,43.5,50,57150
20240116,11:09:21,43.5,50,57150
20240116,11:10:25,43.65,100,57150
20240116,11:10:41,43.65,100,57150
20240116,11:12:12,44.2,50,57200
20240116,11:12:21,44.2,150,57200
20240116,11:12:30,44.2,50,57200
20240116,11:12:40,44.3,50,57200
20240116,11:13:01,44.35,50,57200
20240116,11:13:25,44.35,50,57200
20240116,11:14:10,43.55,50,57200
20240116,11:15:00,43.65,50,57150
20240116,11:15:04,43.75,50,57150
20240116,11:17:25,43.75,100,57150
20240116,11:19:31,43.5,50,57100
20240116,11:20:05,43.35,100,57100
20240116,11:21:30,43.0,200,56700
20240116,11:21:40,43.0,50,56700
20240116,11:21:50,43.0,100,56700
20240116,11:22:09,43.0,50,56700
20240116,11:25:45,43.0,50,56600
20240116,11:26:39,42.6,50,56600
20240116,11:27:23,42.7,50,56550
20240116,11:27:55,42.5,50,56550
20240116,11:28:19,42.5,100,56550
20240116,11:28:28,42.6,100,56550
20240116,11:28:36,42.45,100,56550
20240116,11:29:27,42.75,50,56550
20240116,11:30:39,42.75,100,56550
20240116,11:32:27,42.4,350,56550
20240116,11:32:58,42.5,250,56550
20240116,11:36:52,43.25,100,56650
20240116,11:37:41,43.2,100,56650
20240116,11:38:20,43.3,50,56650
20240116,11:39:45,43.6,100,56600
20240116,11:40:15,43.6,150,56600
20240116,11:40:32,43.5,50,56600
20240116,11:41:21,43.6,50,56600
20240116,11:41:44,43.35,50,56600
20240116,11:42:57,42.65,300,56400
20240116,11:43:08,43.0,50,56400
20240116,11:43:28,43.0,100,56400
20240116,11:44:07,43.05,50,56400
20240116,11:45:27,42.6,150,56400
20240116,11:48:05,42.0,300,56450
20240116,11:48:31,41.95,100,56450
20240116,11:48:48,42.3,50,56450
20240116,11:48:56,42.4,100,56450
20240116,11:51:47,42.35,50,55950
20240116,11:52:16,42.35,50,55950
20240116,11:52:24,42.15,50,55950
20240116,11:52:32,42.15,50,55950
20240116,11:52:41,42.1,50,55950
20240116,11:52:48,42.15,50,55950
20240116,11:52:55,42.05,50,55950
20240116,11:53:03,42.2,100,55950
20240116,11:53:35,42.15,50,55950
20240116,11:53:56,42.0,500,55950
20240116,11:54:29,42.5,50,56550
20240116,11:55:15,42.4,250,56550
20240116,11:55:53,42.45,50,56550
20240116,11:57:36,42.6,50,56150
20240116,11:57:44,42.55,250,56150
20240116,11:57:51,42.55,250,56150
20240116,11:59:02,43.0,100,56150
20240116,11:59:11,42.95,50,56150
20240116,11:59:58,43.1,100,56150
20240116,12:00:51,42.55,100,56400
20240116,12:02:48,42.55,100,56400
20240116,12:02:56,42.5,100,56400
20240116,12:06:03,42.0,150,56400
20240116,12:06:19,42.0,50,56400
20240116,12:06:27,42.0,50,56400
20240116,12:06:35,42.0,250,56400
20240116,12:07:56,42.0,350,56400
20240116,12:08:04,42.0,200,56400
20240116,12:08:13,42.0,400,56400
20240116,12:08:21,42.0,400,56400
20240116,12:08:51,41.05,100,56400
20240116,12:09:01,41.0,50,56400
20240116,12:09:18,41.0,50,56950
20240116,12:09:27,41.0,700,56950
20240116,12:09:45,41.05,1050,56950
20240116,12:09:54,41.0,500,56950
20240116,12:10:03,41.0,1050,56950
20240116,12:10:22,40.85,50,56950
20240116,12:14:16,41.55,50,58800
20240116,12:14:42,41.5,300,58800
20240116,12:15:06,41.5,50,58800
20240116,12:15:30,41.6,50,58800
20240116,12:15:45,41.5,50,58800
20240116,12:15:53,41.3,50,58800
20240116,12:16:01,41.55,200,58800
20240116,12:16:09,41.45,50,58800
20240116,12:16:18,41.3,50,58800
20240116,12:16:26,41.35,100,58800
20240116,12:16:59,41.35,50,58800
20240116,12:17:15,41.4,550,58800
20240116,12:17:22,41.45,50,58800
20240116,12:17:38,41.35,100,58800
20240116,12:17:46,41.3,50,58800
20240116,12:17:54,41.55,50,58800
20240116,12:18:45,41.4,50,58550
20240116,12:20:50,41.1,50,58550
20240116,12:20:58,41.05,100,58550
20240116,12:21:21,41.2,50,58450
20240116,12:21:43,41.35,50,58450
20240116,12:22:27,41.1,500,58450
20240116,12:22:59,41.4,50,58450
20240116,12:23:22,41.4,50,58450
20240116,12:23:57,41.0,300,58450
20240116,12:25:07,41.35,50,58300
20240116,12:26:11,41.6,200,58300
20240116,12:26:36,41.65,50,58300
20240116,12:27:16,41.65,50,58300
20240116,12:27:39,41.8,550,58300
20240116,12:27:46,41.45,50,58300
20240116,12:28:01,41.55,150,58300
20240116,12:28:25,41.8,50,58300
20240116,12:29:11,41.75,50,58300
20240116,12:29:27,41.6,100,58300
20240116,12:34:22,41.45,200,58300
20240116,12:34:27,41.3,200,58300
20240116,12:34:28,41.3,400,58300
20240116,12:34:30,41.3,250,58300
20240116,12:34:32,41.3,100,58300
20240116,12:34:33,41.3,200,58300
20240116,12:36:07,41.65,250,59350
20240116,12:39:13,41.05,200,59350
20240116,12:39:22,40.9,250,59350
20240116,12:39:39,40.9,200,59350
20240116,12:39:48,40.85,650,59350
20240116,12:40:53,41.15,50,59350
20240116,12:42:41,41.0,650,60550
20240116,12:43:55,40.95,50,60550
20240116,12:44:03,41.0,200,60550
20240116,12:44:11,41.2,50,60550
20240116,12:45:36,41.0,300,61200
20240116,12:47:10,40.5,300,61200
20240116,12:48:49,40.05,50,61650
20240116,12:49:20,39.75,100,61650
20240116,12:49:53,39.5,100,61650
20240116,12:50:03,39.45,150,61650
20240116,12:50:33,39.5,250,61650
20240116,12:51:08,39.35,100,61650
20240116,12:51:17,38.9,300,61550
20240116,12:51:56,39.45,50,61550
20240116,12:52:04,39.45,50,61550
20240116,12:53:27,40.35,50,61550
20240116,12:55:16,40.75,50,61550
20240116,12:55:40,40.85,50,61550
20240116,12:57:21,40.75,50,61550
20240116,13:00:11,40.0,100,61500
20240116,13:01:10,39.25,50,61500
20240116,13:01:19,39.35,500,61500
20240116,13:01:43,39.85,250,61500
20240116,13:01:51,39.25,200,61500
20240116,13:01:59,39.25,400,61500
20240116,13:02:08,39.55,100,61500
20240116,13:02:25,39.55,100,61500
20240116,13:02:41,39.6,100,61500
20240116,13:03:12,39.15,50,62700
20240116,13:03:19,39.15,50,62700
20240116,13:05:02,39.0,200,62700
20240116,13:05:27,39.0,50,62700
20240116,13:07:08,38.5,50,62700
20240116,13:07:16,38.5,50,62700
20240116,13:07:24,38.75,50,62700
20240116,13:08:33,38.65,200,62700
20240116,13:10:26,38.65,50,62650
20240116,13:11:06,38.85,50,62650
20240116,13:11:50,38.85,50,62650
20240116,13:12:16,38.95,50,62700
20240116,13:12:41,38.85,50,62700
20240116,13:13:47,38.05,50,62700
20240116,13:14:57,37.5,100,62700
20240116,13:15:53,37.3,1850,62650
20240116,13:16:02,37.6,250,62650
20240116,13:16:46,37.85,50,62650
20240116,13:16:55,38.1,50,62650
20240116,13:18:34,38.3,50,61400
20240116,13:18:52,38.3,50,61400
20240116,13:21:26,37.3,300,61350
20240116,13:22:01,37.65,150,61350
20240116,13:22:10,37.7,100,61350
20240116,13:22:18,37.7,50,61350
20240116,13:23:07,37.5,50,61350
20240116,13:23:15,37.8,100,61350
20240116,13:23:24,37.75,50,61350
20240116,13:24:20,37.7,50,60950
20240116,13:24:31,37.35,100,60950
20240116,13:25:13,37.45,150,60950
20240116,13:27:54,37.7,50,60550
20240116,13:28:12,37.8,100,60550
20240116,13:28:21,37.8,100,60550
20240116,13:28:46,37.8,50,60550
20240116,13:29:52,38.25,50,60550
20240116,13:30:01,38.15,50,60550
20240116,13:31:52,37.25,250,60600
20240116,13:32:25,37.15,50,60600
20240116,13:32:41,36.95,50,60600
20240116,13:33:27,36.45,50,60700
20240116,13:34:41,35.2,50,60700
20240116,13:35:14,35.0,50,60700
20240116,13:35:26,34.95,3700,60700
20240116,13:35:37,34.9,600,60700
20240116,13:36:09,34.85,500,60700
20240116,13:37:58,34.4,50,58850
20240116,13:38:09,33.8,250,58850
20240116,13:39:00,33.8,50,58850
20240116,13:39:22,34.5,2800,59200
20240116,13:39:32,34.5,350,59200
20240116,13:39:42,34.55,50,59200
20240116,13:39:52,35.0,2450,59200
20240116,13:40:03,34.95,50,59200
20240116,13:41:32,36.0,50,59200
20240116,13:42:38,36.0,300,59550
20240116,13:44:30,36.3,100,59550
20240116,13:44:51,36.55,50,59550
20240116,13:45:20,36.35,50,59550
20240116,13:46:54,37.8,50,59500
20240116,13:47:14,38.05,50,59500
20240116,13:47:43,38.2,50,59500
20240116,13:48:00,38.2,50,59500
20240116,13:48:27,37.9,50,58150
20240116,13:48:36,38.05,50,58150
20240116,13:49:12,37.75,50,58150
20240116,13:49:30,37.7,100,58150
20240116,13:49:58,37.5,50,58150
20240116,13:51:01,36.65,100,58150
20240116,13:51:40,36.35,150,57850
20240116,13:52:28,38.1,100,57850
20240116,13:52:58,38.05,350,57850
20240116,13:53:08,37.9,50,57850
20240116,13:53:27,37.05,50,57850
20240116,13:53:46,36.95,200,57850
20240116,13:54:04,36.85,300,57850
20240116,13:54:12,36.8,100,57850
20240116,13:54:21,36.95,100,58450
20240116,13:55:22,37.5,50,58450
20240116,13:56:06,37.5,400,58450
20240116,13:56:24,37.6,100,58450
20240116,13:56:33,37.2,3600,58450
20240116,13:56:43,36.95,900,58450
20240116,13:56:53,37.6,150,58450
20240116,13:57:40,37.45,100,61200
20240116,13:57:49,37.45,100,61200
20240116,13:57:58,37.5,100,61200
20240116,13:58:08,37.9,350,61200
20240116,13:58:17,37.95,450,61200
20240116,13:59:09,38.45,350,61200
20240116,13:59:46,38.3,50,61200
20240116,14:01:10,37.9,50,61200
20240116,14:01:19,38.05,200,61200
20240116,14:01:55,38.4,50,61200
20240116,14:02:04,38.0,50,61200
20240116,14:02:41,37.7,100,61200
20240116,14:03:00,37.35,50,61200
20240116,14:03:10,37.5,50,61200
20240116,14:04:03,37.5,50,61200
20240116,14:04:38,37.5,50,61200
20240116,14:06:54,36.55,50,61200
20240116,14:09:30,37.55,50,61200
20240116,14:09:48,37.7,100,61200
20240116,14:10:24,37.8,150,61200
20240116,14:10:51,37.7,100,61200
20240116,14:11:42,37.85,150,61200
20240116,14:12:06,38.15,50,61200
20240116,14:12:15,38.15,50,61200
20240116,14:12:32,38.45,200,61200
20240116,14:13:32,39.15,50,61200
20240116,14:13:43,38.7,50,61200
20240116,14:14:04,38.4,300,61200
20240116,14:15:43,38.1,100,60850
20240116,14:18:04,38.1,50,60850
20240116,14:18:13,38.05,250,60850
20240116,14:18:57,38.35,50,61150
20240116,14:19:23,38.5,100,61150
20240116,14:19:32,38.4,50,61150
20240116,14:20:08,38.75,50,61150
20240116,14:20:35,38.95,100,61150
20240116,14:20:55,39.05,50,61150
20240116,14:22:07,38.4,50,61150
20240116,14:29:42,37.95,100,61200
20240116,14:30:36,38.2,50,61150
20240116,14:31:12,38.5,50,61150
20240116,14:31:21,38.65,50,61150
20240116,14:31:30,38.5,100,61150
20240116,14:33:49,38.3,100,61200
20240116,14:35:14,38.15,150,61200
20240116,14:36:04,36.75,50,61200
20240116,14:36:26,36.1,600,61650
20240116,14:36:38,36.05,300,61650
20240116,14:36:49,35.75,50,61650
20240116,14:37:20,35.85,800,61650
20240116,14:37:41,35.75,50,61650
20240116,14:37:51,36.55,50,61650
20240116,14:38:00,36.6,100,61650
20240116,14:38:10,37.15,450,61650
20240116,14:38:20,36.8,200,61650
20240116,14:38:29,37.0,100,61650
20240116,14:38:38,36.85,200,61650
20240116,14:39:05,37.0,450,61650
20240116,14:39:14,37.15,450,61650
20240116,14:39:23,37.1,50,61650
20240116,14:39:32,37.15,100,59750
20240116,14:39:41,37.3,150,59750
20240116,14:39:59,37.5,200,59750
20240116,14:40:09,37.4,150,59750
20240116,14:40:19,37.55,100,59750
20240116,14:40:29,37.55,50,59750
20240116,14:40:39,37.5,100,59750
20240116,14:40:49,37.55,50,59750
20240116,14:41:07,37.45,150,59750
20240116,14:41:16,37.55,150,59750
20240116,14:41:25,37.4,50,59750
20240116,14:41:52,37.0,50,59750
20240116,14:42:02,37.15,100,59750
20240116,14:42:12,37.5,50,59750
20240116,14:42:21,37.75,100,59750
20240116,14:42:30,37.7,100,59400
20240116,14:42:39,38.05,200,59400
20240116,14:42:49,37.9,150,59400
20240116,14:43:06,37.7,50,59400
20240116,14:44:07,38.15,150,59400
20240116,14:44:16,38.1,550,59400
20240116,14:44:25,38.15,100,59400
20240116,14:44:42,38.25,100,59400
20240116,14:44:51,38.05,50,59400
20240116,14:45:00,38.0,50,59400
20240116,14:45:26,38.2,350,58750
20240116,14:45:44,38.35,450,58750
20240116,14:46:02,38.5,100,58750
20240116,14:46:11,38.65,300,58750
20240116,14:46:20,38.5,150,58750
20240116,14:46:29,38.45,600,58750
20240116,14:46:49,38.85,1100,58750
20240116,14:46:58,38.75,200,58750
20240116,14:47:07,38.85,200,58750
20240116,14:47:16,38.7,100,58750
20240116,14:47:25,38.65,150,58750
20240116,14:47:33,38.8,100,58750
20240116,14:47:42,38.8,50,58750
20240116,14:47:50,38.75,100,58750
20240116,14:47:59,38.85,100,58750
20240116,14:48:08,38.65,550,58750
20240116,14:48:17,38.45,250,58750
20240116,14:48:26,38.25,250,58750
20240116,14:48:36,38.15,350,57550
20240116,14:48:45,38.25,100,57550
20240116,14:48:54,38.3,200,57550
20240116,14:49:13,38.85,1000,57550
20240116,14:49:22,38.85,50,57550
20240116,14:49:30,38.9,400,57550
20240116,14:49:39,38.7,150,57550
20240116,14:49:48,38.65,300,57550
20240116,14:50:05,38.6,350,57550
20240116,14:50:14,38.8,50,57550
20240116,14:50:32,38.7,50,57550
20240116,14:50:50,38.85,50,57550
20240116,14:50:59,38.75,450,57550
20240116,14:52:21,39.0,1000,55750
20240116,14:52:40,39.0,50,55750
20240116,14:52:49,39.0,100,55750
20240116,14:52:58,39.0,100,55750
20240116,14:53:17,38.6,50,55750
20240116,14:53:35,38.4,200,55750
20240116,14:53:52,38.15,100,55750
20240116,14:54:09,38.15,50,55750
20240116,14:54:27,37.9,150,55750
20240116,14:54:53,37.6,250,54450
20240116,14:56:21,37.85,50,54450
20240116,14:56:47,37.75,50,54450
20240116,14:57:05,37.75,450,54450
20240116,14:57:58,37.95,50,54150
20240116,14:58:15,38.1,250,54150
20240116,14:58:25,38.2,50,54150
20240116,14:58:34,38.05,150,54150
20240116,14:59:36,38.65,100,54150
20240116,15:00:05,38.35,100,54150
20240116,15:00:15,38.45,50,54150
20240116,15:00:42,38.15,50,53700
20240116,15:00:52,38.0,200,53700
20240116,15:01:20,37.9,50,53700
20240116,15:01:29,37.8,500,53700
20240116,15:01:55,38.0,200,53700
20240116,15:02:42,38.05,100,53700
20240116,15:02:59,38.15,250,53700
20240116,15:04:47,38.0,50,53750
20240116,15:04:56,38.0,150,53750
20240116,15:05:55,38.0,450,53750
20240116,15:07:15,38.0,250,53550
20240116,15:07:24,37.85,200,53550
20240116,15:07:33,37.85,50,53550
20240116,15:09:37,37.95,200,53050
20240116,15:09:55,37.95,100,53050
20240116,15:13:31,37.75,400,52750
20240116,15:13:58,37.8,50,52750
20240116,15:14:07,37.9,300,52750
20240116,15:14:25,37.7,200,52750
20240116,15:14:59,37.9,150,52750
20240116,15:15:16,37.85,100,52750
20240116,15:15:26,37.85,800,52750
20240116,15:15:45,37.9,50,52100
20240116,15:15:54,38.0,50,52100
20240116,15:16:03,38.05,100,52100
20240116,15:16:12,38.05,100,52100
20240116,15:16:21,38.0,100,52100
20240116,15:16:30,37.9,200,52100
20240116,15:16:39,37.85,150,52100
20240116,15:16:49,37.75,200,52100
20240116,15:16:59,37.65,900,52100
20240116,15:17:09,37.5,900,52100
20240116,15:17:19,37.25,150,52100
20240116,15:17:39,37.0,50,52100
20240116,15:17:57,37.3,200,52100
20240116,15:18:07,37.35,50,52100
20240116,15:18:16,37.35,200,52100
20240116,15:18:26,37.0,150,52100
20240116,15:18:44,37.2,100,52400
20240116,15:19:02,37.25,50,52400
20240116,15:19:29,37.4,50,52400
20240116,15:19:47,37.8,600,52400
20240116,15:20:23,37.7,100,52400
20240116,15:21:43,37.7,50,53050
20240116,15:22:01,37.65,600,53050
20240116,15:22:18,37.85,100,53050
20240116,15:22:45,37.65,50,53050
20240116,15:22:54,37.95,450,53050
20240116,15:23:03,37.9,800,53050
20240116,15:23:12,37.85,50,53050
20240116,15:23:30,37.8,100,53050
20240116,15:23:47,37.9,200,53050
20240116,15:23:56,37.75,150,53050
20240116,15:24:05,37.7,350,53050
20240116,15:24:13,37.55,150,53050
20240116,15:24:21,37.7,50,53050
20240116,15:24:29,37.55,250,53050
20240116,15:25:22,37.75,50,52850
20240116,15:25:30,37.9,150,52850
20240116,15:25:47,37.9,200,52850
20240116,15:26:05,38.05,50,52850
20240116,15:26:31,38.1,50,52850
20240116,15:26:40,37.9,50,52850
20240116,15:27:32,38.2,200,53050
20240116,15:27:40,38.1,150,53050
20240116,15:27:49,38.15,200,53050
20240116,15:27:58,38.15,300,53050
20240116,15:28:07,38.15,50,53050
20240116,15:28:15,38.15,100,53050
20240116,15:28:33,37.95,50,53050
20240116,15:30:04,37.05,50,53050
20240117,09:19:31,29.0,1,52900
20240117,09:19:31,29.0,100,52900
20240117,09:20:20,31.25,50,52900
20240117,09:20:27,31.25,650,52900
20240117,09:20:40,30.85,100,52900
20240117,09:20:47,29.05,3900,52900
20240117,09:20:54,29.05,350,52900
20240117,09:21:01,29.0,250,52900
20240117,09:21:48,29.05,250,52900
20240117,09:21:55,29.05,150,52900
20240117,09:22:03,29.3,50,52900
20240117,09:22:12,28.3,450,52900
20240117,09:22:47,27.8,300,52900
20240117,09:22:56,27.7,150,52900
20240117,09:23:04,27.85,100,52900
20240117,09:23:25,27.5,1000,52900
20240117,09:23:36,27.35,300,52900
20240117,09:23:46,27.35,100,52900
20240117,09:23:54,27.75,50,53550
20240117,09:24:09,28.0,500,53550
20240117,09:24:33,27.75,250,53550
20240117,09:24:55,27.65,50,53550
20240117,09:25:22,27.45,50,53550
20240117,09:25:32,27.05,50,53550
20240117,09:25:51,26.85,450,53550
20240117,09:26:00,26.35,2650,53550
20240117,09:26:10,26.05,1550,53550
20240117,09:26:19,26.05,100,53550
20240117,09:26:29,26.1,150,53550
20240117,09:26:38,26.35,600,53550
20240117,09:26:54,26.2,400,52950
20240117,09:27:14,25.95,400,52950
20240117,09:29:32,25.95,100,52950
20240117,09:29:47,26.5,150,52950
20240117,09:30:02,26.85,1050,53850
20240117,09:30:10,26.85,900,53850
20240117,09:30:25,26.8,200,53850
20240117,09:31:38,27.15,250,53850
20240117,09:31:46,26.85,100,53850
20240117,09:32:35,27.0,250,53850
20240117,09:32:43,27.7,100,53850
20240117,09:32:53,27.8,100,52200
20240117,09:33:03,27.95,250,52200
20240117,09:33:13,27.75,250,52200
20240117,09:33:23,28.45,200,52200
20240117,09:35:31,29.35,250,52200
20240117,09:36:04,29.8,1550,51600
20240117,09:36:23,30.2,2250,51600
20240117,09:37:50,30.95,400,51600
20240117,09:38:06,30.75,400,51600
20240117,09:38:23,30.75,600,51600
20240117,09:38:30,30.25,500,51600
20240117,09:38:38,30.35,250,51600
20240117,09:38:54,30.35,150,49600
20240117,09:39:02,30.65,250,49600
20240117,09:39:17,30.75,250,49600
20240117,09:39:35,30.8,50,49600
20240117,09:40:24,30.7,300,49600
20240117,09:40:56,30.8,100,49600
20240117,09:41:04,30.8,200,49600
20240117,09:41:21,30.9,250,49600
20240117,09:42:52,30.9,1500,49500
20240117,09:44:47,30.95,250,49500
20240117,09:45:04,31.1,50,49300
20240117,09:45:37,30.8,250,49300
20240117,09:46:20,30.8,50,49300
20240117,09:47:09,31.05,50,49300
20240117,09:47:18,31.15,50,49300
20240117,09:47:27,31.05,700,49300
20240117,09:47:43,31.3,150,49300
20240117,09:48:11,31.3,100,48300
20240117,09:51:21,30.95,50,48200
20240117,09:51:29,30.85,50,48200
20240117,09:52:11,30.6,100,48200
20240117,09:52:38,30.3,100,48200
20240117,09:54:03,30.35,350,48450
20240117,09:54:11,30.35,50,48450
20240117,09:54:27,30.45,200,48450
20240117,09:54:37,30.3,650,48450
20240117,09:55:11,30.45,1150,48450
20240117,09:55:19,30.4,400,48450
20240117,09:56:03,30.0,100,48450
20240117,09:56:57,29.2,200,48350
20240117,09:57:07,29.1,500,48350
20240117,09:59:34,29.15,150,48350
20240117,10:01:42,28.6,200,48000
20240117,10:07:12,28.7,50,48000
20240117,10:07:32,29.1,300,48000
20240117,10:07:51,29.45,1200,48000
20240117,10:08:00,29.3,250,48000
20240117,10:08:09,29.25,750,48000
20240117,10:08:18,29.15,100,48000
20240117,10:08:27,29.1,50,48000
20240117,10:08:37,29.0,550,48000
20240117,10:08:46,28.65,2000,48000
20240117,10:08:55,28.75,500,48200
20240117,10:09:05,28.8,2300,48200
20240117,10:09:14,28.8,100,48200
20240117,10:09:23,29.0,100,48200
20240117,10:09:32,28.75,400,48200
20240117,10:09:41,28.7,250,48200
20240117,10:09:50,28.6,350,48200
20240117,10:09:59,28.75,850,48200
20240117,10:10:08,28.7,200,48200
20240117,10:10:17,28.6,150,48200
20240117,10:10:27,28.65,550,48200
20240117,10:10:45,28.4,150,48200
20240117,10:11:03,28.6,750,48200
20240117,10:11:12,28.6,50,48200
20240117,10:11:30,28.3,300,48200
20240117,10:11:40,28.35,200,48200
20240117,10:12:59,28.45,100,50900
20240117,10:14:08,28.45,150,50900
20240117,10:14:34,28.25,700,50900
20240117,10:14:44,28.35,150,50900
20240117,10:14:54,28.3,250,51500
20240117,10:15:19,28.15,100,51500
20240117,10:15:28,28.2,200,51500
20240117,10:15:48,28.2,50,51500
20240117,10:15:57,28.3,150,51500
20240117,10:16:44,28.7,50,51500
20240117,10:17:09,28.75,50,51500
20240117,10:17:18,28.8,100,51500
20240117,10:17:27,28.8,100,51500
20240117,10:20:46,29.1,800,51450
20240117,10:22:50,29.05,50,51750
20240117,10:22:59,28.5,300,51750
20240117,10:23:38,28.55,50,51750
20240117,10:23:47,28.7,150,51750
20240117,10:23:56,28.75,50,52150
20240117,10:24:31,28.85,100,52150
20240117,10:24:40,28.75,50,52150
20240117,10:25:09,28.35,300,52150
20240117,10:26:07,28.45,50,52150
20240117,10:26:16,28.35,50,52150
20240117,10:26:35,28.2,250,52150
20240117,10:26:45,28.1,50,52150
20240117,10:27:07,28.05,500,52650
20240117,10:27:17,28.2,200,52650
20240117,10:27:27,28.5,400,52650
20240117,10:27:47,28.25,200,52650
20240117,10:27:58,28.05,50,52650
20240117,10:28:08,28.05,100,52650
20240117,10:28:17,28.1,100,52650
20240117,10:28:26,28.15,50,52650
20240117,10:28:35,28.2,50,52650
20240117,10:28:45,28.4,150,52650
20240117,10:28:54,28.15,50,52650
20240117,10:29:22,28.35,50,52650
20240117,10:30:54,29.0,150,53450
20240117,10:33:49,28.1,300,53400
20240117,10:34:08,27.85,300,53400
20240117,10:34:57,27.95,150,53400
20240117,10:35:24,27.6,100,53400
20240117,10:35:34,27.65,100,53400
20240117,10:35:55,28.05,100,53400
20240117,10:36:05,27.75,250,53750
20240117,10:36:41,27.8,50,53750
20240117,10:36:51,27.6,50,53750
20240117,10:37:12,27.55,150,53750
20240117,10:37:25,27.55,750,53750
20240117,10:37:37,27.35,100,53750
20240117,10:37:59,27.6,1000,53750
20240117,10:38:11,26.95,200,53750
20240117,10:38:22,26.95,100,53750
20240117,10:38:33,27.0,50,53750
20240117,10:38:55,26.95,200,53750
20240117,10:39:06,26.95,50,55150
20240117,10:39:18,26.65,300,55150
20240117,10:39:29,26.75,50,55150
20240117,10:40:09,26.7,100,55150
20240117,10:40:20,26.6,50,55150
20240117,10:40:32,26.9,100,55150
20240117,10:40:53,27.2,50,55150
20240117,10:41:13,27.4,50,55150
20240117,10:47:16,27.8,300,54050
20240117,10:47:25,27.1,300,54050
20240117,10:48:40,27.3,50,53550
20240117,10:48:51,27.35,50,53550
20240117,10:50:39,27.85,50,53550
20240117,10:51:58,27.85,900,53350
20240117,10:52:08,27.85,200,53350
20240117,10:52:19,27.4,450,53350
20240117,10:52:29,27.3,50,53350
20240117,10:52:38,27.35,50,53350
20240117,10:52:57,27.45,50,53350
20240117,10:53:16,27.4,50,53350
20240117,10:53:26,28.2,900,53350
20240117,10:53:35,28.1,100,53350
20240117,10:53:44,28.1,150,53350
20240117,10:53:54,27.6,950,53350
20240117,10:59:03,28.25,50,53550
20240117,11:00:58,28.3,50,53550
20240117,11:02:37,28.45,200,53550
20240117,11:03:16,28.45,300,53750
20240117,11:03:53,28.4,50,53750
20240117,11:04:11,28.4,50,53750
20240117,11:05:23,28.5,50,53750
20240117,11:13:28,28.9,100,53700
20240117,11:21:08,29.35,100,53600
20240117,11:22:44,29.55,350,53600
20240117,11:33:02,28.15,50,53600
20240117,11:40:01,27.3,50,53550
20240117,11:41:10,27.2,100,53550
20240117,11:42:21,27.85,50,53550
20240117,11:43:08,27.35,100,53550
20240117,11:43:19,27.35,100,53550
20240117,11:43:55,27.55,50,53550
20240117,11:45:03,28.25,50,53550
20240117,11:45:14,28.0,100,53450
20240117,11:45:50,28.55,150,53450
20240117,11:45:59,28.4,50,53450
20240117,11:48:02,29.0,100,53450
20240117,11:48:39,28.8,300,53550
20240117,11:48:49,28.85,50,53550
20240117,11:49:07,28.95,150,53550
20240117,11:49:51,28.95,1000,53550
20240117,11:50:10,28.85,100,53550
20240117,11:50:49,29.25,1600,53550
20240117,11:50:58,29.15,100,53550
20240117,11:51:06,29.0,150,53550
20240117,11:51:14,29.1,100,54950
20240117,11:52:41,29.2,100,54950
20240117,11:52:51,28.8,50,54950
20240117,11:53:01,29.4,900,54950
20240117,11:53:28,29.05,400,54950
20240117,11:53:46,29.65,550,54950
20240117,11:54:14,29.45,50,54950
20240117,11:54:24,29.4,100,55050
20240117,11:54:33,29.3,50,55050
20240117,11:54:42,29.25,100,55050
20240117,11:55:00,29.55,50,55050
20240117,11:59:17,29.95,100,55150
20240117,11:59:26,30.0,50,55150
20240117,12:02:16,29.65,50,55100
20240117,12:02:26,29.6,50,55100
20240117,12:02:58,29.15,150,55100
20240117,12:06:23,30.15,600,54950
20240117,12:06:34,30.5,100,54950
20240117,12:07:05,29.5,500,54950
20240117,12:10:11,29.95,550,54900
20240117,12:10:21,30.0,100,54900
20240117,12:10:30,30.2,50,54900
20240117,12:11:46,30.0,50,54900
20240117,12:14:17,28.95,50,54700
20240117,12:14:25,29.05,450,54700
20240117,12:14:55,29.55,300,54700
20240117,12:15:39,29.25,100,54250
20240117,12:15:50,29.35,100,54250
20240117,12:16:30,29.65,150,54250
20240117,12:17:24,29.6,200,54250
20240117,12:17:54,29.3,50,54250
20240117,12:18:04,29.65,50,54250
20240117,12:18:25,30.05,400,54300
20240117,12:18:45,30.05,200,54300
20240117,12:19:06,30.2,50,54300
20240117,12:20:03,29.15,100,54300
20240117,12:20:33,29.25,50,54300
20240117,12:20:43,28.5,450,54300
20240117,12:21:01,28.5,300,54300
20240117,12:21:37,28.45,100,54850
20240117,12:21:46,28.35,100,54850
20240117,12:23:26,28.4,50,54850
20240117,12:24:30,28.25,100,55050
20240117,12:24:40,28.25,50,55050
20240117,12:27:44,28.3,50,55050
20240117,12:28:39,28.25,50,55050
20240117,12:29:10,28.65,150,55050
20240117,12:29:58,28.65,100,55050
20240117,12:30:08,28.6,300,55050
20240117,12:31:50,29.4,200,55050
20240117,12:31:59,29.1,50,55050
20240117,12:32:08,29.35,300,55050
20240117,12:32:17,29.3,50,55050
20240117,12:33:50,29.9,50,55450
20240117,12:38:14,29.05,1800,55450
20240117,12:38:23,29.45,2000,55450
20240117,12:38:32,29.5,50,55450
20240117,12:38:41,29.5,50,55450
20240117,12:38:58,29.45,100,55450
20240117,12:39:06,29.45,100,55450
20240117,12:39:15,29.5,450,55450
20240117,12:41:53,29.25,150,55050
20240117,12:43:09,29.7,150,54450
20240117,12:48:57,29.5,200,54400
20240117,12:54:30,29.65,200,54400
20240117,12:58:45,29.65,100,54300
20240117,12:58:54,29.45,100,54300
20240117,12:59:20,29.5,150,54300
20240117,13:00:10,29.9,200,54300
20240117,13:00:41,29.45,100,54150
20240117,13:03:07,29.7,200,54150
20240117,13:03:25,29.85,200,54150
20240117,13:04:33,29.9,250,54150
20240117,13:07:49,30.0,500,53750
20240117,13:11:24,29.55,100,54050
20240117,13:11:44,29.7,100,54050
20240117,13:12:41,29.5,50,53950
20240117,13:19:03,30.25,50,53900
20240117,13:21:06,30.2,50,53900
20240117,13:26:13,30.0,150,53900
20240117,13:26:22,29.95,100,53900
20240117,13:27:32,29.9,50,53950
20240117,13:27:59,29.7,50,53950
20240117,13:28:37,30.45,50,53950
20240117,13:29:32,30.55,50,53950
20240117,13:32:41,29.7,50,54100
20240117,13:35:46,29.9,50,54050
20240117,13:35:54,30.0,50,54050
20240117,13:37:23,30.05,100,54100
20240117,13:37:59,29.6,50,54100
20240117,13:38:58,29.55,50,54100
20240117,13:39:50,29.55,500,54150
20240117,13:40:11,29.35,250,54150
20240117,13:41:41,30.15,50,54150
20240117,13:41:50,29.8,100,54150
20240117,13:46:56,30.45,50,54150
20240117,13:47:34,30.35,50,54150
20240117,13:49:58,30.7,150,54200
20240117,14:04:11,29.95,150,54300
20240117,14:05:03,29.95,350,54300
20240117,14:12:48,29.95,50,54400
20240117,14:14:02,30.15,400,54400
20240117,14:14:48,30.15,100,54400
20240117,14:16:01,30.2,100,54050
20240117,14:16:19,30.4,50,54050
20240117,14:16:46,29.8,300,54050
20240117,14:18:10,29.15,200,54050
20240117,14:20:45,29.3,150,53950
20240117,14:23:44,29.5,100,53800
20240117,14:24:30,29.3,250,53800
20240117,14:26:58,28.55,250,53900
20240117,14:30:18,28.3,50,53900
20240117,14:30:36,28.25,100,53900
20240117,14:32:19,27.9,50,53900
20240117,14:32:47,28.45,50,53900
20240117,14:33:07,28.35,50,53900
20240117,14:35:01,28.75,50,54050
20240117,14:35:10,28.55,100,54050
20240117,14:35:29,28.5,50,54050
20240117,14:43:04,27.5,100,54150
20240117,14:44:49,27.7,150,54150
20240117,14:44:58,27.8,50,54150
20240117,14:48:55,28.05,800,54250
20240117,14:49:44,28.05,400,54250
20240117,14:50:16,27.8,200,54250
20240117,14:50:26,27.75,100,54250
20240117,14:50:35,27.75,50,54250
20240117,14:50:57,27.8,100,54250
20240117,14:51:26,27.45,50,54250
20240117,14:52:05,27.45,200,54200
20240117,14:52:15,27.35,300,54200
20240117,14:52:24,27.55,200,54200
20240117,14:52:42,27.6,150,54200
20240117,14:53:00,27.6,50,54200
20240117,14:53:09,27.6,100,54200
20240117,14:53:46,27.75,50,54200
20240117,14:56:13,28.15,200,54600
20240117,14:56:22,28.2,50,54600
20240117,14:57:37,28.0,50,54600
20240117,15:00:43,27.3,150,54700
20240117,15:01:23,27.3,100,54700
20240117,15:01:50,27.0,150,54700
20240117,15:02:23,27.0,50,54700
20240117,15:04:00,26.8,50,54850
20240117,15:04:10,26.75,100,54850
20240117,15:05:38,26.8,50,54850
20240117,15:05:48,27.4,50,54850
20240117,15:06:08,27.7,150,54850
20240117,15:08:44,26.55,50,54900
20240117,15:09:13,27.0,400,54900
20240117,15:11:13,27.4,50,55300
20240117,15:18:20,27.4,50,55350
20240117,15:18:31,27.4,50,55350
20240117,15:20:16,27.3,400,55250
20240117,15:21:23,27.3,150,55250
20240117,15:22:56,27.05,50,55550
20240117,15:23:16,26.55,150,55550
20240117,15:25:14,26.55,100,55500
20240117,15:25:33,26.6,150,55500
20240117,15:25:42,26.6,200,55500
20240117,15:27:57,26.4,100,55500
20240117,15:28:36,26.1,200,55500
20240117,15:28:58,26.3,150,55500
20240117,15:29:10,26.25,50,55500
20240117,15:29:29,26.25,50,55500
20240117,15:29:50,26.0,900,55500
20240117,15:30:01,26.0,400,55500
20240118,09:17:34,22.6,1,56900
20240118,09:17:34,23.7,1,56900
20240118,09:17:34,22.45,1,56900
20240118,09:17:34,22.65,4950,56900
20240118,09:17:51,22.4,1800,56950
20240118,09:18:21,22.8,250,56950
20240118,09:19:16,23.35,450,56950
20240118,09:19:25,22.95,200,56950
20240118,09:19:34,23.1,200,56950
20240118,09:20:06,23.2,50,56950
20240118,09:20:26,22.8,100,56950
20240118,09:21:06,22.8,50,56950
20240118,09:21:27,22.8,50,56950
20240118,09:21:38,22.8,200,56950
20240118,09:22:09,22.85,400,56950
20240118,09:22:19,22.85,100,56950
20240118,09:22:29,22.9,50,56950
20240118,09:22:39,22.9,100,56950
20240118,09:22:49,22.9,200,56950
20240118,09:22:59,23.1,100,56950
20240118,09:23:10,23.05,200,56950
20240118,09:23:40,23.1,50,58250
20240118,09:23:50,23.15,50,58250
20240118,09:24:00,23.15,250,58250
20240118,09:24:10,23.15,700,58250
20240118,09:25:44,24.3,100,58250
20240118,09:25:55,24.3,100,58250
20240118,09:26:15,24.0,200,58250
20240118,09:27:18,23.3,50,59200
20240118,09:27:28,23.25,150,59200
20240118,09:29:43,23.0,500,59200
20240118,09:31:21,23.1,500,59200
20240118,09:32:04,23.15,150,59200
20240118,09:32:34,23.1,950,59200
20240118,09:32:46,23.1,850,59700
20240118,09:33:38,22.9,150,59700
20240118,09:35:00,22.9,200,59700
20240118,09:35:09,22.85,600,59700
20240118,09:35:29,22.85,200,59700
20240118,09:35:50,22.95,350,59900
20240118,09:36:15,22.8,250,59900
20240118,09:36:27,22.8,250,59900
20240118,09:36:38,22.8,100,59900
20240118,09:36:50,22.85,150,59900
20240118,09:37:12,22.8,250,59900
20240118,09:37:57,22.8,50,59900
20240118,09:38:31,22.85,350,59900
20240118,09:38:41,22.8,600,59900
20240118,09:42:02,21.3,550,59750
20240118,09:42:57,21.8,300,59750
20240118,09:44:35,21.9,350,59750
20240118,09:44:45,21.85,100,59750
20240118,09:45:43,22.0,150,59750
20240118,09:49:50,22.05,100,59900
20240118,09:49:59,22.05,200,59900
20240118,09:50:08,22.0,550,59900
20240118,09:51:24,21.15,100,59350
20240118,09:55:31,21.1,150,59350
20240118,09:56:49,21.1,300,59400
20240118,09:57:00,21.5,100,59400
20240118,09:57:12,21.5,100,59400
20240118,09:57:35,21.35,100,59400
20240118,10:00:16,21.55,50,59300
20240118,10:01:32,21.65,50,59300
20240118,10:01:43,21.0,300,59300
20240118,10:07:10,21.0,250,59000
20240118,10:07:57,20.9,50,59000
20240118,10:08:07,20.75,100,59000
20240118,10:08:18,20.55,150,59000
20240118,10:08:38,20.55,50,59000
20240118,10:09:12,21.0,200,59400
20240118,10:11:35,20.85,50,59400
20240118,10:11:47,20.8,150,59400
20240118,10:11:59,21.0,100,59600
20240118,10:12:42,21.35,50,59600
20240118,10:16:33,20.7,50,59550
20240118,10:18:27,20.0,250,59550
20240118,10:22:42,19.6,150,59550
20240118,10:23:03,18.1,2200,59550
20240118,10:23:14,18.35,100,59550
20240118,10:23:34,18.25,350,59550
20240118,10:24:16,17.8,200,59500
20240118,10:24:27,17.85,150,59500
20240118,10:25:39,17.95,50,59500
20240118,10:26:11,17.9,300,59500
20240118,10:26:21,18.05,100,59500
20240118,10:26:33,18.05,250,59500
20240118,10:26:44,18.05,250,59500
20240118,10:27:06,18.15,50,59900
20240118,10:27:17,18.15,50,59900
20240118,10:27:27,18.0,250,59900
20240118,10:27:38,18.1,50,59900
20240118,10:27:59,17.95,250,59900
20240118,10:28:09,18.1,650,59900
20240118,10:28:50,18.4,50,59900
20240118,10:30:14,18.6,50,60200
20240118,10:30:24,18.35,750,60200
20240118,10:31:05,18.6,250,60200
20240118,10:31:15,18.75,50,60200
20240118,10:31:26,18.9,150,60200
20240118,10:31:36,18.85,50,60200
20240118,10:31:47,18.7,250,60200
20240118,10:33:57,18.6,300,61050
20240118,10:37:09,18.55,50,60900
20240118,10:37:20,18.55,400,60900
20240118,10:37:50,18.55,50,60900
20240118,10:38:20,18.65,150,60900
20240118,10:38:30,19.0,100,60900
20240118,10:38:40,19.0,100,60900
20240118,10:39:00,19.0,250,60650
20240118,10:39:42,19.1,250,60650
20240118,10:42:53,19.5,250,60150
20240118,10:44:21,19.5,150,60150
20240118,10:44:56,20.0,200,60150
20240118,10:45:20,20.1,50,59800
20240118,10:45:31,20.1,250,59800
20240118,10:46:45,20.0,50,59800
20240118,10:46:56,19.9,100,59800
20240118,10:48:10,20.65,150,59650
20240118,10:55:44,19.2,150,59600
20240118,10:57:19,19.65,50,59600
20240118,10:57:40,19.95,50,59600
20240118,11:01:17,19.5,250,59600
20240118,11:05:50,20.0,50,59600
20240118,11:06:20,20.25,100,59550
20240118,11:07:22,20.6,200,59550
20240118,11:07:32,20.65,100,59550
20240118,11:08:03,20.8,50,59550
20240118,11:09:17,20.95,300,59600
20240118,11:13:10,20.9,400,59600
20240118,11:16:58,20.95,50,59200
20240118,11:17:09,20.9,100,59200
20240118,11:18:21,20.85,50,59200
20240118,11:20:14,20.8,50,59200
20240118,11:22:13,20.8,50,59200
20240118,11:28:24,20.55,100,59200
20240118,11:28:53,20.6,100,59200
20240118,11:33:06,21.15,50,59200
20240118,11:34:27,20.85,50,59200
20240118,11:35:47,20.8,50,59200
20240118,11:37:59,20.45,50,59200
20240118,11:38:09,20.95,250,59200
20240118,11:42:04,19.95,150,59200
20240118,11:43:30,20.2,50,59200
20240118,11:43:51,20.3,50,59200
20240118,11:50:40,20.55,50,59250
20240118,11:51:18,20.7,800,59250
20240118,11:53:19,20.7,50,59250
20240118,11:53:49,20.7,50,59250
20240118,11:54:29,20.4,200,59200
20240118,12:00:22,21.45,400,59200
20240118,12:00:32,21.25,100,59200
20240118,12:01:03,21.3,50,59200
20240118,12:02:09,21.3,600,59200
20240118,12:02:31,21.4,150,59200
20240118,12:02:41,21.4,250,59200
20240118,12:03:02,21.35,200,59450
20240118,12:03:54,21.45,50,59450
20240118,12:06:42,21.5,50,59450
20240118,12:08:13,22.15,50,59450
20240118,12:08:35,22.15,50,59450
20240118,12:08:56,22.15,50,59450
20240118,12:10:09,22.45,200,59400
20240118,12:11:28,22.4,100,59400
20240118,12:12:03,22.2,100,59400
20240118,12:12:58,22.65,250,59400
20240118,12:13:19,22.05,200,59400
20240118,12:21:05,22.85,100,59300
20240118,12:24:16,23.1,300,59300
20240118,12:24:42,23.35,50,59300
20240118,12:27:03,24.0,50,59300
20240118,12:27:14,24.0,100,59300
20240118,12:27:47,24.0,50,59300
20240118,12:28:09,24.3,100,59300
20240118,12:28:21,24.3,100,59300
20240118,12:30:26,24.3,50,59500
20240118,12:31:01,23.9,50,59500
20240118,12:33:18,23.75,50,59450
20240118,12:49:01,21.85,50,59450
20240118,12:49:13,21.9,200,59450
20240118,12:56:27,22.4,300,59450
20240118,13:10:45,22.4,50,59450
20240118,13:12:08,22.4,50,59450
20240118,13:13:15,22.35,250,59450
20240118,13:16:53,21.95,50,59450
20240118,13:17:42,21.95,150,59450
20240118,13:20:08,22.1,150,59450
20240118,13:24:12,22.0,100,59400
20240118,13:25:27,21.9,100,59450
20240118,13:26:30,21.95,50,59450
20240118,13:26:40,21.55,400,59450
20240118,13:26:50,21.8,100,59450
20240118,13:30:29,22.05,100,59550
20240118,13:42:29,21.95,100,59500
20240118,13:57:04,22.25,200,59500
20240118,14:06:25,22.5,300,59500
20240118,14:11:12,22.55,150,59800
20240118,14:26:09,22.75,50,59950
20240118,14:29:37,22.5,250,59950
20240118,14:33:25,22.5,250,59950
20240118,14:34:04,22.5,250,59950
20240118,14:36:23,22.5,250,59950
20240118,14:39:16,22.5,350,60200
20240118,14:40:44,22.5,250,60250
20240118,14:41:24,22.5,250,60250
20240118,14:41:47,22.5,300,60250
20240118,14:41:58,22.55,200,60250
20240118,14:42:33,22.55,350,61200
20240118,14:43:07,22.5,250,61200
20240118,14:44:23,22.5,100,61200
20240118,14:44:55,22.5,150,61200
20240118,14:45:59,21.85,250,61550
20240118,14:46:10,21.85,50,61550
20240118,14:46:21,21.95,50,61550
20240118,14:46:53,21.85,100,61550
20240118,14:48:16,21.6,200,61550
20240118,14:48:46,21.85,200,61100
20240118,14:48:57,21.95,50,61100
20240118,14:49:07,21.95,100,61100
20240118,14:49:16,21.95,50,61100
20240118,14:49:44,21.85,100,61100
20240118,14:50:02,21.75,50,61100
20240118,14:50:11,21.7,300,61100
20240118,14:50:22,21.7,50,61100
20240118,14:51:15,21.65,250,61100
20240118,14:51:26,21.8,750,61100
20240118,14:51:58,21.65,250,60050
20240118,14:54:11,21.75,50,60050
20240118,14:54:32,21.6,100,60050
20240118,14:54:42,21.5,450,59950
20240118,14:56:07,21.4,200,59950
20240118,14:58:02,21.25,300,59950
20240118,14:59:43,21.0,150,59950
20240118,15:01:15,20.85,100,59950
20240118,15:02:54,20.9,250,59950
20240118,15:03:04,20.9,550,59950
20240118,15:04:49,20.4,750,59150
20240118,15:05:08,20.25,300,59150
20240118,15:06:06,20.7,200,59150
20240118,15:06:29,20.65,50,59150
20240118,15:16:25,20.15,50,59100
20240118,15:24:12,20.55,200,59150
20240118,15:25:25,20.45,50,59150
20240118,15:26:52,20.65,50,59150
20240118,15:27:24,20.6,250,59150
20240118,15:27:44,20.5,100,59100
20240118,15:28:26,20.9,50,59100
20240118,15:28:36,21.0,200,59100
20240118,15:29:18,21.15,100,59100
20240118,15:29:38,21.25,50,59100
20240119,09:18:34,22.25,1,59000
20240119,09:18:34,22.25,100,59000
20240119,09:18:42,22.2,200,59000
20240119,09:19:00,22.15,100,59000
20240119,09:19:41,22.15,100,59000
20240119,09:20:23,22.5,200,59000
20240119,09:20:33,22.5,1350,59900
20240119,09:20:43,20.85,450,59900
20240119,09:20:53,20.85,150,59900
20240119,09:21:03,20.5,50,59900
20240119,09:21:13,20.3,200,59900
20240119,09:21:23,20.1,550,59900
20240119,09:21:32,19.75,400,59900
20240119,09:21:42,19.65,1150,59900
20240119,09:21:51,19.65,300,59900
20240119,09:22:01,19.65,400,59900
20240119,09:22:11,19.4,150,59900
20240119,09:22:32,19.2,300,59900
20240119,09:23:48,18.9,750,60900
20240119,09:23:57,18.65,350,60900
20240119,09:24:07,18.45,150,60900
20240119,09:24:18,18.35,300,60900
20240119,09:24:28,18.45,150,60900
20240119,09:24:37,18.45,50,60900
20240119,09:24:47,18.1,200,60900
20240119,09:25:06,18.25,200,60900
20240119,09:25:17,18.2,100,60900
20240119,09:25:26,18.2,50,60900
20240119,09:25:35,17.95,600,60900
20240119,09:26:15,17.95,100,60900
20240119,09:26:25,18.95,50,60900
20240119,09:26:35,19.15,150,59700
20240119,09:26:44,19.25,350,59700
20240119,09:28:04,19.2,50,59700
20240119,09:28:15,19.45,50,59700
20240119,09:28:26,19.45,500,59700
20240119,09:29:07,19.6,100,59700
20240119,09:29:27,19.55,400,59700
20240119,09:31:06,19.1,200,58850
20240119,09:31:35,19.1,150,58850
20240119,09:32:24,18.75,800,58850
20240119,09:32:46,18.85,300,59300
20240119,09:33:56,18.55,1300,59300
20240119,09:34:34,18.55,1300,59300
20240119,09:34:53,18.4,500,59300
20240119,09:35:03,18.9,500,59300
20240119,09:35:33,18.85,200,59300
20240119,09:35:53,18.5,300,62050
20240119,09:36:26,18.5,300,62050
20240119,09:39:27,18.5,100,62300
20240119,09:40:25,18.8,1250,62300
20240119,09:41:35,18.3,100,62300
20240119,09:41:44,18.0,300,61500
20240119,09:44:42,18.15,50,61450
20240119,09:45:44,18.15,100,61450
20240119,09:46:30,18.15,350,61450
20240119,09:50:01,18.3,100,61100
20240119,09:50:43,18.35,50,61100
20240119,09:52:31,18.0,500,61100
20240119,09:57:46,18.25,50,60750
20240119,10:11:20,18.65,500,60800
20240119,10:18:08,18.5,50,61000
20240119,10:24:56,18.5,200,61000
20240119,10:26:39,18.5,150,61000
20240119,10:28:15,18.75,250,61150
20240119,10:28:54,18.95,150,61150
20240119,10:29:14,19.1,150,61150
20240119,10:30:05,19.25,50,60850
20240119,10:44:01,18.9,50,60850
20240119,10:45:14,17.7,8450,60850
20240119,10:45:23,18.5,1400,60850
20240119,10:45:32,18.55,300,60850
20240119,10:47:15,18.55,650,60850
20240119,10:48:00,18.5,50,61150
20240119,10:48:54,18.55,200,61150
20240119,10:50:25,18.5,200,61150
20240119,10:51:27,18.65,200,61350
20240119,10:56:05,18.65,300,61350
20240119,10:57:07,18.55,200,61350
20240119,10:57:45,18.55,50,61350
20240119,11:06:55,17.55,250,61350
20240119,11:08:24,17.55,100,61350
20240119,11:09:34,17.55,50,61400
20240119,11:09:44,17.65,50,61400
20240119,11:10:04,17.7,250,61400
20240119,11:10:16,17.7,250,61400
20240119,11:15:05,17.85,200,61350
20240119,11:19:56,18.0,100,61350
20240119,11:25:18,18.0,50,61450
20240119,11:25:38,17.95,50,61450
20240119,11:30:00,17.9,50,61450
20240119,11:39:44,17.8,50,61450
20240119,11:39:54,17.9,50,61450
20240119,11:40:13,17.9,50,61450
20240119,11:40:22,17.9,50,61450
20240119,11:40:32,17.85,50,61450
20240119,11:40:51,17.8,50,61450
20240119,11:41:00,17.75,50,61450
20240119,11:41:27,17.8,50,61450
20240119,11:41:35,17.75,150,61450
20240119,11:41:44,17.8,50,61450
20240119,11:41:53,17.8,100,61000
20240119,11:42:12,17.8,1050,61000
20240119,11:42:47,17.75,50,61000
20240119,11:43:07,17.85,50,61000
20240119,11:45:46,17.85,50,60850
20240119,11:50:14,17.85,200,60850
20240119,11:53:52,18.1,100,60700
20240119,11:58:38,17.9,50,60600
20240119,11:59:04,18.0,100,60600
20240119,12:03:43,17.8,50,60600
20240119,12:06:40,17.9,100,60600
20240119,12:08:52,18.05,50,60600
20240119,12:09:09,18.05,50,60600
20240119,12:17:42,17.7,50,60550
20240119,12:20:06,17.65,50,60500
20240119,12:20:31,17.55,50,60500
20240119,12:22:16,17.1,3000,60450
20240119,12:22:25,17.0,1500,60450
20240119,12:22:34,17.0,500,60450
20240119,12:24:06,17.0,300,65400
20240119,12:30:26,17.35,50,65500
20240119,12:33:08,17.2,500,65550
20240119,12:33:25,17.25,50,65550
20240119,12:48:10,17.6,50,65950
20240119,13:00:53,17.9,50,65950
20240119,13:08:14,18.1,50,65900
20240119,13:08:32,18.0,50,65900
20240119,13:08:57,18.0,150,65900
20240119,13:09:16,18.0,150,65650
20240119,13:28:24,17.5,50,65500
20240119,13:28:34,17.5,50,65500
20240119,13:49:40,17.8,250,65500
20240119,13:51:40,17.85,50,65500
20240119,13:52:35,17.85,50,65500
20240119,13:54:50,17.9,50,65450
20240119,13:57:40,17.65,200,65450
20240119,14:00:30,17.5,50,65650
20240119,14:04:44,17.65,50,65650
20240119,14:07:38,17.65,50,65650
20240119,14:08:40,17.7,150,65650
20240119,14:09:17,17.75,50,65650
20240119,14:14:44,17.9,500,65700
20240119,14:19:51,17.95,50,65700
20240119,14:26:05,18.15,50,65700
20240119,14:26:14,18.05,50,65700
20240119,14:34:31,18.2,400,65700
20240119,14:39:26,18.3,900,66100
20240119,14:42:15,17.75,1800,66100
20240119,14:44:13,18.35,50,66100
20240119,14:46:57,18.2,50,66100
20240119,15:00:48,17.9,50,66050
20240119,15:01:00,17.7,400,66050
20240119,15:13:25,18.25,150,65700
20240119,15:14:25,18.15,150,65700
20240119,15:15:09,18.15,100,65700
20240119,15:20:51,18.3,100,65750
20240119,15:22:23,18.55,800,65850
20240119,15:22:56,18.3,400,65850
20240119,15:25:31,18.55,1300,65350
20240119,15:25:40,18.25,1700,65350
20240119,15:27:09,18.05,400,65350
20240119,15:27:26,18.2,150,65350
20240119,15:27:35,18.3,500,63300
20240119,15:28:40,18.6,400,63300
20240119,15:29:25,18.8,150,63300
20240120,09:17:51,19.35,1,62400
20240120,09:17:51,19.3,150,62400
20240120,09:19:38,18.05,50,62400
20240120,09:21:22,18.05,50,62450
20240120,09:22:20,18.0,100,62450
20240120,09:23:22,17.7,400,62450
20240120,09:23:30,17.7,50,62450
20240120,09:23:38,17.7,200,63000
20240120,09:23:47,17.7,150,63000
20240120,09:23:56,17.7,50,63000
20240120,09:26:21,17.7,200,63000
20240120,09:28:58,17.95,50,63300
20240120,09:38:06,17.95,150,63300
20240120,09:38:14,18.0,50,63300
20240120,09:44:46,18.1,50,63350
20240120,09:55:54,18.5,500,63300
20240120,09:56:59,17.75,250,63500
20240120,09:57:08,17.8,50,63500
20240120,09:57:27,17.8,50,63500
20240120,09:57:36,18.4,250,63500
20240120,10:10:32,17.55,50,63500
20240120,10:33:51,17.55,50,63450
20240120,11:00:22,17.5,50,63450
20240120,11:36:39,17.5,50,63450
20240120,11:38:04,17.55,50,63450
20240120,11:41:21,17.5,50,63450
20240120,11:51:23,17.7,50,63450
20240120,11:59:36,17.85,50,63400
20240120,12:31:22,17.3,50,63400
20240120,12:31:52,17.2,50,63400
20240120,12:33:17,17.15,150,63400
20240120,12:39:44,17.2,50,63400
20240120,12:41:12,16.8,50,63400
20240120,12:43:21,16.8,50,63400
20240120,12:48:38,17.0,500,63400
20240120,12:49:18,17.3,500,63400
20240120,12:50:16,16.6,50,63400
20240120,12:52:13,16.6,200,63450
20240120,12:52:46,16.55,300,63450
20240120,12:53:31,16.45,50,63450
20240120,12:53:40,16.25,300,63450
20240120,12:53:58,16.1,50,63450
20240120,12:54:40,16.05,250,63450
20240120,12:54:49,16.0,650,63450
20240120,12:56:48,16.0,50,63450
20240120,12:57:56,16.0,200,63450
20240120,13:06:13,16.1,50,63450
20240120,13:07:39,15.85,500,63450
20240120,13:15:51,15.85,200,63450
20240120,13:17:11,15.85,250,63450
20240120,13:20:50,16.7,500,63450
20240120,13:21:17,16.3,150,63450
20240120,13:28:51,16.0,200,63450
20240120,13:30:12,16.0,50,63450
20240120,13:35:34,15.65,250,63500
20240120,13:53:06,15.65,50,63750
20240120,13:53:58,15.65,50,63750
20240120,14:20:21,15.7,50,63750
20240120,14:27:37,16.15,100,63800
20240120,14:33:08,15.85,50,63800
20240120,14:43:54,15.0,600,63800
20240120,14:44:21,14.5,150,63800
20240120,14:44:30,14.2,700,63800
20240120,14:44:58,14.0,500,63800
20240120,14:45:37,14.0,500,64300
20240120,14:45:48,14.35,50,64300
20240120,14:46:08,14.2,200,64300
20240120,14:46:26,14.2,100,64300
20240120,14:46:58,14.2,200,64300
20240120,14:48:23,14.3,200,64300
20240120,14:48:33,14.2,300,65100
20240120,14:48:43,14.1,300,65100
20240120,14:49:02,14.2,400,65100
20240120,14:49:29,14.2,250,65100
20240120,14:49:49,14.2,250,65100
20240120,14:56:41,14.0,500,66550
20240120,14:56:51,14.0,50,66550
20240120,14:58:17,14.3,50,66650
20240120,15:00:29,13.95,200,66650
20240120,15:04:34,13.6,200,66800
20240120,15:06:21,13.65,50,66800
20240120,15:08:04,14.0,1300,66700
20240120,15:08:13,14.0,700,66700
20240120,15:08:33,14.25,500,66700
20240120,15:08:45,14.45,150,66700
20240120,15:08:56,14.3,650,66700
20240120,15:09:06,14.5,150,66700
20240120,15:10:06,14.1,100,64100
20240120,15:11:14,13.9,400,64100
20240120,15:11:52,13.6,900,64100
20240120,15:13:18,13.6,1200,63550
20240120,15:20:00,13.85,100,63150
20240120,15:20:09,13.75,100,63150
20240120,15:21:28,14.4,600,63150
20240120,15:24:42,14.6,900,62700
20240120,15:26:40,14.65,1200,62700
20240120,15:27:16,14.3,50,62700
20240123,09:16:15,15.95,300,62700
20240123,09:16:47,15.95,600,62700
20240123,09:16:50,16.75,100,62700
20240123,09:18:47,16.7,50,63300
20240123,09:19:06,16.65,50,63300
20240123,09:19:20,16.6,50,63300
20240123,09:20:26,16.15,150,63300
20240123,09:20:37,16.0,650,63300
20240123,09:22:28,16.15,850,63400
20240123,09:22:39,16.15,500,63400
20240123,09:22:43,16.2,300,63400
20240123,09:22:52,16.15,50,63400
20240123,09:23:41,16.05,1200,62500
20240123,09:24:35,16.15,250,62500
20240123,09:25:12,16.1,100,62500
20240123,09:26:05,16.3,200,62500
20240123,09:27:25,16.0,350,61850
20240123,09:27:41,15.95,50,61850
20240123,09:34:12,15.6,50,61950
20240123,09:34:23,15.6,50,61950
20240123,09:35:08,15.7,50,61950
20240123,09:35:10,15.7,50,61950
20240123,09:39:41,15.4,50,61900
20240123,09:41:27,16.2,250,61900
20240123,09:41:57,15.45,100,61950
20240123,09:42:47,15.4,50,61950
20240123,09:44:47,15.6,50,61900
20240123,09:48:31,15.7,50,61950
20240123,09:48:59,15.6,50,61950
20240123,09:49:10,15.6,50,61950
20240123,09:50:10,15.6,50,61950
20240123,09:52:17,15.75,50,61950
20240123,09:53:11,15.7,200,61950
20240123,09:53:14,15.85,50,61950
20240123,09:54:03,15.7,50,61900
20240123,09:54:57,15.65,150,61900
20240123,09:55:13,15.6,300,61900
20240123,09:56:38,15.45,50,61900
20240123,09:56:46,15.2,150,61950
20240123,09:56:51,15.35,50,61950
20240123,09:58:04,15.3,100,61950
20240123,09:59:35,15.05,50,61950
20240123,09:59:57,15.0,100,61950
20240123,10:01:18,14.5,50,61950
20240123,10:08:50,13.5,12700,65450
20240123,10:09:00,13.7,9400,65450
20240123,10:09:12,13.15,19050,65450
20240123,10:09:23,12.05,18850,65450
20240123,10:09:33,12.35,10350,65450
20240123,10:09:44,13.2,2850,65450
20240123,10:09:51,13.25,1500,65450
20240123,10:10:00,13.3,50,65450
20240123,10:10:12,13.35,50,65450
20240123,10:10:39,13.45,250,65450
20240123,10:11:06,13.25,3950,65450
20240123,10:11:10,13.4,50,65450
20240123,10:12:08,13.4,950,121900
20240123,10:12:10,13.45,50,121900
20240123,10:12:24,13.45,50,121900
20240123,10:12:40,13.5,350,121900
20240123,10:13:00,13.5,250,121900
20240123,10:14:30,13.7,50,121900
20240123,10:20:37,13.7,200,121850
20240123,10:21:39,13.45,50,121850
20240123,10:23:20,13.3,250,121850
20240123,10:23:54,13.15,200,121850
20240123,10:24:04,12.95,100,121850
20240123,10:24:43,13.05,200,121850
20240123,10:24:54,13.05,150,121850
20240123,10:25:10,13.1,100,121850
20240123,10:25:39,13.1,950,121850
20240123,10:25:45,13.05,400,121850
20240123,10:25:54,13.05,450,121850
20240123,10:28:22,12.9,50,121250
20240123,10:35:41,13.05,50,121200
20240123,10:36:12,13.05,100,121200
20240123,10:37:03,13.1,100,121200
20240123,10:37:18,13.05,50,121200
20240123,10:39:42,12.9,200,121250
20240123,10:39:58,12.9,100,121250
20240123,10:41:11,12.9,100,121250
20240123,10:41:35,12.35,32200,121250
20240123,10:41:46,12.2,16300,121250
20240123,10:41:56,12.15,10200,157100
20240123,10:42:07,12.1,12850,157100
20240123,10:42:13,11.85,6750,157100
20240123,10:42:19,11.85,500,157100
20240123,10:42:46,12.15,50,157100
20240123,10:42:55,12.1,250,157100
20240123,10:43:02,12.1,150,157100
20240123,10:43:33,12.2,50,157100
20240123,10:43:47,12.2,1100,157100
20240123,10:44:00,12.35,300,157100
20240123,10:44:14,12.4,150,157100
20240123,10:44:17,12.4,50,157100
20240123,10:44:36,12.35,150,157100
20240123,10:44:47,12.3,400,157100
20240123,10:45:07,12.5,900,177950
20240123,10:45:52,12.3,100,177950
20240123,10:46:10,12.3,650,177950
20240123,10:47:36,12.35,850,177950
20240123,10:47:42,12.4,50,177950
20240123,10:48:46,12.3,200,176550
20240123,10:49:14,12.2,1700,176550
20240123,10:49:20,12.2,700,176550
20240123,10:49:31,12.25,550,176550
20240123,10:49:44,12.3,250,176550
20240123,10:49:50,12.3,200,176550
20240123,10:50:15,12.25,700,176550
20240123,10:50:48,12.3,200,176550
20240123,10:51:12,11.95,100,176250
20240123,10:51:22,11.95,300,176250
20240123,10:51:27,11.95,200,176250
20240123,10:52:38,12.15,900,176250
20240123,10:52:49,12.15,1250,176250
20240123,10:53:04,12.35,850,176250
20240123,10:53:20,12.3,300,176250
20240123,10:53:57,12.0,50,176650
20240123,10:54:07,12.25,250,176650
20240123,10:54:17,12.3,250,176650
20240123,10:54:30,12.3,50,176650
20240123,10:54:43,12.45,400,176650
20240123,10:54:45,12.35,250,176650
20240123,10:54:54,12.45,50,176650
20240123,10:55:34,12.4,900,176650
20240123,10:55:42,12.55,1000,176650
20240123,10:56:04,12.5,200,176650
20240123,10:56:21,12.6,300,176650
20240123,10:56:34,12.6,200,176650
20240123,10:56:44,12.6,450,176650
20240123,10:59:08,12.55,200,175750
20240123,10:59:19,12.65,200,175750
20240123,10:59:26,12.65,200,175750
20240123,10:59:36,12.6,850,175750
20240123,10:59:47,12.6,100,175750
20240123,10:59:59,12.65,200,175650
20240123,11:00:05,12.6,200,175650
20240123,11:00:19,12.6,200,175650
20240123,11:00:30,12.6,250,175650
20240123,11:00:50,12.7,200,175650
20240123,11:01:14,12.75,200,175650
20240123,11:01:51,12.75,150,175650
20240123,11:03:16,12.75,150,175100
20240123,11:03:23,12.75,50,175100
20240123,11:04:20,12.75,100,175100
20240123,11:05:03,12.7,200,175100
20240123,11:05:04,12.7,50,175100
20240123,11:05:30,12.75,50,175100
20240123,11:05:39,12.75,50,175100
20240123,11:08:18,12.85,100,175000
20240123,11:10:19,12.75,100,174950
20240123,11:10:30,12.7,450,174950
20240123,11:10:52,12.8,100,174950
20240123,11:11:04,12.8,900,174950
20240123,11:11:18,12.85,50,174950
20240123,11:11:27,12.85,100,174950
20240123,11:11:35,12.85,550,174950
20240123,11:11:43,12.85,50,174950
20240123,11:11:57,12.8,550,173800
20240123,11:12:05,12.85,1000,173800
20240123,11:12:42,12.85,50,173800
20240123,11:16:38,13.15,400,173850
20240123,11:18:55,13.15,300,173750
20240123,11:21:38,13.05,100,173450
20240123,11:24:04,13.35,500,173550
20240123,11:24:27,13.4,50,173550
20240123,11:24:36,13.35,150,173550
20240123,11:24:54,13.4,50,173550
20240123,11:25:07,13.35,50,173550
20240123,11:25:39,13.35,50,173550
20240123,11:28:06,13.4,50,172750
20240123,11:30:29,13.35,100,172750
20240123,11:30:38,13.35,100,172750
20240123,11:31:41,13.4,450,172750
20240123,11:31:56,13.4,350,172750
20240123,11:33:32,13.45,200,172050
20240123,11:34:31,13.25,150,172050
20240123,11:35:18,13.3,50,172050
20240123,11:35:24,13.35,200,172050
20240123,11:35:35,13.5,300,172050
20240123,11:36:04,13.45,250,171500
20240123,11:36:10,13.4,50,171500
20240123,11:36:29,13.4,50,171500
20240123,11:39:27,13.4,50,171250
20240123,11:40:42,13.35,50,171250
20240123,11:40:48,13.35,200,171250
20240123,11:42:41,11.85,24150,171100
20240123,11:42:50,10.95,12350,171100
20240123,11:42:59,7.9,14650,171100
20240123,11:43:11,10.7,20450,171100
20240123,11:43:20,10.7,6150,171100
20240123,11:43:30,10.65,1150,171100
20240123,11:43:39,10.8,600,171100
20240123,11:43:50,11.45,9600,171100
20240123,11:43:53,11.3,800,171100
20240123,11:44:05,11.25,2950,171100
20240123,11:44:46,11.3,250,171100
20240123,11:44:55,11.3,950,171100
20240123,11:45:07,11.4,200,227300
20240123,11:45:15,11.4,100,227300
20240123,11:45:37,11.4,1700,227300
20240123,11:45:48,11.3,3400,227300
20240123,11:46:01,11.5,2250,227300
20240123,11:46:14,11.55,700,227300
20240123,11:46:16,11.6,200,227300
20240123,11:46:28,11.65,2150,227300
20240123,11:46:44,11.95,500,227300
20240123,11:46:56,12.25,7950,227300
20240123,11:47:06,12.25,1750,227300
20240123,11:47:15,12.3,1000,227300
20240123,11:47:25,12.35,2800,227300
20240123,11:47:42,12.4,400,227300
20240123,11:47:50,12.45,1650,227300
20240123,11:48:04,12.45,2600,234750
20240123,11:48:15,12.5,2000,234750
20240123,11:48:24,12.55,1000,234750
20240123,11:48:35,12.55,1400,234750
20240123,11:48:43,12.55,550,234750
20240123,11:48:55,12.65,2950,234750
20240123,11:49:03,12.75,250,234750
20240123,11:49:14,12.8,1950,234750
20240123,11:49:24,12.8,1300,234750
20240123,11:49:34,12.75,500,234750
20240123,11:49:36,12.8,50,234750
20240123,11:49:57,12.65,100,234750
20240123,11:50:12,12.75,1100,234750
20240123,11:50:29,12.7,200,234750
20240123,11:50:41,12.7,150,234750
20240123,11:51:12,12.7,50,224050
20240123,11:51:34,12.7,250,224050
20240123,11:51:57,12.45,1400,224050
20240123,11:52:01,12.5,500,224050
20240123,11:52:13,12.55,50,224050
20240123,11:53:16,12.5,50,224050
20240123,11:53:45,12.4,250,224050
20240123,11:54:08,12.35,50,223950
20240123,11:55:18,12.2,250,223950
20240123,11:55:43,12.15,1400,223950
20240123,11:56:03,12.1,50,223950
20240123,11:56:10,12.0,550,223950
20240123,11:56:26,12.0,300,223950
20240123,11:56:38,12.05,250,223950
20240123,11:56:52,12.05,750,223950
20240123,11:57:51,12.1,100,223950
20240123,11:58:23,12.15,200,223950
20240123,11:59:04,12.25,200,223950
20240123,11:59:33,12.25,700,223950
20240123,11:59:40,12.15,200,223950
20240123,11:59:53,12.2,300,223950
20240123,11:59:54,12.2,50,223950
20240123,12:00:05,12.25,200,223450
20240123,12:00:15,12.3,50,223450
20240123,12:01:00,12.1,400,223450
20240123,12:02:41,12.0,200,223450
20240123,12:02:55,12.05,950,223450
20240123,12:03:03,12.0,1300,223800
20240123,12:03:45,11.9,300,223800
20240123,12:03:49,11.85,250,223800
20240123,12:04:07,11.9,450,223800
20240123,12:04:11,11.6,500,223800
20240123,12:04:27,11.2,1450,223800
20240123,12:04:37,11.25,1350,223800
20240123,12:04:54,11.35,2550,223800
20240123,12:05:05,10.95,1800,223800
20240123,12:05:17,10.95,1150,223800
20240123,12:05:27,11.05,250,223800
20240123,12:06:21,11.1,1650,223200
20240123,12:06:26,11.1,700,223200
20240123,12:06:37,11.0,700,223200
20240123,12:06:54,10.95,750,223200
20240123,12:07:04,10.85,650,223200
20240123,12:07:20,10.85,300,223200
20240123,12:07:30,10.8,150,223200
20240123,12:07:44,10.8,450,223200
20240123,12:07:52,10.8,250,223200
20240123,12:08:02,10.75,1200,223200
20240123,12:08:44,10.9,200,223200
20240123,12:09:01,11.0,200,223200
20240123,12:09:05,11.0,50,223300
20240123,12:09:21,11.05,300,223300
20240123,12:09:27,11.15,100,223300
20240123,12:09:50,11.1,900,223300
20240123,12:10:00,11.05,500,223300
20240123,12:11:15,10.95,450,223300
20240123,12:11:20,10.9,100,223300
20240123,12:11:57,11.05,100,223300
20240123,12:13:09,11.15,300,223050
20240123,12:15:48,11.3,150,223050
20240123,12:16:04,11.55,250,223050
20240123,12:16:23,11.6,250,223050
20240123,12:16:51,11.6,250,223050
20240123,12:17:23,11.7,50,223050
20240123,12:17:30,11.75,50,223050
20240123,12:18:00,11.75,150,223050
20240123,12:18:07,11.75,150,223200
20240123,12:18:28,11.65,300,223200
20240123,12:18:40,11.75,550,223200
20240123,12:19:25,11.85,1100,223200
20240123,12:19:36,11.9,50,223200
20240123,12:20:34,11.9,50,223200
20240123,12:21:05,11.95,150,223200
20240123,12:22:02,11.95,50,222650
20240123,12:22:10,11.9,50,222650
20240123,12:22:12,11.9,200,222650
20240123,12:23:57,11.7,250,222650
20240123,12:25:04,11.8,200,222500
20240123,12:26:34,11.8,250,222500
20240123,12:26:40,11.8,750,222500
20240123,12:26:53,11.85,250,222500
20240123,12:27:00,11.8,200,222500
20240123,12:27:15,11.85,200,222500
20240123,12:27:32,11.9,450,222500
20240123,12:27:39,11.9,400,222500
20240123,12:27:41,12.0,50,222500
20240123,12:27:59,12.0,650,222500
20240123,12:28:20,12.05,50,222500
20240123,12:28:26,12.0,100,222500
20240123,12:30:01,12.35,250,222500
20240123,12:30:02,12.35,150,222500
20240123,12:31:06,12.35,50,222650
20240123,12:31:49,12.65,300,222650
20240123,12:32:09,12.4,50,222650
20240123,12:32:14,12.4,50,222650
20240123,12:32:50,12.35,200,222650
20240123,12:33:04,12.3,50,222650
20240123,12:33:20,12.3,200,222450
20240123,12:33:38,12.4,500,222450
20240123,12:37:44,12.3,100,222450
20240123,12:37:54,12.35,150,222450
20240123,12:39:07,12.35,250,222450
20240123,12:39:22,12.3,300,222600
20240123,12:41:39,12.4,250,222600
20240123,12:42:07,12.35,250,222600
20240123,12:42:16,12.4,250,222600
20240123,12:42:35,12.45,250,222600
20240123,12:42:57,12.4,900,222600
20240123,12:43:04,12.35,100,222600
20240123,12:43:15,12.4,1150,222600
20240123,12:43:28,12.45,850,222600
20240123,12:43:36,12.4,450,222600
20240123,12:44:04,12.5,900,222600
20240123,12:45:41,12.7,1250,222450
20240123,12:45:51,13.1,4050,222450
20240123,12:46:34,12.95,100,222450
20240123,12:46:52,12.9,100,222450
20240123,12:47:02,12.95,800,222450
20240123,12:48:12,12.85,50,222450
20240123,12:48:28,12.9,850,222450
20240123,12:48:42,12.9,50,222450
20240123,12:48:51,12.85,450,222450
20240123,12:49:04,12.8,200,222450
20240123,12:49:13,12.75,250,222450
20240123,12:49:26,12.65,250,222450
20240123,12:49:54,12.6,150,222450
20240123,12:50:28,12.6,250,222450
20240123,12:50:34,12.6,250,222450
20240123,12:50:54,12.6,350,222450
20240123,12:52:04,12.55,50,222450
20240123,12:52:11,12.55,150,222450
20240123,12:53:18,12.55,700,222450
20240123,12:53:22,12.55,150,222450
20240123,12:53:41,12.5,650,222450
20240123,12:54:34,12.6,250,222450
20240123,12:55:11,12.7,100,222450
20240123,12:55:24,12.7,100,222450
20240123,12:55:44,12.6,1250,222450
20240123,12:56:13,12.9,1450,222450
20240123,12:56:19,12.8,500,222450
20240123,12:56:40,12.9,250,222450
20240123,12:57:06,12.8,500,222450
20240123,12:57:26,12.7,700,222450
20240123,12:57:32,12.65,200,222450
20240123,12:57:41,12.65,200,222450
20240123,12:58:15,12.55,250,222450
20240123,12:58:30,12.6,750,222450
20240123,12:58:42,12.55,500,222450
20240123,12:58:45,12.6,100,222450
20240123,12:59:04,12.6,1350,222450
20240123,12:59:12,12.6,550,222450
20240123,12:59:17,12.6,250,222450
20240123,12:59:30,12.55,200,222450
20240123,12:59:45,12.6,650,222450
20240123,12:59:57,12.7,1050,222450
20240123,13:00:08,12.65,250,222450
20240123,13:00:15,12.65,250,222800
20240123,13:00:37,12.65,250,222800
20240123,13:00:48,12.65,200,222800
20240123,13:00:58,12.65,300,222800
20240123,13:01:07,12.7,450,222800
20240123,13:01:37,12.65,250,222800
20240123,13:01:42,12.55,200,222800
20240123,13:02:01,12.45,1250,222800
20240123,13:02:10,12.45,750,222800
20240123,13:02:19,12.35,1150,222800
20240123,13:02:29,12.35,600,222800
20240123,13:03:02,12.3,1200,222800
20240123,13:03:40,12.25,600,222450
20240123,13:03:45,12.2,200,222450
20240123,13:05:23,12.2,50,222450
20240123,13:06:03,12.25,250,222450
20240123,13:06:09,12.25,250,222450
20240123,13:06:26,12.25,1250,222700
20240123,13:06:37,12.15,500,222700
20240123,13:07:11,12.15,50,222700
20240123,13:07:32,12.25,400,222700
20240123,13:07:37,12.25,500,222700
20240123,13:08:17,12.2,250,222700
20240123,13:08:53,12.1,750,222700
20240123,13:09:21,12.15,500,222500
20240123,13:09:31,12.15,500,222500
20240123,13:10:10,12.1,200,222500
20240123,13:10:46,12.15,250,222500
20240123,13:11:08,12.1,50,222500
20240123,13:11:22,12.15,400,222500
20240123,13:11:38,12.2,750,222500
20240123,13:11:48,12.15,100,222500
20240123,13:11:55,12.2,50,222500
20240123,13:12:41,12.15,50,222600
20240123,13:12:51,12.3,300,222600
20240123,13:14:39,12.35,150,222600
20240123,13:14:52,12.6,500,222600
20240123,13:15:20,12.4,250,222450
20240123,13:15:30,12.35,50,222450
20240123,13:15:53,12.35,250,222450
20240123,13:17:59,12.6,400,222450
20240123,13:20:47,12.35,200,222550
20240123,13:22:27,12.1,400,222550
20240123,13:22:49,12.3,200,222550
20240123,13:25:41,12.3,300,222550
20240123,13:26:31,12.3,50,222550
20240123,13:26:56,12.3,50,222550
20240123,13:27:08,12.5,650,222550
20240123,13:27:16,12.5,100,222500
