date,time,tick_price,volume,open_interest
20231129,09:43:19,19.75,200,200
20231129,10:49:31,20.45,100,200
20231129,12:13:22,20.6,200,300
20231201,11:14:18,20.6,1,500
20231201,11:14:18,20.6,50,500
20231228,15:26:04,3.0,1,500
20231228,15:26:04,3.0,50,500
20231228,15:26:46,2.0,50,500
20231228,15:26:52,2.0,800,500
20231229,09:15:08,2.1,1,400
20231229,09:15:08,2.1,200,400
20231229,09:15:09,2.1,200,400
20231229,09:15:11,2.1,50,400
20231229,09:16:17,1.95,50,400
20231229,09:16:38,1.6,3350,400
20231229,09:16:59,1.55,500,400
20231229,09:17:41,1.6,50,4250
20231229,09:18:11,1.6,100,4250
20231229,09:18:12,1.6,900,4250
20231229,09:18:22,1.6,150,4250
20231229,09:18:23,1.6,450,4250
20231229,09:19:08,1.6,150,4250
20231229,09:20:19,1.5,50,2650
20231229,09:20:31,1.5,200,2650
20231229,09:21:05,1.55,200,2650
20231229,09:22:03,1.5,50,2650
20231229,09:23:34,1.5,50,2650
20231229,09:23:47,1.55,250,2650
20231229,09:24:41,1.45,150,2650
20231229,09:25:17,1.45,150,2650
20231229,09:26:35,1.45,100,2650
20231229,09:26:48,1.5,150,2900
20231229,09:27:02,1.5,200,2900
20231229,09:28:35,1.5,150,2900
20231229,09:29:16,1.45,150,2300
20231229,09:29:25,1.5,150,2300
20231229,09:29:55,1.45,50,2300
20231229,09:31:02,1.45,250,2300
20231229,09:32:07,1.45,100,2300
20231229,09:32:12,1.45,250,2350
20231229,09:32:40,1.45,800,2350
20231229,09:32:42,1.4,50,2350
20231229,09:33:01,1.4,250,2350
20231229,09:40:13,1.4,200,2350
20231229,09:43:06,1.25,1000,3150
20231229,09:43:43,1.25,500,2950
20231229,09:44:02,1.25,900,2950
20231229,09:44:07,1.25,50,2950
20231229,09:44:15,1.25,150,2950
20231229,09:44:30,1.25,500,4450
20231229,09:44:30,1.25,900,4450
20231229,09:44:36,1.25,100,4450
20231229,09:45:02,1.25,400,4450
20231229,09:45:12,1.25,600,4450
20231229,09:45:17,1.15,300,4450
20231229,09:45:18,1.15,150,4450
20231229,09:45:26,1.15,300,4450
20231229,09:47:14,1.15,500,4450
20231229,09:48:08,1.15,100,6750
20231229,09:48:19,1.15,250,6750
20231229,09:48:26,1.15,650,6750
20231229,09:48:34,1.1,50,6750
20231229,09:48:57,1.1,500,6750
20231229,09:49:02,1.1,100,6750
20231229,09:52:00,1.15,250,6750
20231229,09:52:56,1.1,1000,6850
20231229,09:53:13,1.2,50,7850
20231229,09:54:08,1.15,50,7850
20231229,09:55:49,1.15,50,7850
20231229,09:56:33,1.1,1200,7850
20231229,09:56:40,1.1,250,7900
20231229,09:59:56,1.15,300,7900
20231229,10:03:27,1.1,150,9050
20231229,10:03:31,1.1,100,9050
20231229,10:05:37,1.1,750,9050
20231229,10:06:19,1.1,600,8950
20231229,10:07:45,1.15,100,8950
20231229,10:07:59,1.05,200,8950
20231229,10:08:59,1.05,50,8900
20231229,10:09:00,1.05,50,8900
20231229,10:10:04,1.05,250,8900
20231229,10:13:45,1.1,50,8900
20231229,10:13:59,1.1,450,8900
20231229,10:20:10,1.2,300,8950
20231229,10:23:27,1.15,50,9150
20231229,10:23:51,1.1,1700,9150
20231229,10:23:55,1.1,50,9150
20231229,10:24:07,1.1,250,9150
20231229,10:24:13,1.1,50,9150
20231229,10:24:23,1.1,600,9150
20231229,10:24:26,1.1,50,9150
20231229,10:24:45,1.1,50,9150
20231229,10:25:34,1.1,250,9150
20231229,10:25:43,1.1,1350,9150
20231229,10:25:47,1.1,800,9150
20231229,10:25:58,1.15,50,9150
20231229,10:26:42,1.2,250,9150
20231229,10:29:47,1.25,50,9400
20231229,10:31:09,1.25,150,9400
20231229,10:31:11,1.2,200,9400
20231229,10:31:13,1.15,50,9400
20231229,10:32:47,1.2,200,9400
20231229,10:32:56,1.25,350,9450
20231229,10:33:03,1.25,650,9450
20231229,10:33:04,1.3,300,9450
20231229,10:33:19,1.25,100,9450
20231229,10:33:41,1.25,50,9450
20231229,10:34:10,1.25,250,9450
20231229,10:35:04,1.25,100,9450
20231229,10:36:51,1.25,50,9450
20231229,10:36:54,1.25,250,10700
20231229,10:36:55,1.25,300,10700
20231229,10:37:48,1.25,50,10700
20231229,10:37:54,1.25,800,10700
20231229,10:37:55,1.2,350,10700
20231229,10:37:59,1.25,50,10700
20231229,10:38:40,1.25,250,10700
20231229,10:39:56,1.25,2150,10700
20231229,10:39:57,1.25,800,10700
20231229,10:40:06,1.3,950,10700
20231229,10:40:07,1.3,50,10700
20231229,10:42:03,1.3,200,12250
20231229,10:42:04,1.3,200,12250
20231229,10:42:07,1.3,100,12250
20231229,10:42:13,1.3,1350,12250
20231229,10:44:22,1.35,2150,12250
20231229,10:44:26,1.45,1800,13600
20231229,10:46:26,1.35,50,13600
20231229,10:47:09,1.35,50,13600
20231229,10:47:41,1.35,300,13600
20231229,10:51:08,1.25,50,16200
20231229,10:53:53,1.25,50,16200
20231229,10:54:02,1.25,50,16200
20231229,11:02:48,1.25,250,16200
20231229,11:03:19,1.25,50,16200
20231229,11:03:20,1.25,50,16200
20231229,11:03:45,1.25,400,16200
20231229,11:21:12,0.95,150,16850
20231229,11:29:37,0.95,50,16850
20231229,11:39:48,1.3,200,16850
20231229,11:39:50,1.2,50,16850
20231229,11:40:04,1.2,50,16850
20231229,11:50:59,1.2,1150,16850
20231229,11:51:02,1.2,250,16850
20231229,12:03:33,1.2,150,18000
20231229,12:05:12,1.25,650,18000
20231229,12:09:38,1.2,50,18300
20231229,12:15:28,1.25,1750,18300
20231229,12:19:11,1.3,1000,19800
20231229,12:23:03,1.3,500,19800
20231229,12:23:04,1.25,100,19800
20231229,12:24:00,1.3,600,19800
20231229,12:24:10,1.3,600,19350
20231229,12:25:59,1.3,50,19350
20231229,12:26:14,1.3,50,19350
20231229,12:26:48,1.3,50,18150
20231229,12:27:02,1.3,100,18150
20231229,12:27:43,1.3,50,18150
20231229,12:28:55,1.25,250,18150
20231229,12:30:28,1.2,50,18150
20231229,12:49:24,1.2,1200,18350
20231229,12:58:59,1.2,150,18600
20231229,13:05:42,1.15,50,18600
20231229,13:09:17,1.15,200,18600
20231229,13:16:50,1.2,400,18550
20231229,13:32:30,1.15,50,17950
20231229,13:35:13,1.2,50,17950
20231229,13:50:03,1.2,250,17950
20231229,13:50:09,1.2,50,17950
20231229,13:51:08,1.25,50,17950
20231229,13:51:17,1.25,50,17950
20231229,13:52:23,1.25,1550,17950
20231229,13:52:24,1.3,450,17950
20231229,13:52:40,1.35,1250,17950
20231229,13:52:43,1.3,50,17950
20231229,13:53:09,1.35,1850,17950
20231229,13:53:34,1.35,750,17950
20231229,13:53:52,1.35,1450,15550
20231229,13:53:53,1.4,1850,15550
20231229,13:53:57,1.35,100,15550
20231229,13:54:14,1.4,650,15550
20231229,13:54:42,1.45,100,15550
20231229,13:54:43,1.4,50,15550
20231229,13:55:19,1.35,500,15550
20231229,13:55:33,1.4,50,15550
20231229,13:56:11,1.4,750,15550
20231229,13:56:33,1.4,100,15550
20231229,13:56:53,1.45,300,15550
20231229,14:01:02,1.45,50,15750
20231229,14:01:04,1.4,50,16050
20231229,14:03:10,1.35,400,16050
20231229,14:03:57,1.35,50,16150
20231229,14:04:10,1.55,1700,16150
20231229,14:04:12,1.6,300,16150
20231229,14:04:15,1.75,250,16150
20231229,14:04:18,1.4,100,16150
20231229,14:04:20,1.4,400,16150
20231229,14:04:22,1.4,300,16150
20231229,14:05:57,1.45,50,17550
20231229,14:06:06,1.45,350,17550
20231229,14:06:15,1.4,50,17550
20231229,14:07:42,1.35,100,17550
20231229,14:14:38,1.3,1300,18000
20231229,14:14:50,1.35,50,18550
20231229,14:15:28,1.35,50,18550
20231229,14:15:31,1.35,200,18550
20231229,14:16:30,1.35,100,18550
20231229,14:18:08,1.3,100,18650
20231229,14:18:08,1.3,50,18650
20231229,14:18:09,1.3,50,18650
20231229,14:18:11,1.3,50,18650
20231229,14:26:08,1.25,150,18650
20231229,14:32:09,1.2,1900,18750
20231229,14:49:46,1.1,250,18750
20231229,14:55:08,1.15,100,17300
20231229,15:00:25,1.15,250,17300
20231229,15:00:52,1.2,300,17300
20231229,15:00:53,1.2,500,17300
20231229,15:01:15,1.2,50,17300
20231229,15:02:06,1.2,50,17300
20231229,15:02:15,1.2,250,17300
20231229,15:02:21,1.2,250,17300
20231229,15:02:29,1.2,250,17300
20231229,15:02:30,1.25,100,17300
20231229,15:04:43,1.25,700,17100
20231229,15:04:45,1.3,250,17100
20231229,15:04:48,1.25,100,17100
20231229,15:04:50,1.25,50,17100
20231229,15:05:07,1.3,900,17100
20231229,15:05:09,1.35,1800,17100
20231229,15:05:27,1.35,600,17100
20231229,15:05:29,1.35,100,17100
20231229,15:05:31,1.35,50,17100
20231229,15:05:45,1.35,50,17100
20231229,15:11:48,1.3,750,17100
20231229,15:13:20,1.3,250,19050
20231229,15:17:55,1.3,700,19400
20231229,15:18:59,1.25,100,19800
20231229,15:21:37,1.25,50,19700
20231229,15:24:01,1.05,900,19700
20231229,15:24:02,1.25,100,19650
20231229,15:24:04,1.25,50,19650
20231229,15:24:07,1.25,50,19650
20231229,15:24:14,1.25,50,19650
20231229,15:25:05,1.2,100,19650
20231229,15:25:07,1.2,100,19650
20231229,15:25:52,1.2,100,19650
20231229,15:28:23,1.25,50,19650
20231229,15:29:08,1.25,350,18800
20231229,15:29:32,1.2,550,18800
20240101,09:15:05,1.25,1,17950
20240101,09:15:05,1.25,250,17950
20240101,09:15:10,1.25,50,17950
20240101,09:15:11,1.25,150,17950
20240101,09:16:17,1.6,350,17950
20240101,09:17:20,1.25,50,18650
20240101,09:17:23,1.15,50,18650
20240101,09:17:28,1.15,50,18650
20240101,09:17:31,1.15,500,18650
20240101,09:17:31,1.15,300,18650
20240101,09:17:32,1.15,50,18650
20240101,09:17:38,1.2,50,18650
20240101,09:18:11,1.15,600,18650
20240101,09:18:35,1.15,350,18650
20240101,09:19:06,1.2,150,18650
20240101,09:19:14,1.15,50,18650
20240101,09:19:29,1.2,50,18650
20240101,09:20:22,1.1,50,19100
20240101,09:22:47,1.1,50,19100
20240101,09:22:50,1.2,50,19100
20240101,09:23:11,1.2,50,19100
20240101,09:23:24,1.1,150,19200
20240101,09:27:43,1.1,500,19050
20240101,09:27:54,1.1,50,19050
20240101,09:31:12,1.2,50,19050
20240101,09:38:09,1.05,50,19600
20240101,09:41:23,1.05,100,19600
20240101,09:43:00,1.1,50,19600
20240101,09:43:11,1.1,150,19600
20240101,09:45:35,1.05,50,19600
20240101,09:50:49,1.15,50,19600
20240101,09:51:21,1.15,50,19550
20240101,09:51:26,1.15,50,19550
20240101,09:51:27,1.15,150,19550
20240101,09:52:36,1.1,800,19550
20240101,09:52:39,1.15,50,19550
20240101,09:52:56,1.2,50,19550
20240101,09:54:36,1.2,2200,19350
20240101,09:54:36,1.2,550,19350
20240101,09:54:40,1.15,250,19350
20240101,09:55:04,1.25,100,19350
20240101,09:55:05,1.25,50,19350
20240101,09:55:08,1.25,100,19350
20240101,09:55:10,1.4,1100,19350
20240101,09:55:12,1.4,3700,19350
20240101,09:55:13,1.45,1450,19350
20240101,09:55:14,1.45,100,19350
20240101,09:55:24,1.4,200,19350
20240101,09:55:59,1.35,300,19350
20240101,09:56:16,1.45,50,19350
20240101,09:56:31,1.3,150,25950
20240101,09:56:45,1.35,1200,25950
20240101,09:56:46,1.4,3000,25950
20240101,09:56:47,1.4,150,25950
20240101,09:56:50,1.55,400,25950
20240101,09:57:25,1.55,700,25950
20240101,09:57:26,1.55,1950,25950
20240101,09:57:30,1.45,100,25950
20240101,09:57:36,1.5,50,25950
20240101,09:57:48,1.5,50,25950
20240101,09:57:50,1.45,300,25950
20240101,09:58:05,1.4,100,25950
20240101,09:58:06,1.5,1050,25950
20240101,09:59:50,1.35,3000,32650
20240101,09:59:59,1.45,1800,32650
20240101,10:00:39,1.35,1000,32650
20240101,10:00:43,1.35,1050,32650
20240101,10:01:25,1.35,200,32650
20240101,10:03:22,1.35,50,35050
20240101,10:03:23,1.3,50,35050
20240101,10:03:24,1.3,50,35050
20240101,10:03:52,1.3,50,35050
20240101,10:06:34,1.3,300,35050
20240101,10:07:18,1.3,700,34900
20240101,10:07:20,1.3,100,34900
20240101,10:07:53,1.35,50,34900
20240101,10:10:30,1.25,50,34900
20240101,10:11:41,1.25,50,35350
20240101,10:12:03,1.3,50,35350
20240101,10:12:08,1.25,50,35350
20240101,10:20:06,1.15,2300,35350
20240101,10:20:07,1.25,200,35350
20240101,10:20:17,1.25,100,35350
20240101,10:24:31,1.15,650,33300
20240101,10:25:02,1.15,50,33300
20240101,10:26:45,1.1,50,32850
20240101,10:27:04,1.15,100,32850
20240101,10:27:07,1.15,50,32850
20240101,10:28:12,1.1,50,32850
20240101,10:33:38,1.15,50,32750
20240101,10:38:15,1.15,50,32700
20240101,10:38:37,1.15,50,32750
20240101,10:40:54,1.15,500,32750
20240101,10:41:01,1.2,100,32750
20240101,10:42:12,1.2,50,32250
20240101,10:44:04,1.15,50,32250
20240101,10:47:07,1.2,100,32250
20240101,10:51:20,1.2,200,32250
20240101,10:51:21,1.2,200,32150
20240101,10:55:34,1.2,200,32150
20240101,11:04:33,1.2,250,31900
20240101,11:04:35,1.2,50,31900
20240101,11:04:41,1.2,300,31900
20240101,11:05:10,1.15,50,31900
20240101,11:09:23,1.2,50,31900
20240101,11:10:27,1.2,50,31900
20240101,11:16:37,1.2,50,31950
20240101,11:17:06,1.2,150,31950
20240101,11:18:41,1.25,100,31950
20240101,11:21:12,1.2,50,32050
20240101,11:21:38,1.15,600,32100
20240101,11:21:38,1.15,350,32100
20240101,11:22:13,1.15,50,32100
20240101,11:22:53,1.15,50,32100
20240101,11:24:07,1.1,250,32100
20240101,11:24:49,1.1,250,32950
20240101,11:25:02,1.15,300,32950
20240101,11:25:04,1.1,50,32950
20240101,12:01:46,1.05,200,33400
20240101,12:01:57,1.05,250,33400
20240101,12:02:55,1.1,100,33750
20240101,12:10:26,1.1,50,33700
20240101,12:10:27,1.1,800,33700
20240101,12:10:28,1.15,1700,33700
20240101,12:10:30,1.35,8200,33700
20240101,12:10:31,1.0,20200,33700
20240101,12:10:32,0.8,9300,33700
20240101,12:10:33,1.45,2600,33700
20240101,12:10:34,1.15,50,33700
20240101,12:10:59,1.15,100,33700
20240101,12:11:02,1.15,1800,33700
20240101,12:11:03,1.15,550,33700
20240101,12:11:04,1.2,1500,33700
20240101,12:11:04,1.3,1650,33700
20240101,12:11:05,1.15,13900,33700
20240101,12:11:06,1.1,5750,33700
20240101,12:11:08,1.1,3100,33700
20240101,12:11:10,1.2,650,33700
20240101,12:11:11,1.15,9450,33700
20240101,12:11:12,1.15,6050,33700
20240101,12:11:13,1.15,6950,33700
20240101,12:11:15,1.15,1550,33700
20240101,12:11:15,1.2,250,33700
20240101,12:11:18,1.15,950,33700
20240101,12:11:22,1.15,50,33700
20240101,12:11:24,1.15,2200,33700
20240101,12:11:25,1.15,1250,33700
20240101,12:11:25,1.15,5100,33700
20240101,12:11:26,1.15,450,33700
20240101,12:11:28,1.2,3450,33700
20240101,12:11:32,1.2,400,33700
20240101,12:12:07,1.15,1400,35150
20240101,12:12:09,1.2,3900,35150
20240101,12:12:10,1.2,950,35150
20240101,12:12:11,1.3,3050,35150
20240101,12:12:12,1.2,350,35150
20240101,12:12:13,1.25,200,35150
20240101,12:12:15,1.25,200,35150
20240101,12:12:16,1.3,2750,35150
20240101,12:12:17,1.3,5050,35150
20240101,12:12:18,1.3,3200,35150
20240101,12:12:19,1.25,1750,35150
20240101,12:12:20,1.4,1800,35150
20240101,12:12:21,1.25,2250,35150
20240101,12:12:23,1.3,300,35150
20240101,12:12:24,1.3,300,35150
20240101,12:12:45,1.35,700,35150
20240101,12:12:46,1.25,400,35150
20240101,12:12:50,1.3,50,35150
20240101,12:13:10,1.3,750,35150
20240101,12:13:45,1.3,300,35150
20240101,12:13:59,1.3,50,35150
20240101,12:14:08,1.3,250,35150
20240101,12:14:16,1.35,1450,35150
20240101,12:14:17,1.4,1800,35150
20240101,12:14:28,1.4,50,35150
20240101,12:14:30,1.35,650,35150
20240101,12:14:32,1.35,2900,35150
20240101,12:14:32,1.4,250,35150
20240101,12:14:39,1.35,650,35150
20240101,12:14:39,1.35,50,35150
20240101,12:15:09,1.35,600,35150
20240101,12:15:09,1.35,200,42350
20240101,12:15:23,1.4,1550,42350
20240101,12:15:49,1.35,100,42350
20240101,12:16:00,1.4,50,42350
20240101,12:16:08,1.2,4250,42350
20240101,12:16:08,1.35,350,42350
20240101,12:16:09,1.4,1200,42350
20240101,12:16:12,1.35,3900,42350
20240101,12:16:13,1.25,2000,42350
20240101,12:16:15,1.4,1300,42350
20240101,12:16:15,1.4,850,42350
20240101,12:16:19,1.35,150,42350
20240101,12:17:26,1.35,1000,42350
20240101,12:18:40,1.25,100,42350
20240101,12:19:06,1.25,150,44800
20240101,12:20:08,1.2,300,44800
20240101,12:20:13,1.2,50,44800
20240101,12:20:16,1.2,300,44800
20240101,12:20:17,1.2,50,44800
20240101,12:21:31,1.2,50,44800
20240101,12:22:28,1.2,450,44750
20240101,12:22:30,1.2,50,44750
20240101,12:22:33,1.2,50,44750
20240101,12:22:35,1.2,200,44750
20240101,12:22:38,1.2,50,44750
20240101,12:22:40,1.2,200,44750
20240101,12:22:43,1.2,50,44750
20240101,12:24:48,1.2,50,44750
20240101,12:29:14,1.15,100,44750
20240101,12:29:24,1.15,50,44750
20240101,12:30:15,1.15,1550,44750
20240101,12:42:56,1.1,50,43400
20240101,12:52:38,1.2,750,43400
20240101,12:53:20,1.15,50,43400
20240101,12:53:57,1.15,50,43000
20240101,12:54:47,1.2,200,43000
20240101,12:54:47,1.2,50,43000
20240101,13:02:52,1.1,600,43200
20240101,13:13:27,1.15,50,42700
20240101,13:17:43,1.15,250,42700
20240101,13:18:39,1.15,50,42700
20240101,13:19:47,1.15,50,42800
20240101,13:36:10,1.15,50,42750
20240101,13:58:27,1.25,250,42750
20240101,13:58:28,1.25,50,42700
20240101,13:59:07,1.3,550,42700
20240101,13:59:16,1.35,100,42700
20240101,13:59:25,1.35,1300,42700
20240101,13:59:27,1.4,100,42700
20240101,14:00:07,1.35,100,42700
20240101,14:00:20,1.4,1350,43500
20240101,14:00:21,1.45,1300,43500
20240101,14:00:23,1.5,50,43500
20240101,14:00:27,1.45,1300,43500
20240101,14:00:32,1.45,100,43500
20240101,14:00:39,1.4,250,43500
20240101,14:00:46,1.45,450,43500
20240101,14:00:51,1.4,250,43500
20240101,14:00:54,1.45,50,43500
20240101,14:01:00,1.45,700,43500
20240101,14:01:01,1.4,350,43500
20240101,14:01:37,1.4,150,43500
20240101,14:01:37,1.4,2300,43500
20240101,14:01:41,1.4,150,43500
20240101,14:01:51,1.45,250,43500
20240101,14:01:55,1.4,100,43500
20240101,14:02:08,1.45,1200,43500
20240101,14:02:12,1.4,300,43500
20240101,14:02:17,1.45,200,43500
20240101,14:02:27,1.35,4750,43500
20240101,14:02:29,1.4,400,43500
20240101,14:02:38,1.4,400,43500
20240101,14:04:17,1.5,150,54000
20240101,14:04:18,1.5,50,54000
20240101,14:04:22,1.5,50,54000
20240101,14:04:38,1.55,50,54000
20240101,14:04:55,1.6,300,54000
20240101,14:05:09,1.55,200,54000
20240101,14:05:15,1.6,400,54000
20240101,14:05:24,1.65,200,54000
20240101,14:05:26,1.65,50,54000
20240101,14:05:32,1.65,50,54000
20240101,14:06:05,1.65,400,54000
20240101,14:06:12,1.55,400,54300
20240101,14:08:58,1.65,1150,54400
20240101,14:09:13,1.55,250,54400
20240101,14:09:19,1.65,500,54400
20240101,14:09:20,1.65,550,54400
20240101,14:10:20,1.55,300,54400
20240101,14:10:23,1.5,300,54400
20240101,14:10:27,1.5,100,54400
20240101,14:11:29,1.6,500,54400
20240101,14:11:30,1.65,400,54400
20240101,14:12:19,1.55,500,57200
20240101,14:13:28,1.65,400,57200
20240101,14:13:42,1.7,50,57200
20240101,14:13:56,1.7,50,57200
20240101,14:13:58,1.7,150,57200
20240101,14:14:06,1.7,150,57200
20240101,14:14:07,1.7,50,57200
20240101,14:14:22,1.65,50,57200
20240101,14:14:27,1.7,750,57200
20240101,14:14:34,1.7,250,57200
20240101,14:14:53,1.8,1450,57200
20240101,14:15:16,1.8,650,57200
20240101,14:15:39,1.8,200,60150
20240101,14:17:28,1.7,200,60150
20240101,14:17:30,1.8,650,60150
20240101,14:17:32,1.7,200,60150
20240101,14:17:34,1.7,100,60150
20240101,14:17:57,1.85,1050,60150
20240101,14:18:05,1.9,850,62450
20240101,14:18:05,1.9,300,62450
20240101,14:18:12,1.9,500,62450
20240101,14:18:14,1.85,200,62450
20240101,14:18:17,1.9,300,62450
20240101,14:18:20,1.9,250,62450
20240101,14:18:20,1.95,1000,62450
20240101,14:18:26,1.85,50,62450
20240101,14:18:27,1.85,50,62450
20240101,14:18:30,1.85,500,62450
20240101,14:18:31,1.9,500,62450
20240101,14:18:34,1.8,200,62450
20240101,14:18:35,1.8,200,62450
20240101,14:18:40,1.9,450,62450
20240101,14:18:44,1.9,200,62450
20240101,14:18:48,1.95,1100,62450
20240101,14:18:49,1.85,300,62450
20240101,14:18:51,1.95,1550,62450
20240101,14:18:52,1.95,750,62450
20240101,14:18:53,1.95,1600,62450
20240101,14:18:55,1.95,1000,62450
20240101,14:19:00,1.9,50,62450
20240101,14:19:01,1.9,50,62450
20240101,14:19:03,1.95,550,62450
20240101,14:19:04,2.0,1850,62450
20240101,14:19:13,2.0,2350,62450
20240101,14:19:32,1.85,550,62450
20240101,14:19:38,1.8,450,62450
20240101,14:19:39,1.8,50,62450
20240101,14:20:18,1.8,50,62450
20240101,14:20:19,1.75,850,62450
20240101,14:20:21,1.8,1450,62450
20240101,14:20:23,1.8,1850,62450
20240101,14:20:24,1.8,400,62450
20240101,14:21:02,1.75,500,62450
20240101,14:21:51,1.75,100,73400
20240101,14:22:28,1.75,600,73400
20240101,14:22:36,1.7,100,73400
20240101,14:22:55,1.7,100,73400
20240101,14:31:26,1.75,700,73400
20240101,14:39:03,1.6,400,72900
20240101,14:39:09,1.4,1000,72900
20240101,14:39:09,1.6,100,72900
20240101,14:39:38,1.55,1800,72900
20240101,14:39:46,1.6,2350,72900
20240101,14:41:04,1.65,250,72900
20240101,14:41:13,1.6,2000,72900
20240101,14:41:15,1.6,300,72900
20240101,14:41:16,1.6,50,72900
20240101,14:42:49,1.65,250,69900
20240101,14:42:49,1.7,1800,69900
20240101,14:43:01,1.7,50,69900
20240101,14:43:06,1.7,50,69900
20240101,14:43:09,1.75,300,69900
20240101,14:43:23,1.75,850,69900
20240101,14:43:27,1.75,100,69900
20240101,14:43:50,1.8,1400,69900
20240101,14:43:53,1.85,2000,69900
20240101,14:43:55,1.75,150,69900
20240101,14:43:56,1.8,800,69900
20240101,14:44:02,1.85,1450,69900
20240101,14:44:02,1.8,50,69900
20240101,14:44:06,1.9,2000,69900
20240101,14:44:07,1.85,800,69900
20240101,14:44:10,1.9,950,69900
20240101,14:44:12,1.8,150,69900
20240101,14:44:24,1.8,350,69900
20240101,14:44:40,1.9,2050,69900
20240101,14:44:41,1.9,900,69900
20240101,14:44:44,1.8,800,69900
20240101,14:44:57,1.95,3650,69900
20240101,14:45:39,1.9,1650,84300
20240101,14:46:13,1.9,50,84300
20240101,14:46:26,1.9,50,84300
20240101,14:46:28,1.9,50,84300
20240101,14:46:30,1.9,50,84300
20240101,14:46:31,1.9,50,84300
20240101,14:46:56,1.85,600,84300
20240101,14:46:58,1.9,50,84300
20240101,14:46:59,1.9,50,84300
20240101,14:47:11,1.9,100,84300
20240101,14:47:13,1.85,200,84300
20240101,14:47:50,1.85,100,84300
20240101,14:47:55,1.8,400,84300
20240101,14:47:56,1.75,600,84300
20240101,14:47:58,1.8,100,84300
20240101,14:48:03,1.75,1000,86500
20240101,14:48:18,1.75,450,86500
20240101,14:48:19,1.75,50,86500
20240101,14:48:20,1.75,50,86500
20240101,14:49:12,1.8,250,86500
20240101,14:49:13,1.8,100,86500
20240101,14:49:46,1.8,400,86500
20240101,14:50:39,1.8,50,86500
20240101,14:51:37,1.8,400,86500
20240101,14:51:54,1.8,200,86000
20240101,14:54:50,1.8,400,86000
20240101,14:55:05,1.8,250,86350
20240101,14:55:11,1.8,250,86350
20240101,14:55:14,1.8,250,86350
20240101,14:56:41,1.75,1000,86350
20240101,14:57:54,1.7,50,86350
20240101,15:01:43,1.7,250,86100
20240101,15:01:47,1.65,250,86100
20240101,15:01:50,1.7,250,86100
20240101,15:01:57,1.65,100,86100
20240101,15:02:44,1.65,50,86100
20240101,15:04:26,1.65,50,85800
20240101,15:04:30,1.65,50,85800
20240101,15:05:02,1.65,250,85800
20240101,15:08:02,1.6,50,85600
20240101,15:11:17,1.55,600,85600
20240101,15:12:00,1.55,50,85600
20240101,15:17:10,1.55,50,86200
20240101,15:22:38,1.4,250,86250
20240101,15:22:44,1.7,1000,86250
20240101,15:24:29,1.25,1000,86300
20240101,15:25:07,1.25,100,86300
20240101,15:25:10,1.2,100,86300
20240101,15:25:12,1.25,50,86300
20240101,15:25:51,1.25,50,86300
20240101,15:28:16,1.3,100,86300
20240101,15:28:18,1.35,250,85800
20240101,15:29:57,1.5,50,85800
20240102,09:15:02,1.5,1,85500
20240102,09:15:02,1.5,50,85500
20240102,09:15:03,1.55,50,85500
20240102,09:16:48,1.55,50,85500
20240102,09:17:05,1.15,100,85500
20240102,09:17:15,1.15,100,85500
20240102,09:17:47,1.15,50,85800
20240102,09:20:07,1.45,900,85800
20240102,09:20:17,1.2,400,85800
20240102,09:24:08,1.15,250,86550
20240102,09:24:10,1.15,100,86550
20240102,09:25:04,1.1,700,86550
20240102,09:25:10,1.05,1600,86550
20240102,09:25:58,1.05,250,86550
20240102,09:27:10,1.0,3450,86550
20240102,09:27:13,1.1,100,84250
20240102,09:28:25,1.05,2150,84250
20240102,09:28:26,1.05,850,84250
20240102,09:31:14,1.2,500,81750
20240102,09:31:43,1.1,1100,81750
20240102,09:31:43,1.0,1300,81750
20240102,09:31:44,1.0,950,81750
20240102,09:32:01,1.1,300,81750
20240102,09:32:23,1.1,200,81750
20240102,09:32:34,1.1,500,80900
20240102,09:41:45,1.1,50,80900
20240102,09:43:10,1.1,200,80300
20240102,09:44:15,1.15,200,80300
20240102,09:44:16,1.0,200,80300
20240102,09:44:34,1.05,300,80300
20240102,09:46:39,1.15,50,80300
20240102,09:57:04,1.0,250,80350
20240102,09:57:14,1.0,50,80350
20240102,10:00:35,0.9,250,80150
20240102,10:00:40,0.9,50,80150
20240102,10:01:42,0.9,100,80150
20240102,10:08:28,0.9,50,80150
20240102,10:28:17,0.9,200,80100
20240102,10:28:29,0.9,100,80100
20240102,10:30:22,0.9,1700,80400
20240102,10:30:23,0.9,50,80400
20240102,10:30:48,0.85,500,80400
20240102,10:31:36,0.85,100,80400
20240102,10:32:22,0.85,200,80400
20240102,10:32:29,0.85,1150,80400
20240102,10:32:40,0.85,200,84050
20240102,10:36:38,0.85,50,84050
20240102,10:36:41,0.85,200,82700
20240102,10:36:54,0.85,50,82700
20240102,10:40:27,1.0,250,82800
20240102,10:42:37,0.85,500,82800
20240102,10:51:59,0.8,250,82800
20240102,10:54:48,0.75,50,82550
20240102,10:56:37,0.75,1000,82550
20240102,11:02:05,0.9,200,82550
20240102,11:04:15,0.9,1200,82800
20240102,11:07:36,0.95,50,83000
20240102,11:10:53,0.95,50,81750
20240102,11:11:47,0.95,50,81700
20240102,11:11:51,0.95,250,81700
20240102,11:12:12,0.95,250,81700
20240102,11:12:39,1.0,1850,81700
20240102,11:12:46,0.95,50,81700
20240102,11:13:06,1.0,500,81700
20240102,11:13:07,1.0,200,81700
20240102,11:13:25,1.0,50,81700
20240102,11:13:50,1.0,50,81700
20240102,11:16:49,1.05,150,83350
20240102,11:23:59,0.95,2450,83250
20240102,11:23:59,1.0,300,83250
20240102,11:26:06,0.95,50,83250
20240102,11:30:02,0.95,200,83250
20240102,11:40:33,0.9,200,82300
20240102,11:40:34,0.95,950,82300
20240102,11:42:30,1.05,900,81750
20240102,11:52:15,0.9,50,81950
20240102,11:58:58,0.9,800,81950
20240102,11:59:46,0.85,200,81950
20240102,12:02:14,0.9,500,81450
20240102,12:03:23,0.85,100,81450
20240102,12:20:44,0.95,150,81400
20240102,12:32:59,0.85,50,81400
20240102,13:14:47,0.95,50,81400
20240102,13:16:49,0.85,50,81450
20240102,13:20:17,0.85,50,81450
20240102,13:20:51,0.85,50,81450
20240102,14:00:45,0.85,50,81450
20240102,14:17:39,1.0,1100,81550
20240102,14:18:16,1.05,400,82550
20240102,14:18:19,1.05,100,82550
20240102,14:18:52,1.1,50,82550
20240102,14:18:58,1.1,250,82550
20240102,14:19:55,1.15,950,82550
20240102,14:20:10,1.15,450,82550
20240102,14:20:20,1.15,750,82550
20240102,14:24:38,1.1,400,82550
20240102,14:24:40,1.05,200,84450
20240102,14:24:46,1.0,400,84450
20240102,14:27:52,1.1,150,84450
20240102,14:27:56,1.1,50,84550
20240102,14:32:38,1.0,100,84550
20240102,14:33:19,1.1,50,84550
20240102,14:33:24,1.2,2050,84550
20240102,14:33:25,1.15,2050,84550
20240102,14:33:28,1.2,200,84550
20240102,14:33:29,1.2,50,84550
20240102,14:33:39,1.15,250,84550
20240102,14:33:53,1.15,2200,84550
20240102,14:33:54,1.15,750,84550
20240102,14:34:04,1.15,200,84550
20240102,14:34:05,1.15,900,84550
20240102,14:34:11,1.15,200,84550
20240102,14:34:25,1.15,650,84550
20240102,14:35:30,1.15,100,84550
20240102,14:35:42,1.15,50,84550
20240102,14:35:59,1.15,250,84550
20240102,14:36:58,1.2,1750,84550
20240102,14:37:32,1.2,2400,88000
20240102,14:37:33,1.25,400,88000
20240102,14:38:14,1.3,550,88000
20240102,14:39:25,1.15,1000,88000
20240102,14:39:27,1.3,150,91300
20240102,14:39:57,1.35,1300,91300
20240102,14:40:07,1.4,1000,91300
20240102,14:40:32,1.45,50,91300
20240102,14:40:34,1.45,150,91300
20240102,14:41:39,1.35,400,91300
20240102,14:42:11,1.3,300,92900
20240102,14:43:27,1.35,200,92900
20240102,14:43:29,1.35,100,92900
20240102,14:44:26,1.3,100,92900
20240102,14:44:33,1.2,700,92900
20240102,14:44:46,1.35,750,92900
20240102,14:44:47,1.25,100,92900
20240102,14:44:52,1.2,100,92900
20240102,14:47:20,1.25,100,94500
20240102,14:51:25,1.2,100,94500
20240102,14:51:28,1.25,50,94550
20240102,14:58:12,1.1,300,94550
20240102,15:04:33,1.15,150,94550
20240102,15:11:56,1.1,50,94800
20240102,15:12:53,1.2,200,94650
20240102,15:12:55,1.25,300,94650
20240102,15:12:56,1.45,450,94650
20240102,15:12:57,1.25,50,94650
20240102,15:13:01,1.25,100,94650
20240102,15:13:03,1.25,100,94650
20240102,15:13:07,1.25,100,94650
20240102,15:14:14,1.1,100,94650
20240102,15:14:43,1.1,100,94650
20240102,15:17:48,1.2,50,94400
20240102,15:19:20,1.2,150,94400
20240102,15:21:10,1.2,150,94400
20240102,15:21:11,1.1,50,94400
20240102,15:25:39,1.2,1850,94400
20240102,15:25:44,1.25,450,94400
20240102,15:25:45,1.25,100,94400
20240102,15:25:47,1.35,750,94400
20240102,15:25:48,1.3,550,94400
20240102,15:25:49,1.35,550,94400
20240102,15:25:52,1.2,100,94400
20240102,15:25:55,1.2,50,94400
20240102,15:26:19,1.1,1600,94400
20240102,15:26:21,1.15,100,94400
20240102,15:28:22,1.1,50,90750
20240102,15:28:29,1.1,150,90750
20240102,15:29:32,1.0,100,90750
20240102,15:29:48,0.75,1200,90750
20240103,09:15:01,0.8,1,89400
20240103,09:15:01,0.8,100,89400
20240103,09:17:36,1.05,300,89400
20240103,09:18:23,1.1,50,89300
20240103,09:19:02,1.1,50,89300
20240103,09:19:24,0.9,50,89300
20240103,09:20:24,1.15,50,89300
20240103,09:20:34,1.15,50,89300
20240103,09:20:46,1.15,500,89500
20240103,09:20:51,1.35,800,89500
20240103,09:21:02,1.35,550,89500
20240103,09:21:04,1.0,50,89500
20240103,09:21:15,1.1,50,89500
20240103,09:21:16,1.0,50,89500
20240103,09:21:18,1.1,50,89500
20240103,09:21:33,1.1,50,89500
20240103,09:25:03,1.1,50,90150
20240103,09:26:01,0.95,50,90150
20240103,09:26:42,1.1,200,90150
20240103,09:29:08,0.95,500,90150
20240103,09:29:18,0.9,800,90150
20240103,09:30:35,0.95,800,89950
20240103,09:30:37,1.05,100,89950
20240103,09:31:28,1.0,1650,89950
20240103,09:32:22,1.0,450,89950
20240103,09:34:29,0.9,250,92050
20240103,09:35:15,0.95,600,92050
20240103,09:35:16,0.95,1700,92050
20240103,09:35:31,1.0,1600,92050
20240103,09:35:32,0.95,650,94000
20240103,09:35:48,0.9,100,94000
20240103,09:35:53,0.9,50,94000
20240103,09:36:32,0.85,450,94000
20240103,09:36:40,0.85,50,94000
20240103,09:36:45,0.85,50,94000
20240103,09:36:56,0.85,50,94000
20240103,09:37:06,0.85,500,94000
20240103,09:37:18,0.85,300,94000
20240103,09:37:30,0.8,50,94000
20240103,09:37:39,0.9,350,94000
20240103,09:39:31,0.8,50,94000
20240103,09:39:34,0.8,150,95950
20240103,09:39:49,0.85,250,95950
20240103,09:40:03,0.8,100,95950
20240103,09:40:21,0.8,50,95950
20240103,09:40:48,0.8,100,95950
20240103,09:41:00,0.8,950,95950
20240103,09:41:35,0.7,3750,95950
20240103,09:41:36,0.7,200,95250
20240103,09:41:39,0.7,1650,95250
20240103,09:41:41,0.7,1950,95250
20240103,09:41:42,0.7,3800,95250
20240103,09:41:44,0.7,450,95250
20240103,09:41:45,0.7,950,95250
20240103,09:41:46,0.7,50,95250
20240103,09:42:03,0.7,1450,95250
20240103,09:42:08,0.7,300,95250
20240103,09:42:11,0.7,250,95250
20240103,09:42:17,0.65,8450,95250
20240103,09:42:18,0.6,1250,95250
20240103,09:42:22,0.7,850,95250
20240103,09:42:37,0.7,200,95250
20240103,09:43:59,0.65,150,95250
20240103,09:44:18,0.65,400,95250
20240103,09:45:16,0.6,100,95250
20240103,09:45:17,0.6,500,79350
20240103,09:45:58,0.55,1800,79350
20240103,09:45:58,0.55,50,79350
20240103,09:46:03,0.55,1800,79350
20240103,09:46:34,0.55,100,79350
20240103,09:48:15,0.55,500,75850
20240103,09:49:20,0.55,100,75850
20240103,09:49:48,0.6,600,75850
20240103,09:50:14,0.6,250,75850
20240103,09:53:55,0.55,100,75850
20240103,09:54:47,0.65,50,76000
20240103,09:55:02,0.65,100,76000
20240103,09:55:08,0.55,50,76000
20240103,09:55:09,0.65,500,76000
20240103,09:55:11,0.65,100,76000
20240103,09:55:16,0.65,350,76000
20240103,09:55:20,0.65,200,76000
20240103,09:55:29,0.65,50,76000
20240103,09:55:52,0.6,800,76000
20240103,09:56:20,0.7,1650,76000
20240103,09:56:29,0.7,2050,76000
20240103,09:56:30,0.75,4500,76000
20240103,09:56:34,0.7,150,76000
20240103,09:57:01,0.7,50,81350
20240103,09:57:20,0.65,100,81350
20240103,09:57:27,0.65,250,81350
20240103,09:57:45,0.7,950,81350
20240103,09:57:46,0.7,50,81350
20240103,09:58:02,0.75,500,81350
20240103,09:58:16,0.75,50,81350
20240103,09:58:18,0.75,450,81350
20240103,09:58:44,0.75,50,81350
20240103,09:58:48,0.75,250,81350
20240103,09:59:09,0.75,50,81350
20240103,09:59:28,0.65,300,81350
20240103,09:59:44,0.75,50,81350
20240103,09:59:50,0.65,50,82950
20240103,10:02:08,0.65,300,82950
20240103,10:03:59,0.75,50,82900
20240103,10:04:05,0.7,1450,82900
20240103,10:05:11,0.75,50,82900
20240103,10:06:08,0.75,50,84350
20240103,10:06:16,0.75,50,84350
20240103,10:06:34,0.7,250,84350
20240103,10:06:36,0.7,150,84350
20240103,10:07:00,0.5,2000,84350
20240103,10:07:03,0.7,100,84350
20240103,10:13:31,0.65,50,84000
20240103,10:13:42,0.65,450,84000
20240103,10:13:42,0.6,50,84000
20240103,10:17:01,0.6,50,84000
20240103,10:22:36,0.6,2250,84000
20240103,10:22:37,0.6,1300,84000
20240103,10:22:40,0.6,300,84000
20240103,10:22:55,0.6,250,84000
20240103,10:31:47,0.6,100,80850
20240103,10:32:19,0.6,50,80850
20240103,10:35:12,0.65,600,81000
20240103,10:35:13,0.75,8350,81000
20240103,10:35:13,0.75,1050,81000
20240103,10:35:15,0.75,150,81000
20240103,10:35:16,0.7,100,81000
20240103,10:35:17,0.8,1400,81000
20240103,10:35:18,0.75,100,81000
20240103,10:35:26,0.7,6250,81000
20240103,10:35:27,0.8,2150,81000
20240103,10:35:31,0.8,1850,81000
20240103,10:35:33,0.9,2900,81000
20240103,10:35:34,0.9,1350,81000
20240103,10:35:37,0.9,2200,81000
20240103,10:35:41,0.85,2050,81000
20240103,10:35:41,0.85,200,98600
20240103,10:35:43,0.85,3900,98600
20240103,10:35:44,0.85,6500,98600
20240103,10:35:47,0.9,1450,98600
20240103,10:36:02,0.85,300,98600
20240103,10:36:07,0.85,50,98600
20240103,10:36:11,0.9,1850,98600
20240103,10:36:14,0.85,400,98600
20240103,10:36:18,0.85,100,98600
20240103,10:36:52,0.85,250,98600
20240103,10:37:01,0.85,1000,98600
20240103,10:37:31,0.8,600,98600
20240103,10:38:29,0.8,300,98600
20240103,10:38:48,0.8,50,98600
20240103,10:38:55,0.75,250,108350
20240103,10:39:07,0.75,250,108350
20240103,10:39:40,0.75,500,108350
20240103,10:40:30,0.75,50,108350
20240103,10:40:37,0.75,400,108350
20240103,10:42:07,0.8,250,109050
20240103,10:42:51,0.75,500,109050
20240103,10:44:06,0.75,300,109050
20240103,10:46:25,0.65,2750,109050
20240103,10:46:26,0.55,8400,109300
20240103,10:47:38,0.6,50,109300
20240103,10:48:27,0.65,50,109300
20240103,10:52:07,0.6,2050,103650
20240103,10:52:16,0.65,50,103600
20240103,10:52:49,0.65,50,103600
20240103,10:53:42,0.6,50,101800
20240103,10:56:55,0.6,50,101800
20240103,11:20:09,0.65,100,101750
20240103,11:20:11,0.65,100,101750
20240103,11:20:14,0.65,850,101750
20240103,11:20:15,0.65,50,101750
20240103,11:21:06,0.75,1500,101750
20240103,11:21:11,0.7,300,100950
20240103,11:21:12,0.75,1650,100950
20240103,11:21:13,0.8,1900,100950
20240103,11:21:14,0.75,100,100950
20240103,11:21:16,0.75,100,100950
20240103,11:22:48,0.75,50,100950
20240103,11:23:06,0.8,1700,100950
20240103,11:25:45,0.85,50,100950
20240103,11:26:18,0.8,100,106250
20240103,11:32:48,0.7,1050,106250
20240103,11:32:49,0.7,200,106350
20240103,11:34:27,0.75,100,106350
20240103,11:43:32,0.65,150,105550
20240103,11:48:31,0.75,250,105650
20240103,11:50:14,0.75,100,105650
20240103,11:51:01,0.8,200,105650
20240103,11:51:28,0.85,850,105400
20240103,11:51:33,0.85,50,105400
20240103,11:51:34,0.9,1750,105400
20240103,11:52:13,0.9,100,105400
20240103,11:53:30,0.9,50,105400
20240103,11:54:23,0.55,1500,107300
20240103,11:55:30,0.85,150,107300
20240103,12:00:43,0.75,200,107300
20240103,12:00:46,0.75,100,106000
20240103,12:00:50,0.75,100,106000
20240103,12:00:55,0.8,200,106000
20240103,12:00:58,0.8,100,106000
20240103,12:01:06,0.8,100,106000
20240103,12:01:13,0.75,100,106000
20240103,12:01:16,0.75,100,106000
20240103,12:01:19,0.8,100,106000
20240103,12:03:42,0.75,450,106250
20240103,12:10:20,0.8,500,106250
20240103,12:11:10,0.75,300,106250
20240103,12:18:00,0.7,400,106250
20240103,12:21:59,0.7,400,106900
20240103,12:27:08,0.65,450,107100
20240103,12:28:09,0.55,1000,107100
20240103,12:28:23,0.6,200,107100
20240103,12:28:24,0.6,50,107100
20240103,12:28:33,0.55,300,107100
20240103,12:28:39,0.55,350,107100
20240103,12:28:40,0.55,300,107100
20240103,12:28:51,0.55,150,107100
20240103,12:29:05,0.55,200,107100
20240103,12:32:02,0.5,50,107100
20240103,12:47:30,0.6,300,105150
20240103,12:48:34,0.55,300,105150
20240103,12:48:35,0.55,100,105150
20240103,12:49:17,0.6,1700,105150
20240103,12:49:17,0.65,3000,105150
20240103,12:49:18,0.7,1900,105150
20240103,12:49:21,0.7,100,105150
20240103,12:49:38,0.75,2100,105150
20240103,12:49:39,0.7,450,105150
20240103,12:50:05,0.7,4450,105150
20240103,12:50:08,0.7,50,105150
20240103,12:50:46,0.7,1800,105150
20240103,12:50:47,0.7,50,105150
20240103,12:51:06,0.65,50,105150
20240103,12:54:25,0.7,500,114450
20240103,12:54:26,0.65,450,114450
20240103,12:54:30,0.65,1050,114450
20240103,12:54:33,0.7,350,114450
20240103,12:54:41,0.75,2650,114450
20240103,12:55:09,0.75,100,114450
20240103,12:55:25,0.75,200,114450
20240103,12:55:30,0.8,650,114450
20240103,12:55:37,0.8,3150,114450
20240103,12:55:51,0.75,500,114450
20240103,12:56:13,0.7,500,114450
20240103,12:56:17,0.8,1150,114450
20240103,12:56:40,0.85,1800,114450
20240103,12:56:40,0.8,2200,114450
20240103,12:56:41,0.85,650,114450
20240103,12:56:43,0.75,1400,114450
20240103,12:56:44,0.85,3150,114450
20240103,12:56:46,0.85,2500,114450
20240103,12:56:49,0.85,1450,114450
20240103,12:56:50,0.85,2450,114450
20240103,12:56:52,0.9,3850,114450
20240103,12:56:53,0.85,1800,114450
20240103,12:56:54,0.9,450,114450
20240103,12:56:56,0.9,900,114450
20240103,12:56:57,0.9,100,114450
20240103,12:57:00,0.9,3250,136050
20240103,12:57:01,0.9,450,136050
20240103,12:57:09,0.85,300,136050
20240103,12:57:18,0.85,300,136050
20240103,12:57:18,0.85,250,136050
20240103,12:57:44,0.85,250,136050
20240103,12:57:50,0.85,1000,136050
20240103,12:57:54,0.85,250,136050
20240103,12:57:57,0.85,300,136050
20240103,12:57:57,0.9,1600,136050
20240103,12:57:58,0.95,4250,136050
20240103,12:58:00,0.9,150,136050
20240103,12:58:32,0.8,500,136050
20240103,12:58:45,0.85,850,136050
20240103,12:59:10,0.85,250,136050
20240103,12:59:12,0.85,100,136050
20240103,12:59:29,0.85,450,136050
20240103,13:01:04,0.85,250,136050
20240103,13:01:05,0.85,200,144100
20240103,13:01:17,0.85,50,144100
20240103,13:01:32,0.9,600,144100
20240103,13:02:07,0.9,550,144100
20240103,13:02:09,0.9,100,144100
20240103,13:02:11,0.9,50,144100
20240103,13:02:12,0.9,300,144100
20240103,13:02:13,0.9,50,144100
20240103,13:02:14,0.9,50,144100
20240103,13:02:16,0.9,1050,144100
20240103,13:03:15,0.9,500,144050
20240103,13:04:27,0.9,500,144050
20240103,13:04:29,0.9,50,144050
20240103,13:04:30,0.9,350,144050
20240103,13:04:32,0.95,3650,144050
20240103,13:04:33,0.95,150,144050
20240103,13:04:34,0.95,1250,144050
20240103,13:04:39,0.9,1000,144050
20240103,13:04:39,0.9,50,144050
20240103,13:04:40,0.9,700,144050
20240103,13:04:43,0.9,50,144050
20240103,13:04:44,0.9,50,144050
20240103,13:04:57,0.9,50,144050
20240103,13:04:58,0.95,1950,144050
20240103,13:04:59,0.95,150,144050
20240103,13:05:06,0.9,50,144050
20240103,13:05:07,0.9,50,144050
20240103,13:05:08,0.9,50,144050
20240103,13:05:09,0.9,50,144050
20240103,13:05:11,0.9,100,144050
20240103,13:06:44,0.85,650,151050
20240103,13:08:17,0.8,50,151050
20240103,13:10:54,0.75,6200,150950
20240103,13:10:55,0.75,5300,150950
20240103,13:10:56,0.8,1250,150950
20240103,13:10:57,0.75,950,150950
20240103,13:10:58,0.8,50,150950
20240103,13:10:59,0.75,450,150950
20240103,13:11:00,0.8,100,150950
20240103,13:11:02,0.8,50,150950
20240103,13:11:03,0.8,50,150950
20240103,13:11:05,0.8,50,150950
20240103,13:11:08,0.75,1150,150950
20240103,13:11:08,0.8,50,150950
20240103,13:11:09,0.75,100,150950
20240103,13:11:10,0.8,1550,150950
20240103,13:11:11,0.75,900,150950
20240103,13:11:12,0.75,1600,150950
20240103,13:11:13,0.75,400,150950
20240103,13:11:14,0.75,600,150950
20240103,13:11:15,0.75,500,150950
20240103,13:11:16,0.75,450,150950
20240103,13:11:17,0.8,50,150950
20240103,13:11:18,0.8,50,150950
20240103,13:11:20,0.8,100,150950
20240103,13:11:22,0.8,50,150950
20240103,13:11:23,0.8,50,150950
20240103,13:11:25,0.8,50,150950
20240103,13:11:26,0.8,50,150950
20240103,13:11:27,0.8,50,150950
20240103,13:11:28,0.8,50,150950
20240103,13:11:30,0.8,50,150950
20240103,13:11:31,0.8,50,150950
20240103,13:11:33,0.8,100,150950
20240103,13:11:35,0.8,50,150950
20240103,13:11:36,0.8,50,150950
20240103,13:12:10,0.8,50,150950
20240103,13:12:11,0.8,50,156300
20240103,13:12:13,0.8,50,156300
20240103,13:12:14,0.8,50,156300
20240103,13:12:16,0.8,50,156300
20240103,13:12:50,0.8,50,156300
20240103,13:14:43,0.75,1950,156300
20240103,13:14:44,0.75,200,156300
20240103,13:14:45,0.75,650,156300
20240103,13:15:09,0.75,300,157000
20240103,13:16:16,0.65,1450,157000
20240103,13:17:10,0.75,1000,157000
20240103,13:17:21,0.75,1800,157000
20240103,13:18:20,0.75,1800,157450
20240103,13:21:18,0.7,50,157450
20240103,13:26:33,0.75,1400,157450
20240103,13:27:31,0.75,600,157450
20240103,13:27:32,0.75,50,156350
20240103,13:36:27,0.7,300,156900
20240103,13:49:55,0.7,1100,156900
20240103,13:50:31,0.7,50,156700
20240103,13:55:24,0.65,50,156700
20240103,13:55:57,0.65,700,156750
20240103,13:59:05,0.65,50,157400
20240103,13:59:15,0.6,1850,157400
20240103,13:59:36,0.6,550,157400
20240103,13:59:52,0.6,600,157400
20240103,13:59:53,0.55,2350,157400
20240103,13:59:54,0.6,2750,157400
20240103,14:00:17,0.6,50,152750
20240103,14:00:19,0.55,1800,152750
20240103,14:01:30,0.55,1000,152750
20240103,14:01:35,0.55,50,152750
20240103,14:02:54,0.55,100,152750
20240103,14:03:02,0.55,600,152750
20240103,14:03:21,0.6,100,149400
20240103,14:06:57,0.55,700,149300
20240103,14:07:32,0.55,100,149300
20240103,14:07:36,0.55,50,149300
20240103,14:07:37,0.55,50,149300
20240103,14:08:15,0.55,800,149300
20240103,14:08:16,0.55,50,149300
20240103,14:08:18,0.55,50,149300
20240103,14:09:47,0.55,250,149300
20240103,14:09:56,0.55,100,148750
20240103,14:12:06,0.55,200,148750
20240103,14:12:11,0.55,150,148750
20240103,14:14:46,0.55,150,148500
20240103,14:16:09,0.5,2050,148250
20240103,14:16:09,0.5,600,148250
20240103,14:16:12,0.5,250,148250
20240103,14:20:53,0.45,2200,148250
20240103,14:21:22,0.45,450,145900
20240103,14:21:39,0.45,800,144250
20240103,14:21:50,0.45,300,144250
20240103,14:22:33,0.4,1650,144250
20240103,14:22:33,0.4,500,144250
20240103,14:22:39,0.5,100,144250
20240103,14:22:40,0.5,50,144250
20240103,14:22:41,0.5,50,144250
20240103,14:22:46,0.5,100,144250
20240103,14:22:50,0.45,150,144250
20240103,14:22:54,0.45,150,144250
20240103,14:27:30,0.4,950,141050
20240103,14:27:44,0.4,500,141050
20240103,14:30:13,0.5,300,141050
20240103,14:30:57,0.5,200,141050
20240103,14:37:55,0.4,800,139750
20240103,14:38:05,0.35,1950,139700
20240103,14:38:30,0.35,50,139700
20240103,14:38:34,0.35,200,139700
20240103,14:38:44,0.45,100,139700
20240103,14:39:00,0.45,50,139700
20240103,14:41:21,0.45,50,136950
20240103,14:42:38,0.35,1100,136950
20240103,14:42:49,0.4,200,137000
20240103,14:42:56,0.4,50,137000
20240103,14:55:08,0.45,1200,136200
20240103,14:55:25,0.45,200,136200
20240103,14:55:26,0.45,2000,136200
20240103,14:57:32,0.4,50,136200
20240103,14:57:33,0.5,2350,139400
20240103,14:59:57,0.5,1850,139400
20240103,15:02:16,0.4,250,143100
20240103,15:05:34,0.4,350,143100
20240103,15:08:11,0.35,50,142900
20240103,15:11:00,0.4,1300,143000
20240103,15:11:05,0.4,200,142950
20240103,15:11:13,0.35,150,142950
20240103,15:14:10,0.25,1800,142950
20240103,15:14:23,0.25,1800,142950
20240103,15:14:27,0.25,1000,142950
20240103,15:14:33,0.3,1600,142950
20240103,15:14:41,0.35,1300,142950
20240103,15:14:44,0.3,50,142950
20240103,15:16:31,0.35,250,139400
20240103,15:18:11,0.35,250,139400
20240103,15:18:47,0.35,250,139400
20240103,15:21:28,0.35,400,139050
20240103,15:25:28,0.3,100,138850
20240103,15:25:48,0.4,50,139250
20240103,15:26:07,0.3,50,139250
20240103,15:26:10,0.3,50,139250
20240103,15:26:12,0.3,50,139250
20240103,15:26:14,0.3,50,139250
20240103,15:26:17,0.3,50,139250
20240103,15:26:19,0.3,50,139250
20240103,15:26:20,0.3,50,139250
20240103,15:29:32,0.35,50,138800
20240103,15:29:33,0.4,550,138800
20240103,15:29:36,0.4,100,138800
20240103,15:29:44,0.4,100,138800
20240103,15:29:46,0.25,200,138800
20240103,15:29:58,0.4,100,138800
20240104,09:15:02,0.3,1,138700
20240104,09:15:02,0.3,200,138700
20240104,09:15:05,0.3,50,138700
20240104,09:15:11,0.3,200,138700
20240104,09:15:35,0.3,500,138700
20240104,09:15:49,0.35,500,138700
20240104,09:15:53,0.35,50,138700
20240104,09:16:04,0.25,1000,138700
20240104,09:16:11,0.25,150,138700
20240104,09:16:14,0.3,2450,138700
20240104,09:16:18,0.3,50,138700
20240104,09:16:19,0.3,100,138700
20240104,09:16:43,0.25,500,138700
20240104,09:16:44,0.25,1050,138700
20240104,09:16:45,0.25,1000,138700
20240104,09:17:02,0.25,50,138700
20240104,09:19:33,0.2,500,138650
20240104,09:19:47,0.2,300,138650
20240104,09:23:37,0.25,200,138400
20240104,09:27:42,0.25,800,138400
20240104,09:27:51,0.25,100,138400
20240104,09:27:58,0.25,200,138400
20240104,09:27:59,0.25,300,138400
20240104,09:28:00,0.25,50,138400
20240104,09:28:01,0.25,100,138400
20240104,09:28:05,0.25,400,138400
20240104,09:28:10,0.25,300,138400
20240104,09:28:28,0.2,500,138400
20240104,09:28:32,0.2,500,138400
20240104,09:28:33,0.2,1400,138400
20240104,09:28:36,0.2,500,138400
20240104,09:28:41,0.2,500,138400
20240104,09:28:44,0.2,500,138400
20240104,09:28:45,0.2,1700,138400
20240104,09:28:46,0.15,3700,138400
20240104,09:28:48,0.15,250,138400
20240104,09:28:49,0.2,450,138400
20240104,09:28:51,0.2,500,138400
20240104,09:29:11,0.2,350,138400
20240104,09:29:15,0.25,200,138400
20240104,09:29:17,0.25,50,138400
20240104,09:29:28,0.25,50,135500
20240104,09:29:43,0.25,50,135500
20240104,09:30:46,0.15,1800,135500
20240104,09:31:34,0.15,3600,135500
20240104,09:31:41,0.15,3600,135500
20240104,09:31:42,0.15,2500,135500
20240104,09:31:43,0.1,2450,135500
20240104,09:31:44,0.15,1800,135500
20240104,09:31:46,0.15,150,135500
20240104,09:31:51,0.1,3600,135500
20240104,09:31:58,0.15,500,135500
20240104,09:31:59,0.15,50,135500
20240104,09:32:04,0.15,200,135500
20240104,09:32:14,0.15,100,135500
20240104,09:32:30,0.15,800,135500
20240104,09:32:58,0.15,750,126750
20240104,09:33:02,0.15,200,126750
20240104,09:33:04,0.15,300,126750
20240104,09:33:34,0.15,50,126750
20240104,09:37:14,0.15,1800,126750
20240104,09:37:21,0.15,150,126300
20240104,09:37:21,0.1,3600,126300
20240104,09:38:18,0.15,50,126300
20240104,09:39:26,0.15,900,123150
20240104,09:39:38,0.15,100,123150
20240104,09:39:41,0.15,450,123150
20240104,09:39:56,0.15,50,123150
20240104,09:43:09,0.15,50,123200
20240104,09:43:11,0.1,1800,123200
20240104,09:43:44,0.1,1800,123200
20240104,09:43:49,0.1,1800,123200
20240104,09:48:56,0.1,3600,121450
20240104,09:52:27,0.15,100,121450
20240104,09:52:47,0.1,1800,121450
20240104,10:03:46,0.1,1800,121450
20240104,10:06:40,0.15,50,121450
20240104,10:07:07,0.15,150,121450
20240104,10:07:09,0.15,1000,121450
20240104,10:07:44,0.1,300,121450
20240104,10:10:31,0.1,300,120300
20240104,10:15:12,0.1,3600,120300
20240104,10:15:19,0.1,3600,120300
20240104,10:15:36,0.1,3600,120300
20240104,10:15:38,0.1,3600,120300
20240104,10:15:40,0.1,5400,120300
20240104,10:15:42,0.05,3600,120300
20240104,10:15:43,0.05,3600,120300
20240104,10:15:44,0.05,3600,120300
20240104,10:15:47,0.05,3600,120300
20240104,10:15:48,0.05,3600,120300
20240104,10:15:49,0.05,3600,120300
20240104,10:15:50,0.05,3600,120300
20240104,10:15:51,0.05,3600,120300
20240104,10:15:52,0.05,7200,120300
20240104,10:15:53,0.05,3600,120300
20240104,10:15:54,0.05,3600,120300
20240104,10:15:55,0.05,3600,120300
20240104,10:15:56,0.05,3600,120300
20240104,10:15:57,0.05,3600,120300
20240104,10:15:58,0.05,7200,120300
20240104,10:15:59,0.05,3600,120300
20240104,10:16:00,0.05,3600,120300
20240104,10:16:01,0.05,3600,120300
20240104,10:16:02,0.05,3600,120300
20240104,10:16:03,0.05,7200,120300
20240104,10:16:04,0.05,5700,120300
20240104,10:16:05,0.05,2800,120300
20240104,10:16:06,0.05,3600,120300
20240104,10:16:09,0.1,2550,120300
20240104,10:16:10,0.1,6000,120300
20240104,10:16:25,0.1,1750,120300
20240104,10:16:28,0.05,1800,120300
20240104,10:17:39,0.1,2400,120300
20240104,10:17:39,0.1,10800,106250
20240104,10:17:40,0.1,1500,106250
20240104,10:18:25,0.05,900,106250
20240104,10:19:36,0.05,500,106250
20240104,10:19:44,0.1,450,106250
20240104,10:19:48,0.1,300,106250
20240104,10:19:56,0.1,2800,106250
20240104,10:19:57,0.1,9800,106250
20240104,10:20:02,0.1,250,106250
20240104,10:20:03,0.05,150,106250
20240104,10:20:07,0.1,700,106250
20240104,10:20:10,0.1,250,106250
20240104,10:20:41,0.1,500,76450
20240104,10:20:55,0.05,1900,76450
20240104,10:20:56,0.05,100,76450
20240104,10:22:14,0.1,300,76450
20240104,10:22:15,0.1,300,76450
20240104,10:23:20,0.1,100,76450
20240104,10:23:24,0.1,50,76450
20240104,10:23:32,0.1,50,76450
20240104,10:23:37,0.1,50,77200
20240104,10:23:39,0.1,50,77200
20240104,10:23:43,0.1,100,77200
20240104,10:23:45,0.1,100,77200
20240104,10:25:45,0.1,12600,77200
20240104,10:25:50,0.1,50,77200
20240104,10:26:20,0.1,12600,77200
20240104,10:26:42,0.1,12600,77200
20240104,10:26:44,0.1,50,53400
20240104,10:29:07,0.1,12600,53400
20240104,10:30:14,0.1,300,30000
20240104,10:30:54,0.1,250,30000
20240104,10:33:10,0.1,2100,29450
20240104,10:33:52,0.1,50,29450
20240104,10:34:07,0.1,50,29450
20240104,10:35:22,0.1,1200,29450
20240104,10:36:51,0.1,250,29450
20240104,10:38:45,0.1,250,25850
20240104,10:38:52,0.1,300,25850
20240104,10:41:08,0.1,250,25850
20240104,10:49:40,0.1,50,25250
20240104,11:03:47,0.05,250,25250
20240104,11:03:48,0.05,150,25250
20240104,11:12:33,0.1,100,25250
20240104,11:13:50,0.1,1500,25250
20240104,11:14:27,0.1,50,25250
20240104,11:19:06,0.1,250,25300
20240104,11:19:55,0.1,250,25300
20240104,11:20:02,0.1,250,25300
20240104,11:21:34,0.1,2000,25800
20240104,11:21:38,0.1,1900,25800
20240104,11:21:52,0.1,1800,25800
20240104,11:25:24,0.1,250,26550
20240104,11:27:04,0.1,50,26550
20240104,11:36:33,0.1,100,26550
20240104,11:44:10,0.05,1800,26550
20240104,11:46:03,0.1,50,28000
20240104,11:47:29,0.1,250,28000
20240104,11:49:17,0.1,250,28300
20240104,11:50:10,0.1,350,28300
20240104,11:51:35,0.1,300,28900
20240104,11:53:50,0.1,250,29200
20240104,12:09:56,0.1,50,29450
20240104,12:11:05,0.05,50,29450
20240104,12:16:41,0.05,250,29450
20240104,12:18:30,0.05,50,29200
20240104,12:18:53,0.05,50,29200
20240104,12:18:56,0.05,300,29200
20240104,12:19:18,0.05,750,29200
20240104,12:19:29,0.05,1750,29200
20240104,12:20:40,0.05,400,29200
20240104,12:21:31,0.1,1800,28400
20240104,12:21:34,0.1,1800,28400
20240104,12:21:36,0.1,1800,28400
20240104,12:23:34,0.05,250,28400
20240104,12:24:24,0.05,250,23700
20240104,12:24:25,0.05,300,23700
20240104,12:24:26,0.05,250,23700
20240104,12:26:06,0.05,2600,23700
20240104,12:34:54,0.05,1000,22150
20240104,12:37:33,0.05,100,22150
20240104,14:19:58,0.05,300,22150
20240104,14:20:00,0.05,250,22150
20240104,14:20:16,0.05,250,22150
20240104,14:22:11,0.05,250,22150
20240104,14:23:08,0.05,500,22150
20240104,14:41:23,0.05,100,22150
20240104,15:29:34,0.05,550,21550
