date,time,tick_price,volume,open_interest
20240202,09:34:50,17.95,50,50
20240202,10:03:27,14.3,50,50
20240202,10:11:15,13.85,850,100
20240202,10:11:52,13.85,50,950
20240202,10:12:01,13.85,50,950
20240202,10:13:18,13.85,50,950
20240202,10:13:46,14.05,50,950
20240202,10:14:15,14.0,50,950
20240202,10:14:34,14.0,50,1200
20240202,10:17:45,14.1,50,1250
20240202,10:18:55,14.3,50,1250
20240202,10:19:04,14.3,50,1250
20240202,10:19:13,14.3,50,1250
20240202,10:25:57,14.7,100,1450
20240202,10:26:14,14.45,50,1450
20240202,10:36:05,14.3,50,1550
20240202,10:39:08,14.25,50,1600
20240202,10:39:15,14.25,50,1600
20240202,10:41:04,14.3,200,1600
20240202,10:41:18,14.3,250,1600
20240202,10:45:14,14.4,50,2000
20240202,10:52:19,14.2,550,2000
20240202,10:53:01,14.25,250,2000
20240202,10:54:30,13.85,50,2250
20240202,10:59:10,13.55,50,2250
20240202,10:59:28,13.55,50,2250
20240202,10:59:40,13.55,50,2250
20240202,11:10:25,13.55,50,2250
20240202,11:11:49,12.9,200,2200
20240202,11:12:39,12.9,150,2200
20240202,11:21:24,14.5,100,2350
20240202,11:21:45,14.4,550,2350
20240202,11:22:17,13.8,350,2350
20240202,11:51:10,13.55,50,2700
20240202,11:56:50,13.6,50,2700
20240202,12:00:55,13.15,50,2700
20240202,12:01:05,13.5,50,2700
20240202,12:01:45,13.5,650,2700
20240202,12:01:55,13.5,200,2700
20240202,12:02:45,13.3,50,2800
20240202,12:04:24,13.45,50,2800
20240202,12:11:29,13.35,50,2750
20240202,12:11:52,13.6,300,2700
20240202,12:12:15,13.3,100,2700
20240202,12:13:17,13.4,50,2700
20240202,12:14:54,13.5,300,2800
20240202,12:16:14,13.35,50,2800
20240202,12:16:28,13.6,100,2800
20240202,12:29:12,14.1,200,3050
20240202,12:29:21,14.5,100,3050
20240202,12:29:30,14.25,100,3050
20240202,12:29:38,14.35,650,3050
20240202,12:29:55,14.25,350,3450
20240202,12:30:13,14.35,50,3450
20240202,12:30:24,14.45,50,3450
20240202,12:30:34,14.75,350,3450
20240202,12:30:44,14.95,50,3450
20240202,12:31:11,14.8,50,3450
20240202,12:31:39,15.75,50,3450
20240202,12:31:50,15.4,150,3450
20240202,12:32:39,15.3,100,3450
20240202,12:33:07,15.65,100,4000
20240202,12:34:14,14.95,150,4000
20240202,12:35:34,15.4,50,4000
20240202,12:35:53,16.1,150,4000
20240202,12:36:02,16.2,450,4000
20240202,12:36:12,16.65,50,4000
20240202,12:36:31,17.1,100,4000
20240202,12:36:50,16.55,50,4000
20240202,12:37:37,15.9,150,4000
20240202,12:38:44,15.0,100,4000
20240202,12:38:53,15.25,100,4000
20240202,12:39:12,14.95,50,4000
20240202,12:39:22,15.95,600,4000
20240202,12:39:32,15.9,250,4000
20240202,12:39:42,15.75,2000,4000
20240202,12:39:52,15.9,700,4000
20240202,12:40:02,15.55,1050,4000
20240202,12:40:13,15.2,700,4000
20240202,12:40:23,14.9,1350,4000
20240202,12:40:34,15.25,700,4000
20240202,12:40:45,15.3,550,4000
20240202,12:40:56,15.4,2200,4000
20240202,12:41:06,15.7,500,4000
20240202,12:41:16,15.95,350,4000
20240202,12:41:26,16.4,550,4000
20240202,12:41:36,16.35,400,4000
20240202,12:41:46,16.2,500,6300
20240202,12:41:56,15.95,150,6300
20240202,12:42:05,16.05,250,6300
20240202,12:42:16,16.25,300,6300
20240202,12:42:25,16.4,250,6300
20240202,12:42:35,16.05,250,6300
20240202,12:42:55,16.25,50,6300
20240202,12:43:14,16.2,200,6300
20240202,12:44:13,16.4,50,6300
20240202,12:44:32,16.35,100,6300
20240202,12:44:42,16.1,100,6300
20240202,12:44:51,15.95,100,7100
20240202,12:45:01,15.85,250,7100
20240202,12:45:11,15.9,50,7100
20240202,12:45:21,16.15,50,7100
20240202,12:45:50,16.25,50,7100
20240202,12:46:18,16.1,100,7100
20240202,12:46:45,16.5,50,7100
20240202,12:46:55,16.5,150,7100
20240202,12:47:04,16.6,50,7100
20240202,12:47:14,16.9,50,7100
20240202,12:47:23,16.8,50,7100
20240202,12:47:33,16.45,50,7100
20240202,12:47:42,16.5,750,7100
20240202,12:49:04,17.35,100,7600
20240202,12:49:13,17.15,100,7600
20240202,12:49:41,17.55,50,7600
20240202,12:50:17,17.95,50,7600
20240202,12:50:26,18.0,1800,7600
20240202,12:50:34,18.35,400,7600
20240202,12:50:43,18.5,100,7600
20240202,12:51:51,18.5,50,7750
20240202,12:52:09,16.6,50,7750
20240202,12:52:19,16.55,50,7750
20240202,12:53:48,16.6,50,7750
20240202,12:54:06,16.45,150,7750
20240202,12:54:15,16.25,50,7750
20240202,12:55:27,16.5,100,7750
20240202,12:57:11,16.55,100,7850
20240202,12:58:28,16.8,500,7850
20240202,12:58:46,16.75,50,7850
20240202,13:00:43,17.65,50,7350
20240202,13:00:52,17.55,50,7350
20240202,13:01:00,17.45,50,7350
20240202,13:01:17,17.2,100,7350
20240202,13:01:33,16.85,50,7350
20240202,13:02:06,16.65,550,7350
20240202,13:02:15,16.65,450,7350
20240202,13:08:45,16.75,50,7250
20240202,13:11:48,17.35,100,7250
20240202,13:11:57,17.65,50,7250
20240202,13:12:31,17.7,100,7250
20240202,13:12:39,17.9,50,7250
20240202,13:12:47,17.7,100,7250
20240202,13:13:12,17.7,100,7250
20240202,13:13:20,17.85,200,7250
20240202,13:13:28,17.75,50,7250
20240202,13:14:02,18.25,50,7250
20240202,13:14:11,18.3,100,7250
20240202,13:14:20,18.65,50,7250
20240202,13:14:29,18.65,150,7250
20240202,13:15:50,20.8,50,7400
20240202,13:16:00,21.4,450,7400
20240202,13:16:28,21.4,450,7400
20240202,13:16:37,20.35,150,7400
20240202,13:16:47,19.65,50,7400
20240202,13:16:57,19.65,50,7400
20240202,13:17:16,19.45,50,7400
20240202,13:18:03,19.5,950,7400
20240202,13:18:12,19.6,50,7400
20240202,13:18:29,19.3,50,7400
20240202,13:18:56,19.0,50,7400
20240202,13:19:05,18.9,50,7400
20240202,13:19:24,19.05,50,7400
20240202,13:20:07,18.95,100,7400
20240202,13:20:15,19.4,50,7400
20240202,13:20:23,19.45,150,7400
20240202,13:21:04,20.05,200,7350
20240202,13:21:12,19.85,50,7350
20240202,13:21:21,19.8,200,7350
20240202,13:21:52,20.25,200,7350
20240202,13:22:00,20.35,50,7350
20240202,13:22:08,20.05,50,7350
20240202,13:22:16,20.25,50,7350
20240202,13:22:45,20.55,50,7350
20240202,13:22:53,20.4,50,7350
20240202,13:23:09,19.8,50,7350
20240202,13:23:17,20.1,50,7350
20240202,13:24:10,20.4,50,7400
20240202,13:24:17,20.75,50,7400
20240202,13:25:04,21.35,50,7400
20240202,13:25:12,21.45,100,7400
20240202,13:26:01,22.8,50,7400
20240202,13:26:28,22.8,50,7400
20240202,13:26:54,21.15,50,7400
20240202,13:27:18,21.95,150,7400
20240202,13:27:26,21.95,50,7400
20240202,13:28:10,21.65,50,7400
20240202,13:28:32,21.15,50,7400
20240202,13:28:41,21.15,50,7400
20240202,13:29:06,20.05,50,7400
20240202,13:29:22,20.3,50,7400
20240202,13:29:48,20.55,200,7450
20240202,13:30:11,20.85,100,7450
20240202,13:30:19,21.25,100,7450
20240202,13:30:43,20.7,150,7450
20240202,13:31:06,21.0,100,7450
20240202,13:31:13,21.5,50,7450
20240202,13:31:29,21.5,50,7450
20240202,13:31:44,21.95,50,7450
20240202,13:32:00,22.25,150,7450
20240202,13:32:08,21.9,50,7450
20240202,13:32:22,22.05,50,7450
20240202,13:32:38,22.5,50,7450
20240202,13:33:12,22.4,50,7400
20240202,13:33:26,22.1,50,7400
20240202,13:34:22,21.7,50,7400
20240202,13:34:38,21.3,50,7400
20240202,13:35:01,21.25,100,7400
20240202,13:35:09,21.25,50,7400
20240202,13:35:16,21.6,50,7400
20240202,13:35:24,21.1,50,7400
20240202,13:36:00,20.35,100,7350
20240202,13:36:08,20.55,50,7350
20240202,13:36:33,20.95,50,7350
20240202,13:37:45,20.15,50,7350
20240202,13:38:10,19.55,50,7350
20240202,13:38:28,19.4,50,7350
20240202,13:40:19,18.1,250,7350
20240202,13:44:10,19.25,50,7300
20240202,13:44:17,19.7,50,7300
20240202,13:44:41,19.55,50,7300
20240202,13:45:03,19.4,50,7350
20240202,13:46:05,18.75,200,7350
20240202,13:46:14,18.75,50,7350
20240202,13:47:16,18.25,50,7350
20240202,13:51:49,19.6,150,7350
20240202,13:54:22,18.2,50,7500
20240202,13:54:30,18.0,50,7500
20240202,13:54:38,18.05,50,7500
20240202,13:54:54,18.0,50,7500
20240202,13:55:38,18.1,100,7500
20240202,13:55:45,18.05,50,7500
20240202,13:56:51,18.1,150,7500
20240202,13:58:56,17.6,50,7500
20240202,13:59:03,17.6,100,7500
20240202,14:00:17,18.1,50,7550
20240202,14:00:31,18.35,50,7550
20240202,14:01:13,18.4,300,7550
20240202,14:07:32,16.35,50,7300
20240202,14:07:55,16.35,50,7300
20240202,14:08:28,16.5,50,7300
20240202,14:08:43,16.4,50,7300
20240202,14:10:39,16.3,50,7100
20240202,14:10:48,16.4,100,7100
20240202,14:11:12,16.55,250,7100
20240202,14:11:20,16.4,750,7100
20240202,14:11:54,16.75,50,6150
20240202,14:15:51,17.25,100,6150
20240202,14:16:11,17.3,50,6150
20240202,14:16:26,17.3,50,6150
20240202,14:17:26,16.75,50,6150
20240202,14:21:55,17.3,50,6100
20240202,14:24:08,17.35,100,6050
20240202,14:24:16,17.6,150,6050
20240202,14:24:31,17.25,50,6050
20240202,14:28:23,17.25,50,5750
20240202,14:31:37,16.95,50,5700
20240202,14:31:44,16.95,100,5700
20240202,14:31:51,16.65,300,5700
20240202,14:31:58,16.7,150,5700
20240202,14:32:04,16.65,150,5700
20240202,14:35:35,16.7,50,6150
20240202,14:35:51,16.8,50,6150
20240202,14:36:56,16.25,1050,6200
20240202,14:37:39,15.85,900,6200
20240202,14:38:00,15.8,50,6200
20240202,14:42:58,15.6,150,7300
20240202,14:43:38,15.1,50,7300
20240202,14:43:52,14.55,100,7300
20240202,14:44:12,14.55,50,7300
20240202,14:44:20,14.5,100,7300
20240202,14:44:48,14.6,50,7300
20240202,14:44:55,14.7,50,7300
20240202,14:45:00,14.6,50,7550
20240202,14:48:49,15.55,1650,7550
20240202,14:49:31,15.2,300,7550
20240202,14:50:17,15.2,250,7550
20240202,14:52:22,16.1,300,8600
20240202,14:53:43,17.0,100,8600
20240202,14:54:26,16.85,150,8600
20240202,14:55:22,17.35,50,8600
20240202,14:55:38,18.1,100,8600
20240202,14:55:56,17.6,150,8600
20240202,14:56:33,17.8,100,8600
20240202,14:56:52,18.05,100,8600
20240202,14:57:11,18.7,100,8850
20240202,14:57:21,18.45,50,8850
20240202,14:57:48,19.1,100,8850
20240202,14:58:07,19.35,800,8850
20240202,14:58:35,18.8,50,8850
20240202,14:58:54,18.75,250,8850
20240202,14:59:03,19.25,150,8850
20240202,14:59:48,18.85,50,8850
20240202,15:00:26,17.0,50,8900
20240202,15:01:44,17.3,50,8900
20240202,15:02:39,18.35,50,8900
20240202,15:02:58,18.75,50,8900
20240202,15:03:07,18.6,50,8900
20240202,15:03:16,18.7,350,8900
20240202,15:03:25,18.8,50,8900
20240202,15:03:35,18.7,50,8900
20240202,15:03:44,18.65,150,8900
20240202,15:05:22,18.55,1000,8900
20240202,15:09:26,16.7,50,9050
20240202,15:09:35,16.5,1000,9050
20240202,15:10:03,16.35,500,9050
20240202,15:10:29,16.95,50,9050
20240202,15:10:56,16.85,50,9050
20240202,15:11:05,16.85,1000,9050
20240202,15:18:56,17.85,50,8900
20240202,15:19:04,17.85,50,8900
20240202,15:19:22,17.75,50,8900
20240202,15:19:57,17.75,750,8900
20240202,15:20:05,17.8,500,8900
20240202,15:20:14,17.6,50,8900
20240202,15:23:41,17.6,50,8150
20240202,15:27:48,17.1,50,8200
20240202,15:27:56,17.1,450,8200
20240202,15:29:43,17.0,100,8200
20240205,09:15:31,19.0,1,7700
20240205,09:15:31,19.0,100,7700
20240205,09:15:51,19.4,200,7700
20240205,09:16:07,19.4,250,7700
20240205,09:16:17,18.0,100,7700
20240205,09:16:26,18.55,200,7700
20240205,09:17:21,18.95,400,7700
20240205,09:17:31,19.25,50,7700
20240205,09:17:40,19.3,950,7700
20240205,09:17:47,19.45,1400,7700
20240205,09:18:03,19.45,200,7700
20240205,09:18:12,19.7,50,7700
20240205,09:18:19,19.8,250,7700
20240205,09:18:27,20.05,100,7700
20240205,09:18:44,20.05,100,7700
20240205,09:19:00,20.5,150,7700
20240205,09:19:26,20.7,50,6100
20240205,09:19:34,20.85,900,6100
20240205,09:20:04,20.85,1600,6100
20240205,09:20:12,19.95,100,6100
20240205,09:20:45,19.3,2000,6100
20240205,09:20:52,19.8,400,6100
20240205,09:21:00,19.8,100,6100
20240205,09:21:16,19.5,100,6100
20240205,09:21:20,19.55,50,6100
20240205,09:21:21,19.6,50,6100
20240205,09:21:23,19.5,50,6100
20240205,09:22:24,20.3,350,4950
20240205,09:22:31,20.2,50,4950
20240205,09:23:03,20.0,50,4950
20240205,09:23:05,20.2,50,4950
20240205,09:23:08,20.0,50,4950
20240205,09:23:11,20.0,50,4950
20240205,09:23:41,19.4,50,4950
20240205,09:23:55,19.2,300,4950
20240205,09:24:00,19.0,50,4950
20240205,09:24:05,18.95,50,4950
20240205,09:24:08,18.9,50,4950
20240205,09:24:30,18.9,1200,4950
20240205,09:24:31,19.25,100,4950
20240205,09:24:43,18.7,300,4950
20240205,09:25:07,18.25,100,4950
20240205,09:25:30,17.95,100,6150
20240205,09:25:38,17.95,50,6150
20240205,09:25:45,18.35,100,6150
20240205,09:26:19,17.35,50,6150
20240205,09:26:26,17.05,200,6150
20240205,09:26:44,16.95,100,6150
20240205,09:26:52,16.75,50,6150
20240205,09:27:07,16.75,150,6150
20240205,09:27:14,17.0,100,6150
20240205,09:27:20,16.95,50,6150
20240205,09:27:35,16.9,50,6150
20240205,09:27:42,17.0,400,6150
20240205,09:28:03,17.05,200,6150
20240205,09:28:10,17.3,100,6150
20240205,09:28:17,17.3,50,6150
20240205,09:28:23,16.95,250,6150
20240205,09:28:31,17.25,50,6150
20240205,09:29:26,17.55,50,6150
20240205,09:30:07,17.85,100,6150
20240205,09:30:14,17.5,50,6150
20240205,09:30:30,18.0,3500,6150
20240205,09:30:44,18.45,50,6150
20240205,09:30:52,18.45,150,6150
20240205,09:30:59,18.45,450,6150
20240205,09:31:06,18.35,100,6150
20240205,09:31:14,18.55,50,6150
20240205,09:31:22,18.2,100,9250
20240205,09:31:29,18.25,100,9250
20240205,09:31:36,18.25,50,9250
20240205,09:32:02,17.6,50,9250
20240205,09:32:48,18.35,50,9250
20240205,09:33:21,18.5,50,9250
20240205,09:33:51,18.2,50,9250
20240205,09:33:54,18.15,50,9250
20240205,09:34:25,18.05,50,9300
20240205,09:34:35,18.3,50,9300
20240205,09:34:40,18.1,500,9300
20240205,09:34:41,18.35,50,9300
20240205,09:34:58,18.45,200,9300
20240205,09:35:50,18.1,550,9300
20240205,09:36:01,18.15,100,9300
20240205,09:36:08,18.2,100,9300
20240205,09:36:10,18.45,200,9300
20240205,09:36:23,18.4,50,9300
20240205,09:37:22,18.0,250,10100
20240205,09:40:17,16.8,100,10000
20240205,09:41:12,16.95,100,10000
20240205,09:41:20,16.85,50,10000
20240205,09:41:57,17.4,50,10000
20240205,09:42:05,17.4,100,10000
20240205,09:43:03,17.0,50,10000
20240205,09:48:53,16.65,50,10000
20240205,09:49:07,16.65,50,10000
20240205,09:49:59,16.4,250,10000
20240205,09:50:29,16.35,250,10000
20240205,09:50:39,16.2,150,10000
20240205,09:51:15,16.35,50,10000
20240205,09:52:18,16.35,50,9950
20240205,09:52:50,16.0,150,9950
20240205,09:53:09,15.95,200,9950
20240205,09:53:24,15.7,100,9950
20240205,09:53:32,15.85,200,9950
20240205,09:53:40,15.85,50,9950
20240205,09:54:10,16.15,50,9950
20240205,09:54:53,16.1,100,9950
20240205,09:55:14,16.15,50,9950
20240205,09:55:21,16.35,100,10050
20240205,09:55:35,16.4,100,10050
20240205,09:55:42,16.35,100,10050
20240205,09:55:56,16.35,100,10050
20240205,09:56:03,16.35,200,10050
20240205,09:56:10,16.25,50,10050
20240205,09:56:17,16.25,50,10050
20240205,09:56:45,16.3,350,10050
20240205,09:57:00,16.35,50,10050
20240205,09:57:07,16.35,50,10050
20240205,09:57:40,16.55,50,10050
20240205,09:57:59,16.4,150,10050
20240205,09:58:05,16.25,100,10050
20240205,09:58:36,16.3,100,10800
20240205,09:58:56,16.1,100,10800
20240205,09:59:23,16.2,250,10800
20240205,10:00:08,16.25,50,10800
20240205,10:00:53,16.4,50,10800
20240205,10:01:17,16.45,100,10800
20240205,10:01:24,16.4,50,10950
20240205,10:01:37,16.25,50,10950
20240205,10:03:07,16.3,50,10950
20240205,10:03:14,16.3,50,10950
20240205,10:03:28,16.4,50,10950
20240205,10:03:36,16.4,50,10950
20240205,10:03:56,16.5,750,10950
20240205,10:04:17,16.75,100,10950
20240205,10:04:28,16.7,100,11500
20240205,10:04:49,16.85,100,11500
20240205,10:05:00,17.0,100,11500
20240205,10:05:10,16.9,100,11500
20240205,10:05:29,16.5,100,11500
20240205,10:05:39,16.25,50,11500
20240205,10:06:00,16.35,50,11500
20240205,10:06:09,16.25,50,11500
20240205,10:06:40,16.65,50,11500
20240205,10:07:07,16.65,50,11500
20240205,10:07:17,16.5,100,11500
20240205,10:07:57,16.25,50,11550
20240205,10:08:44,16.25,50,11550
20240205,10:08:54,16.25,100,11550
20240205,10:09:16,16.2,50,11550
20240205,10:09:28,16.0,50,11550
20240205,10:10:00,16.15,50,11550
20240205,10:10:09,16.15,50,11550
20240205,10:10:19,16.1,50,11550
20240205,10:10:28,16.05,50,11700
20240205,10:11:03,16.15,1000,11700
20240205,10:11:12,16.25,50,11700
20240205,10:11:31,16.35,100,11700
20240205,10:12:01,16.4,400,11700
20240205,10:12:11,16.4,300,11700
20240205,10:12:57,16.15,50,11700
20240205,10:13:06,16.3,50,11700
20240205,10:13:42,16.3,100,12500
20240205,10:14:01,16.25,150,12500
20240205,10:14:11,16.3,450,12500
20240205,10:14:20,16.25,100,12500
20240205,10:14:39,16.0,50,12500
20240205,10:14:48,16.25,150,12500
20240205,10:14:57,16.25,350,12500
20240205,10:15:07,16.25,50,12500
20240205,10:15:52,16.45,700,12500
20240205,10:16:01,16.5,500,12500
20240205,10:16:12,16.5,800,12500
20240205,10:17:10,16.55,800,15200
20240205,10:17:20,16.5,50,15200
20240205,10:17:31,17.0,100,15200
20240205,10:17:41,17.0,850,15200
20240205,10:17:51,17.2,350,15200
20240205,10:18:02,17.15,300,15200
20240205,10:18:04,17.35,100,15200
20240205,10:18:09,17.4,50,15200
20240205,10:18:11,17.45,50,15200
20240205,10:18:15,17.6,50,15200
20240205,10:18:29,18.25,100,15200
20240205,10:18:32,18.25,100,15200
20240205,10:18:37,17.8,50,15200
20240205,10:18:40,17.75,50,15200
20240205,10:18:52,18.0,50,15200
20240205,10:19:02,18.35,350,15200
20240205,10:19:05,18.35,100,15200
20240205,10:19:08,18.5,400,15200
20240205,10:19:10,18.3,350,15200
20240205,10:19:12,18.4,50,15200
20240205,10:19:28,19.0,100,16400
20240205,10:19:32,19.0,150,16400
20240205,10:19:33,18.85,50,16400
20240205,10:19:35,18.95,50,16400
20240205,10:19:43,18.75,50,16400
20240205,10:19:52,18.6,650,16400
20240205,10:19:53,18.8,100,16400
20240205,10:19:55,18.65,50,16400
20240205,10:19:57,18.7,100,16400
20240205,10:20:02,18.75,100,16400
20240205,10:20:03,19.0,100,16400
20240205,10:20:08,19.2,150,16400
20240205,10:20:10,19.3,350,16400
20240205,10:20:15,19.35,50,16400
20240205,10:20:16,19.15,50,16400
20240205,10:20:18,19.0,150,16400
20240205,10:20:20,18.9,200,16400
20240205,10:20:25,18.1,200,16400
20240205,10:20:28,18.3,50,16400
20240205,10:20:33,18.55,200,16400
20240205,10:20:43,17.8,100,16400
20240205,10:20:45,17.85,100,16400
20240205,10:20:48,17.8,150,16400
20240205,10:21:01,18.4,300,16400
20240205,10:21:06,18.6,50,16400
20240205,10:21:11,18.6,50,16400
20240205,10:21:15,18.95,50,16400
20240205,10:21:18,19.0,50,16400
20240205,10:21:20,19.0,150,16400
20240205,10:21:23,19.25,100,16400
20240205,10:21:25,19.2,150,16400
20240205,10:21:26,19.05,250,16400
20240205,10:21:28,18.85,250,16400
20240205,10:21:33,19.0,250,16400
20240205,10:21:45,19.05,50,16400
20240205,10:21:48,19.05,100,16400
20240205,10:21:50,19.0,50,16400
20240205,10:21:51,18.9,150,16400
20240205,10:21:56,18.85,100,16400
20240205,10:21:58,18.95,100,16400
20240205,10:22:00,18.85,50,16400
20240205,10:22:01,18.7,150,16400
20240205,10:22:03,18.8,250,16400
20240205,10:22:10,18.2,200,16400
20240205,10:22:11,18.2,200,16400
20240205,10:22:14,18.05,100,16400
20240205,10:22:16,18.05,50,16400
20240205,10:22:19,17.95,200,16600
20240205,10:22:21,18.05,150,16600
20240205,10:22:23,18.1,100,16600
20240205,10:22:33,18.25,100,16600
20240205,10:22:36,18.15,100,16600
20240205,10:22:38,18.3,150,16600
20240205,10:22:49,18.05,200,16600
20240205,10:22:51,17.95,100,16600
20240205,10:22:58,17.95,100,16600
20240205,10:23:01,18.15,50,16600
20240205,10:23:14,17.85,50,16600
20240205,10:23:21,17.85,50,16600
20240205,10:23:24,17.85,50,16600
20240205,10:23:27,18.15,500,16600
20240205,10:23:34,18.2,50,16600
20240205,10:23:49,18.6,250,16600
20240205,10:23:50,18.45,100,16600
20240205,10:23:52,18.35,250,16600
20240205,10:23:55,18.25,100,16600
20240205,10:23:57,18.15,100,16600
20240205,10:24:00,18.15,50,16600
20240205,10:24:03,18.0,50,16600
20240205,10:24:07,17.7,50,16600
20240205,10:24:10,17.8,50,16600
20240205,10:24:12,17.8,200,16600
20240205,10:24:28,17.65,50,16600
20240205,10:24:34,17.5,100,16600
20240205,10:24:59,17.2,100,16600
20240205,10:25:03,17.0,150,16600
20240205,10:25:26,17.4,100,16600
20240205,10:25:29,17.3,50,17850
20240205,10:25:36,17.5,50,17850
20240205,10:25:39,17.35,50,17850
20240205,10:26:08,16.85,50,17850
20240205,10:26:14,17.1,50,17850
20240205,10:26:29,16.95,50,17850
20240205,10:27:54,17.35,50,17850
20240205,10:28:06,17.1,200,17850
20240205,10:28:13,16.95,100,17850
20240205,10:28:16,16.9,50,17850
20240205,10:28:29,16.85,50,17500
20240205,10:29:08,16.95,50,17500
20240205,10:29:16,16.95,150,17500
20240205,10:29:24,16.95,100,17500
20240205,10:29:50,17.0,100,17500
20240205,10:30:17,17.0,50,17500
20240205,10:30:25,17.0,150,17500
20240205,10:31:04,17.3,50,17500
20240205,10:31:12,17.7,450,17500
20240205,10:31:20,17.85,300,17500
20240205,10:31:28,18.1,350,17100
20240205,10:31:37,18.1,550,17100
20240205,10:31:45,18.15,50,17100
20240205,10:31:54,18.0,50,17100
20240205,10:32:02,18.1,250,17100
20240205,10:32:19,18.25,50,17100
20240205,10:32:31,18.0,50,17100
20240205,10:32:39,17.95,200,17100
20240205,10:32:44,18.05,50,17100
20240205,10:32:56,18.15,50,17100
20240205,10:32:57,18.35,150,17100
20240205,10:32:59,18.4,100,17100
20240205,10:33:02,18.25,50,17100
20240205,10:33:06,18.25,100,17100
20240205,10:33:09,18.05,50,17100
20240205,10:33:16,17.85,50,17100
20240205,10:33:41,18.4,550,17100
20240205,10:33:49,18.1,100,17100
20240205,10:33:51,18.05,100,17100
20240205,10:33:54,18.0,350,17100
20240205,10:34:01,17.95,50,17100
20240205,10:34:11,17.8,50,17100
20240205,10:34:21,18.35,50,17100
20240205,10:34:34,18.35,100,17000
20240205,10:34:36,18.35,150,17000
20240205,10:34:37,18.3,50,17000
20240205,10:34:57,18.2,50,17000
20240205,10:34:59,18.2,50,17000
20240205,10:35:21,18.05,50,17000
20240205,10:35:29,18.3,50,17000
20240205,10:35:34,18.15,100,17000
20240205,10:35:37,18.35,50,17000
20240205,10:36:37,17.8,50,17000
20240205,10:36:40,17.75,50,17000
20240205,10:37:04,17.6,350,17000
20240205,10:37:13,17.55,50,17000
20240205,10:37:46,17.1,50,17400
20240205,10:37:54,17.35,100,17400
20240205,10:38:03,17.3,50,17400
20240205,10:38:12,17.25,50,17400
20240205,10:38:28,17.05,50,17400
20240205,10:38:46,17.1,50,17400
20240205,10:39:33,16.85,50,17400
20240205,10:39:49,17.3,200,17400
20240205,10:40:30,16.9,50,17600
20240205,10:40:38,16.9,50,17600
20240205,10:41:00,17.0,150,17600
20240205,10:42:49,16.75,100,17600
20240205,10:42:56,16.7,50,17600
20240205,10:43:18,16.5,200,17600
20240205,10:43:26,16.55,100,17600
20240205,10:43:34,16.45,50,17250
20240205,10:43:42,16.35,100,17250
20240205,10:43:50,16.15,100,17250
20240205,10:43:59,15.95,200,17250
20240205,10:44:07,15.95,50,17250
20240205,10:44:15,15.9,200,17250
20240205,10:44:23,15.65,100,17250
20240205,10:44:45,15.5,150,17250
20240205,10:44:54,15.6,100,17250
20240205,10:45:03,15.5,50,17250
20240205,10:45:12,15.75,350,17250
20240205,10:45:21,15.7,50,17250
20240205,10:45:30,15.5,300,17250
20240205,10:45:39,15.65,250,17250
20240205,10:46:04,15.45,200,17250
20240205,10:46:13,15.4,50,17250
20240205,10:46:22,15.4,100,17250
20240205,10:46:30,15.75,100,17050
20240205,10:46:39,15.55,100,17050
20240205,10:47:05,15.75,50,17050
20240205,10:48:01,16.05,50,17050
20240205,10:48:45,16.15,50,17050
20240205,10:48:52,16.0,50,17050
20240205,10:49:00,16.1,100,17050
20240205,10:49:07,16.1,50,17050
20240205,10:49:14,16.05,50,17050
20240205,10:50:08,16.1,50,17000
20240205,10:50:23,16.15,50,17000
20240205,10:50:50,16.3,100,17000
20240205,10:51:05,16.35,50,17000
20240205,10:51:13,16.35,150,17000
20240205,10:51:36,16.5,150,17000
20240205,10:52:13,16.75,100,17000
20240205,10:52:27,16.7,50,17000
20240205,10:52:42,16.75,50,17000
20240205,10:53:14,16.5,150,17000
20240205,10:54:06,16.05,200,17000
20240205,10:54:13,16.0,50,17000
20240205,10:54:26,16.2,150,17000
20240205,10:54:33,16.2,150,17000
20240205,10:55:04,16.05,50,17000
20240205,10:56:36,15.9,50,17250
20240205,10:57:56,15.55,50,17250
20240205,10:58:15,15.75,50,17250
20240205,10:58:39,15.7,100,17250
20240205,10:59:00,15.75,50,17250
20240205,10:59:06,15.8,50,17250
20240205,10:59:20,15.85,50,17250
20240205,10:59:33,15.9,50,17250
20240205,10:59:40,15.8,50,17250
20240205,11:00:07,16.05,100,17250
20240205,11:00:13,16.05,100,17250
20240205,11:00:33,15.95,50,17250
20240205,11:00:40,16.05,50,17250
20240205,11:01:22,15.9,50,17250
20240205,11:02:44,15.55,50,17050
20240205,11:03:23,15.45,50,17050
20240205,11:03:31,15.65,50,17050
20240205,11:05:05,15.95,50,17350
20240205,11:05:11,16.0,100,17350
20240205,11:06:31,16.05,50,17350
20240205,11:06:37,16.0,50,17350
20240205,11:06:48,16.1,50,17350
20240205,11:07:12,16.3,100,17350
20240205,11:07:34,16.3,100,17500
20240205,11:08:04,15.85,50,17500
20240205,11:08:26,16.0,100,17500
20240205,11:08:32,15.95,50,17500
20240205,11:09:09,16.3,100,17500
20240205,11:09:21,16.35,50,17500
20240205,11:09:45,16.5,50,17500
20240205,11:09:50,16.5,100,17500
20240205,11:09:56,16.5,50,17500
20240205,11:10:02,16.35,50,17500
20240205,11:10:07,16.4,50,17500
20240205,11:10:28,16.4,50,17250
20240205,11:10:34,16.4,50,17250
20240205,11:10:39,16.2,50,17250
20240205,11:10:54,16.05,100,17250
20240205,11:11:12,15.95,100,17250
20240205,11:11:34,15.95,50,17250
20240205,11:12:49,15.5,100,17250
20240205,11:13:38,15.1,50,17000
20240205,11:15:30,15.1,150,17000
20240205,11:15:58,15.15,50,17000
20240205,11:16:06,15.3,50,17000
20240205,11:16:22,15.25,50,17000
20240205,11:17:20,15.0,100,17000
20240205,11:18:34,15.0,50,17000
20240205,11:18:40,15.15,50,17000
20240205,11:18:55,15.1,50,17000
20240205,11:19:39,15.35,50,17000
20240205,11:20:00,15.4,50,17000
20240205,11:20:26,15.3,50,17000
20240205,11:20:56,15.3,50,17000
20240205,11:22:50,15.55,50,17000
20240205,11:22:58,15.5,50,17000
20240205,11:23:35,15.55,100,17000
20240205,11:24:16,15.55,50,17000
20240205,11:24:21,15.6,50,17000
20240205,11:24:26,15.45,50,17000
20240205,11:25:03,15.35,100,17000
20240205,11:25:31,15.7,50,17050
20240205,11:25:50,15.7,50,17050
20240205,11:26:03,15.55,50,17050
20240205,11:26:08,15.6,50,17050
20240205,11:27:08,15.45,50,17050
20240205,11:27:17,15.7,50,17050
20240205,11:28:01,15.65,100,17050
20240205,11:28:22,15.75,50,17050
20240205,11:29:09,15.55,50,17000
20240205,11:29:38,15.35,50,17000
20240205,11:30:03,15.4,50,17000
20240205,11:30:52,15.25,50,17000
20240205,11:32:21,15.3,50,17050
20240205,11:32:27,15.35,50,17050
20240205,11:35:01,14.9,1350,17050
20240205,11:35:24,14.9,50,17050
20240205,11:35:29,15.0,50,17050
20240205,11:35:35,15.05,50,17050
20240205,11:35:42,15.0,100,17050
20240205,11:35:53,14.9,100,17050
20240205,11:36:00,14.8,50,17050
20240205,11:36:35,14.8,100,17050
20240205,11:37:14,14.9,50,17050
20240205,11:37:32,14.95,50,18000
20240205,11:37:37,14.8,250,18000
20240205,11:38:43,14.5,50,18000
20240205,11:38:53,14.5,50,18000
20240205,11:39:52,14.3,50,18000
20240205,11:40:02,14.3,50,18000
20240205,11:40:36,14.5,150,18050
20240205,11:41:20,14.85,50,18050
20240205,11:41:44,14.7,100,18050
20240205,11:42:09,14.55,50,18050
20240205,11:42:49,14.7,50,18050
20240205,11:44:16,15.05,550,18050
20240205,11:44:23,15.1,50,18050
20240205,11:44:36,15.15,100,18050
20240205,11:44:49,15.2,50,18050
20240205,11:46:47,15.25,50,17100
20240205,11:47:16,15.25,50,17100
20240205,11:51:22,14.8,150,17150
20240205,11:52:58,14.9,50,17250
20240205,11:53:55,14.85,100,17250
20240205,11:54:01,14.85,50,17250
20240205,11:54:06,14.85,150,17250
20240205,11:54:28,14.85,250,17250
20240205,11:55:17,14.85,50,17250
20240205,11:56:50,14.8,50,17850
20240205,11:58:32,14.6,50,17850
20240205,11:59:29,14.2,50,17800
20240205,12:01:09,14.2,50,17800
20240205,12:01:52,14.6,50,17850
20240205,12:02:15,14.55,50,17850
20240205,12:06:18,15.25,100,17900
20240205,12:08:18,15.4,50,18000
20240205,12:10:52,15.45,50,17950
20240205,12:11:12,15.35,50,17950
20240205,12:18:26,13.7,100,18000
20240205,12:19:18,13.7,100,18000
20240205,12:19:39,13.8,50,18150
20240205,12:19:54,13.75,50,18150
20240205,12:20:04,13.75,50,18150
20240205,12:21:21,14.05,50,18150
20240205,12:22:08,13.75,50,18150
20240205,12:22:16,13.8,50,18150
20240205,12:24:41,14.05,100,18200
20240205,12:25:49,14.6,50,18150
20240205,12:26:05,14.65,50,18150
20240205,12:26:16,14.7,50,18150
20240205,12:26:23,14.75,100,18150
20240205,12:28:44,14.75,50,18100
20240205,12:29:53,15.1,50,18100
20240205,12:30:49,15.0,50,18100
20240205,12:31:10,14.95,50,18100
20240205,12:31:21,15.05,50,18100
20240205,12:31:40,14.8,100,18000
20240205,12:31:53,14.85,50,18000
20240205,12:35:16,15.1,50,18100
20240205,12:36:07,14.55,50,18100
20240205,12:43:22,14.35,50,18000
20240205,12:44:39,14.2,50,18050
20240205,12:44:42,14.15,50,18050
20240205,12:45:16,14.3,150,18050
20240205,12:45:24,14.2,50,18050
20240205,12:45:37,14.15,50,18050
20240205,12:45:42,14.2,50,18050
20240205,12:45:52,14.15,100,18050
20240205,12:46:01,14.3,50,18050
20240205,12:47:00,14.45,50,18000
20240205,12:48:50,14.3,50,18000
20240205,12:49:08,14.1,50,18000
20240205,12:49:48,14.05,50,18000
20240205,12:50:56,14.5,50,18000
20240205,12:51:18,14.5,50,18000
20240205,12:51:21,14.55,50,18000
20240205,12:51:37,14.45,50,18000
20240205,12:52:41,14.25,50,18050
20240205,12:52:48,14.3,100,18050
20240205,12:55:14,14.45,50,18050
20240205,12:56:05,14.25,50,18050
20240205,12:56:13,14.25,50,18050
20240205,12:56:30,14.15,200,18050
20240205,12:57:05,14.2,100,18050
20240205,12:57:12,14.25,50,18050
20240205,12:57:19,14.1,50,18050
20240205,12:57:27,14.2,50,18050
20240205,13:02:26,14.0,50,18000
20240205,13:07:00,13.0,1400,18050
20240205,13:07:24,13.35,50,18050
20240205,13:09:22,13.05,50,17400
20240205,13:11:54,13.3,50,17400
20240205,13:12:30,13.45,50,17400
20240205,13:17:49,13.95,50,17400
20240205,13:17:55,14.0,50,17400
20240205,13:17:59,13.95,50,17400
20240205,13:18:08,14.05,50,17400
20240205,13:19:22,13.5,50,17400
20240205,13:19:25,13.55,50,17400
20240205,13:20:01,13.45,50,17350
20240205,13:21:16,13.45,100,17350
20240205,13:22:29,13.35,50,17350
20240205,13:23:46,13.5,50,17350
20240205,13:25:35,13.8,50,17400
20240205,13:26:01,14.0,50,17400
20240205,13:26:24,14.05,50,17400
20240205,13:26:36,14.15,250,17400
20240205,13:26:45,14.0,350,17400
20240205,13:27:34,13.9,50,17400
20240205,13:27:38,14.0,50,17400
20240205,13:27:45,14.0,100,17400
20240205,13:27:52,13.95,50,17400
20240205,13:28:06,14.0,100,17400
20240205,13:28:19,14.1,100,17400
20240205,13:28:37,14.2,300,17400
20240205,13:28:45,14.25,50,17400
20240205,13:28:50,14.2,350,17400
20240205,13:29:01,14.25,200,17400
20240205,13:29:55,14.45,50,17400
20240205,13:31:33,14.2,100,17400
20240205,13:32:15,14.0,50,17400
20240205,13:33:24,13.75,50,17400
20240205,13:33:38,13.65,50,17400
20240205,13:34:13,13.55,50,17400
20240205,13:34:20,13.55,50,17400
20240205,13:34:45,13.55,50,17400
20240205,13:35:05,13.5,50,17350
20240205,13:35:24,13.7,100,17350
20240205,13:35:31,13.75,50,17350
20240205,13:36:41,13.45,50,17350
20240205,13:38:05,13.55,50,17400
20240205,13:38:36,13.65,100,17400
20240205,13:39:47,13.85,50,17400
20240205,13:41:15,13.75,50,17350
20240205,13:43:09,13.85,50,17350
20240205,13:43:36,13.75,50,17350
20240205,13:45:20,14.0,50,17400
20240205,13:45:36,14.0,50,17400
20240205,13:47:46,13.6,50,17350
20240205,13:47:57,13.5,50,17350
20240205,13:48:22,13.4,50,17350
20240205,13:48:46,13.4,50,17350
20240205,13:48:57,13.4,50,17350
20240205,13:49:24,13.35,100,17350
20240205,13:49:39,13.3,50,17350
20240205,13:49:57,13.3,50,17400
20240205,13:50:36,13.25,50,17400
20240205,13:50:44,13.25,50,17400
20240205,13:51:09,13.25,150,17400
20240205,13:51:13,13.25,100,17400
20240205,13:52:00,13.1,100,17400
20240205,13:52:11,13.2,50,17400
20240205,13:54:34,13.0,100,17450
20240205,13:54:49,13.0,100,17450
20240205,13:54:52,13.0,50,17450
20240205,13:55:23,13.05,50,17450
20240205,13:55:42,13.05,50,17450
20240205,13:55:45,13.05,100,17450
20240205,13:55:48,13.05,100,17450
20240205,13:57:53,13.3,50,17350
20240205,14:00:47,13.05,50,17350
20240205,14:00:59,13.1,50,17350
20240205,14:02:05,13.3,50,17400
20240205,14:03:06,13.25,50,17400
20240205,14:03:11,13.35,100,17400
20240205,14:03:43,13.55,200,17400
20240205,14:04:37,13.55,50,17400
20240205,14:04:41,13.55,50,17400
20240205,14:04:45,13.5,50,17400
20240205,14:05:05,13.55,50,17500
20240205,14:05:25,13.5,50,17500
20240205,14:05:46,13.5,50,17500
20240205,14:06:09,13.6,50,17500
20240205,14:07:13,14.0,50,17500
20240205,14:07:19,14.05,50,17500
20240205,14:07:56,13.95,50,17500
20240205,14:08:32,14.2,100,17500
20240205,14:08:45,14.5,50,17500
20240205,14:08:58,14.55,650,17500
20240205,14:09:25,14.55,50,17500
20240205,14:09:31,14.6,50,17500
20240205,14:09:50,14.85,200,17500
20240205,14:10:09,14.85,50,17500
20240205,14:10:16,14.8,50,17500
20240205,14:10:22,14.7,550,17500
20240205,14:10:41,15.3,50,17500
20240205,14:10:56,15.5,200,18250
20240205,14:11:04,15.5,50,18250
20240205,14:11:11,15.8,50,18250
20240205,14:11:18,15.9,50,18250
20240205,14:11:38,15.85,250,18250
20240205,14:11:51,15.95,450,18250
20240205,14:11:59,15.7,400,18250
20240205,14:12:18,15.3,50,18250
20240205,14:12:27,15.25,150,18250
20240205,14:12:34,15.15,50,18250
20240205,14:12:47,15.5,50,18250
20240205,14:13:01,15.05,100,18250
20240205,14:13:07,14.8,50,18250
20240205,14:18:44,13.1,50,17900
20240205,14:19:16,13.15,50,17900
20240205,14:20:01,13.3,50,17900
20240205,14:20:05,13.1,100,17900
20240205,14:20:09,13.25,100,17900
20240205,14:21:05,13.8,50,17900
20240205,14:21:38,14.05,100,17900
20240205,14:23:23,14.0,100,17700
20240205,14:23:33,14.2,1400,17700
20240205,14:23:43,14.1,50,17700
20240205,14:24:08,14.25,50,17700
20240205,14:24:27,14.6,50,17700
20240205,14:26:08,14.85,150,17850
20240205,14:26:13,15.15,50,17850
20240205,14:26:16,15.0,50,17850
20240205,14:26:22,15.15,50,17850
20240205,14:27:03,15.55,50,17850
20240205,14:27:04,15.55,50,17850
20240205,14:28:24,15.25,50,17850
20240205,14:28:36,15.35,50,17850
20240205,14:30:22,14.85,50,17850
20240205,14:31:00,14.7,50,17850
20240205,14:31:03,14.65,50,17850
20240205,14:31:06,14.7,50,17850
20240205,14:31:35,15.05,50,17850
20240205,14:32:03,15.5,50,17800
20240205,14:32:19,15.95,800,17800
20240205,14:32:23,16.0,50,17800
20240205,14:32:24,16.05,50,17800
20240205,14:32:26,16.05,150,17800
20240205,14:32:28,15.95,300,17800
20240205,14:32:41,16.0,50,17800
20240205,14:32:45,16.0,100,17800
20240205,14:32:48,16.0,200,17800
20240205,14:32:51,16.0,250,17800
20240205,14:32:55,15.9,100,17800
20240205,14:32:56,15.85,200,17800
20240205,14:32:58,15.85,100,17800
20240205,14:33:03,15.8,100,17800
20240205,14:33:07,15.95,650,17800
20240205,14:33:10,16.0,100,17800
20240205,14:33:23,15.95,100,17800
20240205,14:33:27,16.0,100,17800
20240205,14:33:32,15.7,50,17800
20240205,14:33:33,15.65,50,17800
20240205,14:33:35,15.55,200,17800
20240205,14:33:37,15.55,150,17800
20240205,14:33:42,15.7,100,17800
20240205,14:33:43,15.75,50,17800
20240205,14:33:45,15.75,50,17800
20240205,14:33:48,15.75,50,17800
20240205,14:34:07,16.0,100,17800
20240205,14:34:17,16.1,50,17800
20240205,14:34:42,16.2,50,17800
20240205,14:34:47,16.1,50,17800
20240205,14:34:55,16.35,50,17300
20240205,14:34:58,16.35,50,17300
20240205,14:35:08,16.4,850,17300
20240205,14:35:10,16.3,50,17300
20240205,14:35:13,16.25,350,17300
20240205,14:35:15,16.15,200,17300
20240205,14:35:35,16.45,50,17300
20240205,14:35:38,16.7,50,17300
20240205,14:35:42,16.95,50,17300
20240205,14:35:47,17.0,200,17300
20240205,14:35:48,16.9,50,17300
20240205,14:35:51,16.85,150,17300
20240205,14:36:01,16.75,100,17300
20240205,14:36:04,16.7,50,17300
20240205,14:36:08,16.95,100,17300
20240205,14:36:09,16.85,50,17300
20240205,14:36:11,16.8,50,17300
20240205,14:36:18,16.6,50,17300
20240205,14:36:31,17.2,150,17300
20240205,14:36:42,17.05,50,17300
20240205,14:37:00,17.2,50,17300
20240205,14:37:39,17.1,200,17300
20240205,14:37:42,17.3,100,17300
20240205,14:37:47,17.45,50,17300
20240205,14:38:04,16.95,100,17450
20240205,14:38:07,16.95,100,17450
20240205,14:38:09,16.9,50,17450
20240205,14:38:19,16.65,1350,17450
20240205,14:38:20,16.9,150,17450
20240205,14:38:22,17.05,100,17450
20240205,14:38:29,17.3,100,17450
20240205,14:38:52,18.0,100,17450
20240205,14:39:02,18.2,50,17450
20240205,14:39:03,18.15,50,17450
20240205,14:39:05,17.9,250,17450
20240205,14:39:06,18.3,1350,17450
20240205,14:39:08,17.8,100,17450
20240205,14:39:11,16.95,150,17450
20240205,14:39:13,17.15,100,17450
20240205,14:39:15,17.15,150,17450
20240205,14:39:16,17.3,100,17450
20240205,14:39:20,17.5,50,17450
20240205,14:39:30,17.75,100,17450
20240205,14:40:14,17.4,50,17450
20240205,14:40:22,17.95,50,17450
20240205,14:40:26,18.15,250,17450
20240205,14:40:31,17.65,50,17450
20240205,14:40:32,17.6,100,17450
20240205,14:40:34,17.45,50,17450
20240205,14:40:37,17.65,950,17450
20240205,14:40:39,17.4,200,17450
20240205,14:40:41,17.5,50,17450
20240205,14:40:42,17.6,50,17450
20240205,14:40:44,17.7,200,17450
20240205,14:40:49,17.95,50,17450
20240205,14:40:51,17.9,50,17450
20240205,14:40:59,17.85,50,18700
20240205,14:41:01,17.75,50,18700
20240205,14:41:09,17.6,50,18700
20240205,14:41:11,17.75,100,18700
20240205,14:41:22,17.05,50,18700
20240205,14:41:27,17.1,50,18700
20240205,14:41:32,17.15,50,18700
20240205,14:41:35,17.3,50,18700
20240205,14:41:42,17.75,50,18700
20240205,14:41:45,17.6,100,18700
20240205,14:41:52,17.4,50,18700
20240205,14:41:57,17.6,200,18700
20240205,14:42:04,17.6,50,18700
20240205,14:42:15,17.95,50,18700
20240205,14:42:19,18.3,250,18700
20240205,14:42:20,18.3,100,18700
20240205,14:42:22,18.3,50,18700
20240205,14:42:24,18.4,50,18700
20240205,14:42:25,18.5,50,18700
20240205,14:42:32,19.1,1050,18700
20240205,14:42:35,19.25,150,18700
20240205,14:42:37,19.25,1200,18700
20240205,14:42:39,19.4,250,18700
20240205,14:42:42,19.6,100,18700
20240205,14:42:44,19.25,300,18700
20240205,14:42:45,19.2,250,18700
20240205,14:42:47,19.25,150,18700
20240205,14:42:50,19.15,1250,18700
20240205,14:42:52,19.55,50,18700
20240205,14:42:54,19.7,150,18700
20240205,14:42:55,19.75,100,18700
20240205,14:42:59,19.9,50,18700
20240205,14:43:00,19.95,100,18700
20240205,14:43:02,19.9,50,18700
20240205,14:43:04,20.05,50,18700
20240205,14:43:05,19.95,100,18700
20240205,14:43:07,20.3,850,18700
20240205,14:43:09,20.25,200,18700
20240205,14:43:14,20.65,50,18700
20240205,14:43:17,20.85,100,18700
20240205,14:43:19,21.15,300,18700
20240205,14:43:22,21.4,250,18700
20240205,14:43:24,21.55,150,18700
20240205,14:43:26,21.75,50,18700
20240205,14:43:27,22.05,150,18700
20240205,14:43:29,22.05,50,18700
20240205,14:43:32,21.4,150,18700
20240205,14:43:34,21.2,1050,18700
20240205,14:43:36,21.45,100,18700
20240205,14:43:37,22.0,100,18700
20240205,14:43:39,21.9,50,18700
20240205,14:43:41,21.75,700,18700
20240205,14:43:44,21.45,100,18700
20240205,14:43:46,21.5,150,18700
20240205,14:43:47,21.5,100,18700
20240205,14:43:51,21.3,150,18700
20240205,14:43:52,21.35,150,18700
20240205,14:43:54,21.6,50,18700
20240205,14:43:56,21.55,250,18700
20240205,14:43:57,21.5,100,17700
20240205,14:44:01,21.7,150,17700
20240205,14:44:05,22.0,200,17700
20240205,14:44:09,22.25,100,17700
20240205,14:44:15,22.05,100,17700
20240205,14:44:17,21.15,50,17700
20240205,14:44:19,21.0,50,17700
20240205,14:44:20,20.85,300,17700
20240205,14:44:22,20.8,200,17700
20240205,14:44:24,20.85,350,17700
20240205,14:44:25,21.0,200,17700
20240205,14:44:30,20.8,250,17700
20240205,14:44:32,20.65,50,17700
20240205,14:44:34,19.95,100,17700
20240205,14:44:35,19.55,350,17700
20240205,14:44:37,19.45,550,17700
20240205,14:44:39,19.35,300,17700
20240205,14:44:40,19.4,200,17700
20240205,14:44:42,19.45,100,17700
20240205,14:44:44,19.55,50,17700
20240205,14:44:47,19.55,500,17700
20240205,14:44:49,19.65,550,17700
20240205,14:44:52,19.45,450,17700
20240205,14:44:55,20.1,50,17700
20240205,14:44:57,20.3,200,17700
20240205,14:44:59,20.4,50,17700
20240205,14:45:00,20.4,50,17700
20240205,14:45:02,20.55,50,17700
20240205,14:45:04,20.85,50,17700
20240205,14:45:07,21.3,550,17700
20240205,14:45:09,21.55,100,17700
20240205,14:45:10,22.1,100,17700
20240205,14:45:14,22.55,850,17700
20240205,14:45:15,22.6,550,17700
20240205,14:45:20,23.05,150,17700
20240205,14:45:22,23.1,100,17700
20240205,14:45:24,23.1,50,17700
20240205,14:45:29,22.95,100,17700
20240205,14:45:31,23.1,100,17700
20240205,14:45:36,23.5,50,17700
20240205,14:45:37,23.5,100,17700
20240205,14:45:41,23.85,450,17700
20240205,14:45:46,23.8,500,17700
20240205,14:45:49,23.75,50,17700
20240205,14:45:51,24.0,1050,17700
20240205,14:45:59,24.6,500,17700
20240205,14:46:01,24.6,150,17700
20240205,14:46:02,24.6,100,17700
20240205,14:46:04,24.15,100,17700
20240205,14:46:05,22.8,450,17700
20240205,14:46:07,22.85,50,17700
20240205,14:46:10,23.35,50,17700
20240205,14:46:15,23.6,100,17700
20240205,14:46:17,22.75,150,17700
20240205,14:46:19,22.55,100,17700
20240205,14:46:20,22.25,100,17700
20240205,14:46:22,22.15,150,17700
20240205,14:46:29,22.6,50,17700
20240205,14:46:39,22.25,100,17700
20240205,14:46:40,22.35,150,17700
20240205,14:46:50,22.5,50,17700
20240205,14:47:02,23.05,150,18100
20240205,14:47:04,23.15,100,18100
20240205,14:47:05,23.05,100,18100
20240205,14:47:10,22.45,50,18100
20240205,14:47:22,21.25,50,18100
20240205,14:47:24,20.95,100,18100
20240205,14:47:25,20.8,50,18100
20240205,14:47:29,20.7,50,18100
20240205,14:47:32,20.9,50,18100
20240205,14:47:37,20.8,100,18100
20240205,14:47:39,20.8,300,18100
20240205,14:47:40,20.55,50,18100
20240205,14:47:42,20.65,50,18100
20240205,14:47:45,20.25,100,18100
20240205,14:47:47,20.3,50,18100
20240205,14:47:57,19.75,200,18100
20240205,14:47:59,19.75,100,18100
20240205,14:48:02,19.3,50,18100
20240205,14:48:07,18.5,150,18100
20240205,14:48:14,18.7,50,18100
20240205,14:48:17,18.45,150,18100
20240205,14:48:19,18.5,250,18100
20240205,14:48:20,18.5,150,18100
20240205,14:48:24,18.55,150,18100
20240205,14:48:25,18.7,150,18100
20240205,14:48:30,18.5,100,18100
20240205,14:48:32,18.4,50,18100
20240205,14:48:45,19.0,50,18100
20240205,14:48:52,19.55,950,18100
20240205,14:48:54,19.75,150,18100
20240205,14:48:59,20.2,50,18100
20240205,14:49:00,20.3,50,18100
20240205,14:49:04,19.95,150,18100
20240205,14:49:05,20.1,100,18100
20240205,14:49:10,19.85,1050,18100
20240205,14:49:14,19.9,100,18100
20240205,14:49:17,19.55,50,18100
20240205,14:49:19,19.4,350,18100
20240205,14:49:22,19.65,250,18100
20240205,14:49:25,20.0,200,18100
20240205,14:49:29,19.8,150,18100
20240205,14:49:37,20.0,1250,18100
20240205,14:49:40,20.1,150,18100
20240205,14:49:44,20.0,50,18100
20240205,14:49:47,19.95,100,18100
20240205,14:49:49,19.9,200,18100
20240205,14:49:57,20.35,50,18100
20240205,14:50:04,19.9,50,17550
20240205,14:50:09,19.4,150,17550
20240205,14:50:16,19.1,250,17550
20240205,14:50:17,19.7,200,17550
20240205,14:50:19,19.85,150,17550
20240205,14:50:32,20.6,50,17550
20240205,14:50:39,20.8,100,17550
20240205,14:50:51,21.8,150,17550
20240205,14:51:04,21.5,200,17550
20240205,14:51:07,21.6,500,17550
20240205,14:51:11,22.0,100,17550
20240205,14:51:14,21.95,300,17550
20240205,14:51:21,22.4,150,17550
20240205,14:51:26,22.2,50,17550
20240205,14:51:27,21.95,1700,17550
20240205,14:51:34,21.95,50,17550
20240205,14:51:36,22.55,200,17550
20240205,14:51:39,22.7,350,17550
20240205,14:51:41,22.55,50,17550
20240205,14:51:42,22.5,50,17550
20240205,14:51:46,22.25,100,17550
20240205,14:51:47,22.25,50,17550
20240205,14:51:51,21.95,150,17550
20240205,14:51:52,21.95,2800,17550
20240205,14:51:56,22.0,250,17550
20240205,14:51:57,22.05,50,17550
20240205,14:51:59,22.15,350,17550
20240205,14:52:01,22.15,50,17550
20240205,14:52:04,21.85,50,17550
20240205,14:52:09,21.9,550,17550
20240205,14:52:10,22.15,50,17550
20240205,14:52:14,21.9,200,17550
20240205,14:52:19,22.0,400,17550
20240205,14:52:20,21.85,100,17550
20240205,14:52:22,22.0,100,17550
20240205,14:52:24,21.8,200,17550
20240205,14:52:31,21.15,100,17550
20240205,14:52:32,21.25,150,17550
20240205,14:52:34,21.1,50,17550
20240205,14:52:36,21.2,50,17550
20240205,14:52:37,21.0,50,17550
20240205,14:52:46,20.25,50,17550
20240205,14:52:47,20.3,150,17550
20240205,14:52:49,20.5,50,17550
20240205,14:52:51,20.75,50,17550
20240205,14:52:56,20.85,100,17550
20240205,14:52:59,21.15,100,20950
20240205,14:53:01,21.25,100,20950
20240205,14:53:06,21.45,50,20950
20240205,14:53:11,21.8,50,20950
20240205,14:53:16,21.7,50,20950
20240205,14:53:17,21.65,50,20950
20240205,14:53:19,21.6,50,20950
20240205,14:53:24,20.9,100,20950
20240205,14:53:27,20.8,50,20950
20240205,14:53:32,20.6,50,20950
20240205,14:53:35,20.5,150,20950
20240205,14:53:39,20.45,50,20950
20240205,14:53:42,20.85,150,20950
20240205,14:53:44,20.75,100,20950
20240205,14:53:52,20.85,50,20950
20240205,14:54:00,21.3,100,20950
20240205,14:54:02,21.25,100,20950
20240205,14:54:27,20.15,50,20950
20240205,14:54:41,20.25,50,20950
20240205,14:54:42,20.5,950,20950
20240205,14:54:46,20.6,1200,20950
20240205,14:54:47,20.4,50,20950
20240205,14:54:56,20.0,50,20950
20240205,14:54:59,20.25,100,20950
20240205,14:55:04,20.3,450,20950
20240205,14:55:06,20.15,100,20950
20240205,14:55:07,19.9,50,20950
20240205,14:55:09,20.05,50,20950
20240205,14:55:32,21.15,100,20950
20240205,14:55:39,21.7,1200,20950
20240205,14:55:44,21.75,250,20950
20240205,14:55:46,21.4,150,20950
20240205,14:55:51,21.35,100,20950
20240205,14:55:54,21.75,50,20950
20240205,14:55:57,21.9,150,20950
20240205,14:55:59,22.0,100,21400
20240205,14:56:01,21.95,350,21400
20240205,14:56:02,21.9,500,21400
20240205,14:56:04,21.85,200,21400
20240205,14:56:05,21.7,250,21400
20240205,14:56:12,22.0,1200,21400
20240205,14:56:14,21.85,200,21400
20240205,14:56:19,22.2,50,21400
20240205,14:56:25,22.1,600,21400
20240205,14:56:32,22.1,250,21400
20240205,14:56:37,22.15,50,21400
20240205,14:56:45,22.65,50,21400
20240205,14:56:50,22.9,200,21400
20240205,14:56:54,23.0,100,21400
20240205,14:56:57,23.1,50,21400
20240205,14:57:02,21.9,100,21400
20240205,14:57:05,22.35,100,21400
20240205,14:57:07,22.4,50,21400
20240205,14:57:12,22.65,100,21400
20240205,14:57:20,22.5,100,21400
20240205,14:57:25,22.75,100,21400
20240205,14:57:27,22.75,50,21400
20240205,14:57:37,22.5,350,21400
20240205,14:57:40,22.35,50,21400
20240205,14:57:54,22.4,150,21400
20240205,14:58:00,22.95,50,21400
20240205,14:58:09,22.75,100,21400
20240205,14:58:12,22.35,100,21400
20240205,14:58:24,23.25,50,21400
20240205,14:58:30,23.45,50,21400
20240205,14:58:44,23.3,50,21400
20240205,14:58:52,23.25,50,21400
20240205,14:58:56,23.25,150,21400
20240205,14:59:07,22.8,200,19700
20240205,14:59:09,22.85,200,19700
20240205,14:59:10,22.7,150,19700
20240205,14:59:12,22.65,50,19700
20240205,14:59:15,22.5,50,19700
20240205,14:59:22,22.9,50,19700
20240205,14:59:27,23.15,250,19700
20240205,14:59:29,23.25,50,19700
20240205,14:59:32,22.95,50,19700
20240205,14:59:45,23.25,100,19700
20240205,14:59:55,23.3,150,19700
20240205,14:59:57,23.15,200,19700
20240205,14:59:58,23.0,50,19700
20240205,15:00:00,23.1,50,19700
20240205,15:00:05,23.25,50,19700
20240205,15:00:12,22.45,50,19700
20240205,15:00:20,21.95,200,19700
20240205,15:00:23,21.75,50,19700
20240205,15:00:28,21.8,200,19700
20240205,15:00:30,21.75,50,19700
20240205,15:00:32,21.5,100,19700
20240205,15:00:35,21.0,50,19700
20240205,15:00:37,20.85,150,19700
20240205,15:00:38,20.9,350,19700
20240205,15:00:42,21.2,100,19700
20240205,15:00:48,22.2,600,19700
20240205,15:00:50,22.45,50,19700
20240205,15:00:57,22.7,100,19700
20240205,15:00:58,22.45,150,19700
20240205,15:01:00,22.9,150,19700
20240205,15:01:02,23.05,100,19700
20240205,15:01:07,22.95,150,19700
20240205,15:01:17,21.9,350,19700
20240205,15:01:20,21.95,100,19700
20240205,15:01:25,22.05,50,19700
20240205,15:01:27,22.05,100,19700
20240205,15:01:32,22.4,50,19700
20240205,15:01:34,22.8,300,19700
20240205,15:01:40,22.6,50,19700
20240205,15:01:42,22.6,100,19700
20240205,15:01:44,22.65,50,19700
20240205,15:01:47,22.25,100,19700
20240205,15:01:57,22.05,200,19700
20240205,15:02:00,22.15,50,19900
20240205,15:02:09,22.4,100,19900
20240205,15:02:19,22.5,250,19900
20240205,15:02:20,22.25,100,19900
20240205,15:02:24,22.5,150,19900
20240205,15:02:30,22.45,50,19900
20240205,15:02:32,22.35,50,19900
20240205,15:02:35,22.5,50,19900
20240205,15:02:37,22.65,50,19900
20240205,15:02:49,22.15,150,19900
20240205,15:02:50,22.05,50,19900
20240205,15:02:52,21.95,100,19900
20240205,15:02:55,21.8,50,19900
20240205,15:02:59,21.75,200,19900
20240205,15:03:00,22.05,150,19900
20240205,15:03:02,22.1,100,19900
20240205,15:03:04,22.05,150,19900
20240205,15:03:05,21.8,100,19900
20240205,15:03:07,21.75,50,19900
20240205,15:03:12,21.2,200,19900
20240205,15:03:17,20.95,100,19900
20240205,15:03:29,21.1,50,19900
20240205,15:03:37,21.3,150,19900
20240205,15:03:50,21.1,100,19900
20240205,15:04:07,20.55,150,19900
20240205,15:04:15,20.5,50,19900
20240205,15:04:17,20.35,250,19900
20240205,15:04:18,20.25,100,19900
20240205,15:04:20,20.1,50,19900
20240205,15:04:23,20.45,100,19900
20240205,15:04:30,20.65,50,19900
20240205,15:04:47,20.5,50,19900
20240205,15:04:58,19.7,50,19900
20240205,15:05:02,19.85,100,19150
20240205,15:05:03,19.85,4750,19150
20240205,15:05:08,20.0,50,19150
20240205,15:05:10,20.3,50,19150
20240205,15:05:12,20.3,50,19150
20240205,15:05:13,20.5,100,19150
20240205,15:05:17,20.55,200,19150
20240205,15:05:18,20.5,150,19150
20240205,15:05:20,20.7,450,19150
20240205,15:05:22,20.55,100,19150
20240205,15:05:30,20.4,150,19150
20240205,15:05:32,20.2,800,19150
20240205,15:05:33,20.3,1000,19150
20240205,15:05:37,20.15,350,19150
20240205,15:05:38,20.2,750,19150
20240205,15:05:42,20.25,100,19150
20240205,15:05:47,20.05,100,19150
20240205,15:05:49,20.1,350,19150
20240205,15:05:52,19.9,50,19150
20240205,15:05:57,19.55,100,19150
20240205,15:06:04,19.7,50,19150
20240205,15:06:05,19.7,50,19150
20240205,15:06:07,19.45,150,19150
20240205,15:06:10,19.25,200,19150
20240205,15:06:12,19.1,50,19150
20240205,15:06:15,19.1,150,19150
20240205,15:06:25,19.25,200,19150
20240205,15:06:33,19.55,50,19150
20240205,15:06:48,19.8,200,19150
20240205,15:06:50,19.8,250,19150
20240205,15:06:55,19.95,450,19150
20240205,15:07:00,19.9,150,19150
20240205,15:07:02,20.15,100,19150
20240205,15:07:12,19.9,100,19150
20240205,15:07:13,19.95,50,19150
20240205,15:07:27,19.25,100,19150
20240205,15:07:35,19.4,50,19150
20240205,15:07:38,19.2,100,19150
20240205,15:07:40,19.1,200,19150
20240205,15:07:42,19.0,100,19150
20240205,15:07:43,18.9,200,19150
20240205,15:07:58,19.4,150,19150
20240205,15:08:00,19.2,50,19150
20240205,15:08:02,19.2,300,19400
20240205,15:08:07,19.4,100,19400
20240205,15:08:17,19.4,300,19400
20240205,15:08:23,18.95,50,19400
20240205,15:08:33,18.95,100,19400
20240205,15:08:35,18.6,50,19400
20240205,15:08:42,18.25,50,19400
20240205,15:08:45,18.15,50,19400
20240205,15:08:53,17.75,50,19400
20240205,15:09:03,17.7,150,19400
20240205,15:09:06,17.5,100,19400
20240205,15:09:40,17.05,1050,19400
20240205,15:09:41,17.15,250,19400
20240205,15:09:56,17.35,100,19400
20240205,15:09:58,17.4,250,19400
20240205,15:10:03,17.75,100,19400
20240205,15:10:15,17.6,250,19400
20240205,15:10:16,17.4,300,19400
20240205,15:10:31,17.45,400,19400
20240205,15:10:35,17.65,150,19400
20240205,15:11:00,17.75,50,19400
20240205,15:11:03,17.9,50,20350
20240205,15:11:10,18.2,100,20350
20240205,15:11:11,18.2,200,20350
20240205,15:11:14,18.3,50,20350
20240205,15:11:16,18.4,100,20350
20240205,15:11:18,18.7,150,20350
20240205,15:11:21,18.45,600,20350
20240205,15:11:23,18.65,50,20350
20240205,15:11:31,18.55,50,20350
20240205,15:12:12,19.05,550,20350
20240205,15:12:21,18.75,700,20350
20240205,15:12:31,18.75,400,20350
20240205,15:12:41,19.45,50,20350
20240205,15:12:51,19.65,50,20350
20240205,15:13:01,19.5,300,20350
20240205,15:13:04,19.8,50,20350
20240205,15:13:07,19.75,50,20350
20240205,15:13:11,19.8,100,20350
20240205,15:13:12,19.85,200,20350
20240205,15:13:17,20.0,50,20350
20240205,15:13:21,19.7,50,20350
20240205,15:13:24,19.45,50,20350
20240205,15:13:36,19.6,50,20350
20240205,15:13:44,19.9,50,20350
20240205,15:13:46,19.75,250,20350
20240205,15:13:56,19.35,50,20350
20240205,15:14:04,19.9,50,20800
20240205,15:14:05,19.75,50,20800
20240205,15:14:07,19.8,150,20800
20240205,15:14:12,19.9,100,20800
20240205,15:14:27,19.8,50,20800
20240205,15:14:32,19.75,50,20800
20240205,15:14:34,19.95,50,20800
20240205,15:14:52,20.25,100,20800
20240205,15:15:02,20.4,100,20800
20240205,15:15:16,20.5,50,20800
20240205,15:15:21,20.3,50,20800
20240205,15:15:24,20.6,250,20800
20240205,15:15:26,20.6,350,20800
20240205,15:15:27,20.8,250,20800
20240205,15:15:32,20.55,250,20800
20240205,15:15:44,20.3,50,20800
20240205,15:15:54,20.6,100,20800
20240205,15:16:09,20.7,50,20800
20240205,15:16:17,20.3,50,20800
20240205,15:16:19,20.3,50,20800
20240205,15:16:21,20.35,50,20800
20240205,15:16:46,20.5,50,20800
20240205,15:16:51,20.3,50,20800
20240205,15:16:52,20.2,50,20800
20240205,15:16:54,19.9,250,20800
20240205,15:16:57,19.8,50,20800
20240205,15:17:01,19.75,50,20800
20240205,15:17:03,19.7,50,20800
20240205,15:17:04,19.55,200,20800
20240205,15:17:08,19.35,50,20800
20240205,15:17:11,19.4,100,20800
20240205,15:17:19,19.75,150,20800
20240205,15:17:32,19.6,100,20800
20240205,15:17:34,19.5,50,20800
20240205,15:17:44,19.4,50,20800
20240205,15:17:57,19.4,50,20800
20240205,15:18:06,19.55,50,20800
20240205,15:18:07,19.45,100,20800
20240205,15:18:09,19.25,50,20800
20240205,15:18:27,19.7,50,20800
20240205,15:18:35,20.0,100,20800
20240205,15:18:37,20.1,150,20800
20240205,15:18:44,20.3,300,20800
20240205,15:18:52,19.95,100,20800
20240205,15:19:00,20.1,150,20800
20240205,15:19:04,20.3,50,20800
20240205,15:19:14,20.05,50,20800
20240205,15:19:17,20.35,100,20800
20240205,15:19:24,20.25,50,20800
20240205,15:19:34,20.35,50,20800
20240205,15:19:40,20.45,50,20800
20240205,15:20:02,20.2,100,20800
20240205,15:20:05,20.7,50,21100
20240205,15:20:12,20.35,100,21100
20240205,15:20:23,20.55,50,21100
20240205,15:20:47,20.95,350,21100
20240205,15:20:48,20.8,50,21100
20240205,15:20:57,20.95,100,21100
20240205,15:20:58,20.8,100,21100
20240205,15:21:05,20.85,50,21100
20240205,15:21:07,20.9,50,21100
20240205,15:21:10,20.9,50,21100
20240205,15:21:22,20.95,100,21100
20240205,15:21:32,20.5,50,21100
20240205,15:21:34,20.75,100,21100
20240205,15:21:49,20.75,50,21100
20240205,15:22:20,20.1,50,21100
20240205,15:22:30,20.1,100,21100
20240205,15:22:39,20.25,50,21100
20240205,15:23:07,20.2,100,21250
20240205,15:24:07,20.0,50,21250
20240205,15:24:25,20.4,50,21250
20240205,15:24:59,20.55,50,21250
20240205,15:25:25,20.15,950,21250
20240205,15:25:34,20.5,50,21250
20240205,15:25:52,20.65,150,21250
20240205,15:26:01,20.7,100,21250
20240205,15:26:16,20.8,100,22150
20240205,15:26:31,20.95,100,22150
20240205,15:26:54,21.05,50,22150
20240205,15:27:19,21.25,200,22150
20240205,15:27:28,21.0,250,22150
20240205,15:27:36,21.35,300,22150
20240205,15:27:53,20.95,50,22150
20240205,15:28:02,21.0,450,22150
20240205,15:28:20,20.75,100,22150
20240205,15:28:39,20.85,350,22150
20240205,15:28:47,20.65,100,22150
20240205,15:29:05,20.75,100,22150
20240205,15:29:22,20.75,200,22050
20240205,15:29:31,20.8,100,22050
20240205,15:29:50,20.9,50,22050
20240206,09:15:24,19.3,1,21300
20240206,09:15:24,19.25,1,21300
20240206,09:15:24,19.3,200,21300
20240206,09:15:33,18.9,200,21300
20240206,09:16:15,17.8,150,21300
20240206,09:16:25,17.8,50,21300
20240206,09:17:21,19.5,100,21600
20240206,09:17:41,19.9,450,21600
20240206,09:17:50,20.35,200,21600
20240206,09:18:09,20.95,400,21600
20240206,09:18:19,21.1,450,21600
20240206,09:18:28,21.7,50,21600
20240206,09:18:39,21.7,50,21600
20240206,09:18:49,21.7,100,21600
20240206,09:18:58,21.5,100,21600
20240206,09:19:07,21.1,250,21600
20240206,09:19:16,21.05,50,21600
20240206,09:19:26,20.6,700,21600
20240206,09:19:35,20.05,400,21750
20240206,09:19:55,20.15,150,21750
20240206,09:20:04,20.25,350,21750
20240206,09:20:12,20.9,350,21750
20240206,09:20:21,21.1,100,21750
20240206,09:20:31,21.75,100,21750
20240206,09:20:50,21.75,300,21750
20240206,09:20:59,21.8,50,21750
20240206,09:21:08,21.8,100,21750
20240206,09:21:17,21.75,100,21750
20240206,09:21:26,21.5,250,21750
20240206,09:21:35,21.5,100,21750
20240206,09:22:24,22.15,50,21750
20240206,09:22:32,22.15,50,22250
20240206,09:22:52,21.2,50,22250
20240206,09:23:02,20.4,50,22250
20240206,09:23:21,20.15,50,22250
20240206,09:23:31,19.75,100,22250
20240206,09:23:39,20.05,100,22250
20240206,09:23:47,19.5,100,22250
20240206,09:24:13,20.05,200,22250
20240206,09:24:56,19.65,200,22250
20240206,09:25:07,19.75,100,22250
20240206,09:25:29,19.35,50,22250
20240206,09:25:42,19.35,50,22200
20240206,09:25:55,18.6,1100,22200
20240206,09:26:07,18.45,550,22200
20240206,09:26:18,18.9,1550,22200
20240206,09:26:30,19.2,150,22200
20240206,09:26:41,19.2,300,22200
20240206,09:26:53,19.2,1050,22200
20240206,09:27:04,18.85,450,22200
20240206,09:27:15,19.3,2000,22200
20240206,09:27:27,19.05,150,22200
20240206,09:27:39,18.9,450,22200
20240206,09:27:50,18.9,650,22200
20240206,09:28:01,18.75,350,22200
20240206,09:28:13,18.45,300,22200
20240206,09:28:24,18.5,200,22200
20240206,09:28:36,18.5,550,28200
20240206,09:28:47,18.75,350,28200
20240206,09:28:58,18.65,150,28200
20240206,09:29:08,18.7,650,28200
20240206,09:29:19,18.9,100,28200
20240206,09:29:29,18.9,200,28200
20240206,09:29:40,18.95,150,28200
20240206,09:29:58,18.85,350,28200
20240206,09:30:01,18.95,100,28200
20240206,09:30:11,18.85,50,28200
20240206,09:30:29,18.5,50,28200
20240206,09:30:44,18.6,150,28200
20240206,09:31:19,18.3,50,28200
20240206,09:31:29,18.25,350,28200
20240206,09:31:41,18.35,300,29150
20240206,09:31:51,18.5,50,29150
20240206,09:32:01,18.4,150,29150
20240206,09:32:11,18.1,3300,29150
20240206,09:32:22,18.0,150,29150
20240206,09:32:33,17.8,250,29150
20240206,09:32:45,17.9,200,29150
20240206,09:32:58,17.6,550,29150
20240206,09:33:13,17.5,150,29150
20240206,09:33:25,17.4,400,29150
20240206,09:33:28,17.45,50,29150
20240206,09:33:32,17.5,50,29150
20240206,09:33:35,17.6,100,29150
20240206,09:33:37,17.6,50,29150
20240206,09:34:06,17.95,600,29150
20240206,09:34:17,18.05,100,29150
20240206,09:34:28,18.05,250,29150
20240206,09:34:59,17.6,100,32550
20240206,09:35:01,17.55,50,32550
20240206,09:35:24,18.0,100,32550
20240206,09:35:31,18.0,300,32550
20240206,09:35:36,17.7,50,32550
20240206,09:36:22,17.75,100,32550
20240206,09:36:27,17.65,350,32550
20240206,09:36:32,17.6,50,32550
20240206,09:36:47,17.75,100,32550
20240206,09:37:14,17.6,200,32550
20240206,09:37:34,17.55,300,32700
20240206,09:37:44,17.35,50,32700
20240206,09:37:55,17.15,50,32700
20240206,09:38:06,17.1,150,32700
20240206,09:38:19,17.05,250,32700
20240206,09:38:43,16.85,250,32700
20240206,09:38:55,16.8,50,32700
20240206,09:39:07,16.5,200,32700
20240206,09:39:20,16.4,2700,32700
20240206,09:39:32,16.5,250,32700
20240206,09:39:44,16.65,1200,32700
20240206,09:39:56,16.5,2300,32700
20240206,09:40:07,16.75,850,32700
20240206,09:40:18,16.65,250,32700
20240206,09:40:30,17.1,1400,34100
20240206,09:40:42,16.95,500,34100
20240206,09:40:53,17.3,200,34100
20240206,09:40:59,17.3,50,34100
20240206,09:41:02,17.4,350,34100
20240206,09:41:07,17.6,50,34100
20240206,09:41:12,17.5,100,34100
20240206,09:41:15,17.45,50,34100
20240206,09:41:17,17.55,350,34100
20240206,09:41:20,17.55,300,34100
20240206,09:41:22,17.45,150,34100
20240206,09:41:24,17.55,100,34100
20240206,09:41:29,17.7,100,34100
20240206,09:41:30,17.75,100,34100
20240206,09:41:34,17.8,350,34100
20240206,09:41:35,17.75,100,34100
20240206,09:41:37,17.7,50,34100
20240206,09:41:40,17.6,50,34100
20240206,09:41:42,17.5,300,34100
20240206,09:41:45,17.5,100,34100
20240206,09:41:50,17.6,50,34100
20240206,09:41:52,17.6,150,34100
20240206,09:41:55,17.7,100,34100
20240206,09:41:58,17.55,50,34100
20240206,09:42:08,17.55,50,34100
20240206,09:42:13,17.35,50,34100
20240206,09:42:20,17.35,50,34100
20240206,09:42:22,17.25,50,34100
20240206,09:42:30,17.3,150,34100
20240206,09:42:33,17.35,50,34100
20240206,09:42:50,17.45,50,34100
20240206,09:42:53,17.5,50,34100
20240206,09:42:55,17.55,200,34100
20240206,09:43:08,17.85,300,34100
20240206,09:43:18,17.7,250,34100
20240206,09:43:28,17.8,2000,34100
20240206,09:43:38,17.6,200,34900
20240206,09:43:49,17.55,100,34900
20240206,09:43:59,17.75,200,34900
20240206,09:44:04,17.75,50,34900
20240206,09:44:10,17.75,450,34900
20240206,09:44:19,17.75,50,34900
20240206,09:44:25,17.55,50,34900
20240206,09:45:28,17.5,350,34900
20240206,09:45:30,17.5,100,34900
20240206,09:45:41,17.3,50,34900
20240206,09:45:46,17.25,50,34900
20240206,09:45:48,17.25,50,34900
20240206,09:45:51,17.3,50,34900
20240206,09:45:58,17.2,50,34900
20240206,09:46:08,17.15,100,34900
20240206,09:46:18,17.15,100,34900
20240206,09:46:21,17.4,100,34900
20240206,09:46:31,17.5,150,34850
20240206,09:46:33,17.5,50,34850
20240206,09:46:41,17.5,50,34850
20240206,09:46:44,17.55,50,34850
20240206,09:46:46,17.55,100,34850
20240206,09:46:52,17.65,100,34850
20240206,09:46:54,17.55,50,34850
20240206,09:46:59,17.7,50,34850
20240206,09:47:00,17.7,100,34850
20240206,09:47:17,17.65,50,34850
20240206,09:47:20,17.7,50,34850
20240206,09:47:22,17.7,50,34850
20240206,09:47:24,17.6,1050,34850
20240206,09:47:29,17.65,100,34850
20240206,09:47:30,17.6,100,34850
20240206,09:47:35,17.45,50,34850
20240206,09:47:39,17.55,50,34850
20240206,09:47:42,17.45,50,34850
20240206,09:48:00,17.3,50,34850
20240206,09:48:18,17.15,50,34850
20240206,09:48:36,17.5,100,34850
20240206,09:48:52,17.35,50,34850
20240206,09:48:55,17.3,50,34850
20240206,09:48:59,17.25,100,34850
20240206,09:49:00,17.3,150,34850
20240206,09:49:02,17.2,50,34850
20240206,09:49:12,17.15,50,34850
20240206,09:49:13,17.1,50,34850
20240206,09:49:15,17.15,50,34850
20240206,09:49:21,17.05,50,34850
20240206,09:49:33,17.05,100,33750
20240206,09:49:42,16.65,100,33750
20240206,09:49:46,16.65,50,33750
20240206,09:49:50,16.6,50,33750
20240206,09:49:57,16.6,50,33750
20240206,09:50:00,16.7,300,33750
20240206,09:50:02,16.75,50,33750
20240206,09:50:15,16.95,50,33750
20240206,09:50:23,16.75,100,33750
20240206,09:50:24,16.75,150,33750
20240206,09:50:26,16.65,300,33750
20240206,09:50:28,16.85,100,33750
20240206,09:50:33,16.9,50,33750
20240206,09:51:19,16.9,50,33750
20240206,09:51:20,16.85,1000,33750
20240206,09:52:00,17.05,100,33750
20240206,09:52:04,17.05,50,33750
20240206,09:52:09,16.95,50,33750
20240206,09:52:11,17.0,50,33750
20240206,09:52:18,17.1,100,33750
20240206,09:52:24,17.05,50,33750
20240206,09:52:28,17.05,50,33750
20240206,09:52:39,17.15,50,33750
20240206,09:52:43,17.15,50,34250
20240206,09:52:48,17.0,50,34250
20240206,09:52:51,17.1,50,34250
20240206,09:52:52,16.95,50,34250
20240206,09:52:59,17.0,50,34250
20240206,09:53:21,17.35,50,34250
20240206,09:53:39,17.45,150,34250
20240206,09:54:12,17.45,250,34250
20240206,09:54:15,17.55,50,34250
20240206,09:54:19,17.5,100,34250
20240206,09:54:32,17.35,50,34250
20240206,09:54:38,17.3,100,34250
20240206,09:55:11,17.45,200,34250
20240206,09:55:21,17.4,100,34250
20240206,09:55:26,17.45,50,34250
20240206,09:55:41,17.5,100,34150
20240206,09:55:46,17.4,50,34150
20240206,09:55:52,17.45,50,34150
20240206,09:56:07,17.3,50,34150
20240206,09:56:45,17.05,50,34150
20240206,09:56:47,17.2,50,34150
20240206,09:56:55,17.1,50,34150
20240206,09:56:56,17.2,150,34150
20240206,09:57:00,17.2,100,34150
20240206,09:58:54,16.65,50,34250
20240206,09:59:28,16.75,50,34250
20240206,09:59:49,16.9,50,34250
20240206,10:00:19,16.65,50,34250
20240206,10:00:58,16.75,50,34250
20240206,10:01:22,16.75,50,34250
20240206,10:01:29,16.85,50,34250
20240206,10:01:38,16.75,50,34250
20240206,10:01:41,16.8,50,34250
20240206,10:02:19,16.65,50,34250
20240206,10:02:39,16.65,150,34250
20240206,10:02:49,16.5,50,34250
20240206,10:03:26,16.1,250,34250
20240206,10:03:38,16.1,50,34250
20240206,10:04:01,16.2,100,34250
20240206,10:04:34,16.15,50,34250
20240206,10:04:45,16.2,200,34200
20240206,10:04:56,16.35,150,34200
20240206,10:05:08,16.4,250,34200
20240206,10:05:31,16.35,100,34200
20240206,10:06:06,16.7,50,34200
20240206,10:06:26,16.6,50,34200
20240206,10:06:29,16.75,100,34200
20240206,10:06:34,16.6,50,34200
20240206,10:06:39,16.5,250,34200
20240206,10:06:41,16.5,50,34200
20240206,10:06:43,16.5,200,34200
20240206,10:08:09,16.9,250,34200
20240206,10:08:20,16.85,50,34200
20240206,10:09:12,16.55,100,34200
20240206,10:09:22,16.6,50,34200
20240206,10:10:22,16.5,50,34200
20240206,10:12:33,16.35,50,34050
20240206,10:12:43,16.45,50,34050
20240206,10:14:33,16.6,250,34150
20240206,10:14:43,16.6,50,34150
20240206,10:15:00,16.55,50,34150
20240206,10:15:12,16.6,200,34150
20240206,10:15:17,16.65,50,34150
20240206,10:15:23,16.75,100,34150
20240206,10:16:31,16.65,150,34150
20240206,10:24:28,16.85,50,34050
20240206,10:25:07,17.3,150,34050
20240206,10:25:09,17.15,50,34050
20240206,10:25:39,17.55,150,34050
20240206,10:25:40,17.55,150,34050
20240206,10:25:42,17.5,100,34050
20240206,10:25:44,17.45,50,34050
20240206,10:25:49,17.4,50,34050
20240206,10:25:52,17.55,150,34050
20240206,10:26:12,17.25,1350,34050
20240206,10:26:21,17.4,550,34050
20240206,10:26:31,17.7,200,34050
20240206,10:26:52,17.5,50,34050
20240206,10:27:32,17.65,200,34050
20240206,10:27:49,17.6,50,34050
20240206,10:27:58,17.6,100,34050
20240206,10:28:08,17.6,100,34050
20240206,10:28:26,17.5,50,34050
20240206,10:28:55,17.6,50,34100
20240206,10:29:05,17.65,250,34100
20240206,10:30:08,17.65,100,34100
20240206,10:30:19,18.1,100,34100
20240206,10:30:29,18.8,100,34100
20240206,10:30:49,19.1,50,34100
20240206,10:31:00,18.95,100,34100
20240206,10:31:10,18.75,250,34100
20240206,10:32:01,17.95,100,34000
20240206,10:32:21,19.2,100,34000
20240206,10:32:49,19.2,150,34000
20240206,10:32:58,19.3,50,34000
20240206,10:33:07,19.3,100,34000
20240206,10:33:26,19.3,550,34000
20240206,10:33:35,19.2,200,34000
20240206,10:33:54,18.65,100,34000
20240206,10:34:04,18.55,50,34000
20240206,10:34:13,18.85,100,34000
20240206,10:34:23,19.35,650,34000
20240206,10:34:33,19.15,50,34000
20240206,10:34:42,19.35,50,34050
20240206,10:34:51,19.2,350,34050
20240206,10:35:38,19.05,100,34050
20240206,10:35:47,18.45,50,34050
20240206,10:36:07,18.9,400,34050
20240206,10:36:26,18.85,200,34050
20240206,10:36:44,18.8,850,34050
20240206,10:36:54,18.85,650,34050
20240206,10:37:22,19.0,50,34050
20240206,10:38:09,18.45,100,34000
20240206,10:38:37,18.3,50,34000
20240206,10:38:45,18.0,50,34000
20240206,10:38:55,17.85,100,34000
20240206,10:38:58,17.8,50,34000
20240206,10:39:04,17.65,50,34000
20240206,10:39:05,17.65,100,34000
20240206,10:39:07,17.8,50,34000
20240206,10:39:13,17.85,50,34000
20240206,10:39:22,17.85,50,34000
20240206,10:39:36,17.5,50,34000
20240206,10:39:45,17.65,50,34000
20240206,10:39:51,18.05,150,34000
20240206,10:40:07,18.0,100,34000
20240206,10:40:15,17.95,50,34000
20240206,10:40:49,18.3,50,34050
20240206,10:41:05,18.15,100,34050
20240206,10:41:39,18.5,250,34050
20240206,10:41:56,18.5,50,34050
20240206,10:42:01,18.7,250,34050
20240206,10:42:40,18.85,50,34050
20240206,10:43:40,18.15,200,34050
20240206,10:44:39,17.55,250,34300
20240206,10:45:20,17.1,50,34300
20240206,10:45:49,16.85,50,34300
20240206,10:47:49,17.15,50,34300
20240206,10:47:57,17.5,50,34300
20240206,10:48:50,17.0,900,34300
20240206,10:49:14,17.05,50,34300
20240206,10:49:31,17.15,150,34300
20240206,10:51:11,16.8,50,35250
20240206,10:51:26,16.75,200,35250
20240206,10:51:34,16.65,100,35250
20240206,10:53:24,16.9,50,35250
20240206,10:53:34,16.6,100,35250
20240206,10:54:11,16.35,100,35250
20240206,10:54:30,16.35,100,35250
20240206,10:55:14,16.1,50,35250
20240206,10:55:23,16.15,50,35250
20240206,10:55:32,16.15,250,35250
20240206,10:55:41,16.3,50,35250
20240206,10:56:19,16.5,100,35200
20240206,10:57:04,16.55,50,35200
20240206,10:57:34,16.55,100,35200
20240206,10:57:41,16.4,50,35200
20240206,10:58:21,16.05,150,35200
20240206,10:59:10,16.0,450,35250
20240206,10:59:40,15.75,150,35250
20240206,10:59:49,15.6,50,35250
20240206,11:00:09,15.6,50,35250
20240206,11:00:31,15.5,100,35250
20240206,11:01:38,15.5,50,35250
20240206,11:02:42,15.85,50,35250
20240206,11:03:35,16.0,50,35250
20240206,11:07:35,16.85,50,35500
20240206,11:07:43,16.85,50,35500
20240206,11:07:51,16.85,50,35500
20240206,11:07:59,16.55,50,35500
20240206,11:08:18,16.35,50,35500
20240206,11:08:31,16.2,250,35500
20240206,11:09:07,16.1,250,35500
20240206,11:09:43,16.05,50,35500
20240206,11:10:37,15.85,50,35500
20240206,11:10:47,15.9,50,35500
20240206,11:10:56,15.85,50,35500
20240206,11:13:19,15.7,50,35500
20240206,11:16:46,15.45,50,35350
20240206,11:16:56,15.45,50,35300
20240206,11:17:16,15.35,200,35300
20240206,11:17:32,15.35,50,35300
20240206,11:18:17,15.35,50,35300
20240206,11:19:01,15.4,50,35300
20240206,11:19:22,15.4,50,35300
20240206,11:19:28,15.4,50,35300
20240206,11:19:48,15.5,50,35300
20240206,11:23:36,15.7,50,35350
20240206,11:24:07,15.75,50,35350
20240206,11:26:16,15.7,100,35300
20240206,11:30:48,15.85,50,35300
20240206,11:31:29,15.85,50,35300
20240206,11:31:34,15.75,100,35300
20240206,11:32:41,15.5,100,35250
20240206,11:32:51,15.5,100,35250
20240206,11:33:01,15.6,50,35250
20240206,11:33:14,15.35,50,35250
20240206,11:33:28,15.05,100,35250
20240206,11:33:42,15.3,150,35250
20240206,11:33:54,15.25,50,35250
20240206,11:34:22,14.85,750,35250
20240206,11:34:36,15.0,50,35250
20240206,11:35:03,14.85,100,35250
20240206,11:35:17,15.0,500,35250
20240206,11:35:31,14.95,50,35250
20240206,11:37:10,15.3,200,35250
20240206,11:37:22,15.3,50,35250
20240206,11:38:22,15.4,50,35150
20240206,11:39:06,15.45,50,35150
20240206,11:40:12,15.3,100,35150
20240206,11:40:44,15.35,50,35150
20240206,11:41:58,15.55,150,35200
20240206,11:43:43,15.8,500,35200
20240206,11:43:55,15.7,50,35350
20240206,11:46:39,15.65,50,35350
20240206,11:48:54,15.9,50,35300
20240206,11:49:26,15.95,100,35300
20240206,11:51:14,15.75,50,35300
20240206,11:52:33,15.95,50,35300
20240206,11:54:29,15.6,50,35350
20240206,11:55:31,15.45,50,35350
20240206,11:55:41,15.55,50,35350
20240206,11:55:50,15.65,650,35350
20240206,11:56:05,15.6,1200,35850
20240206,11:56:21,15.65,50,35850
20240206,11:56:37,15.7,50,35850
20240206,11:57:53,15.45,250,35850
20240206,11:58:07,15.45,50,35850
20240206,11:59:42,14.95,50,35950
20240206,12:00:06,15.1,200,35950
20240206,12:00:19,14.95,100,35950
20240206,12:01:16,15.45,100,35950
20240206,12:01:28,15.25,50,35950
20240206,12:01:52,15.2,50,35950
20240206,12:02:16,15.25,50,35900
20240206,12:02:28,15.2,100,35900
20240206,12:03:02,15.25,50,35900
20240206,12:03:25,15.45,400,35900
20240206,12:05:03,15.45,250,36100
20240206,12:05:13,15.5,100,36100
20240206,12:07:48,15.3,150,36100
20240206,12:08:29,15.3,100,36400
20240206,12:09:03,15.4,50,36400
20240206,12:09:11,15.05,150,36400
20240206,12:09:17,14.9,100,36400
20240206,12:09:24,15.0,450,36400
20240206,12:09:51,14.75,100,36400
20240206,12:10:09,15.0,50,36400
20240206,12:10:16,15.05,250,36400
20240206,12:11:01,14.95,50,36400
20240206,12:11:11,14.9,100,36500
20240206,12:11:33,15.0,150,36500
20240206,12:11:45,15.05,50,36500
20240206,12:11:55,15.4,50,36500
20240206,12:12:05,15.55,50,36500
20240206,12:12:26,14.95,250,36500
20240206,12:12:39,14.9,350,36500
20240206,12:12:52,14.65,850,36500
20240206,12:13:04,14.75,500,36500
20240206,12:13:17,14.85,200,36500
20240206,12:13:27,15.0,100,36500
20240206,12:13:54,15.0,100,36500
20240206,12:14:02,15.1,50,38950
20240206,12:14:25,15.1,50,38950
20240206,12:14:34,14.85,50,38950
20240206,12:14:44,14.85,50,38950
20240206,12:14:52,14.8,200,38950
20240206,12:15:25,14.65,950,38950
20240206,12:15:34,14.75,50,38950
20240206,12:16:27,14.85,50,38950
20240206,12:16:34,14.95,50,38950
20240206,12:17:00,14.85,50,38700
20240206,12:17:52,15.1,100,38700
20240206,12:17:58,14.95,50,38700
20240206,12:18:42,15.0,50,38700
20240206,12:19:22,15.05,50,38700
20240206,12:19:59,14.8,250,38800
20240206,12:20:05,14.85,50,38800
20240206,12:21:49,14.8,50,38800
20240206,12:22:59,15.35,200,39100
20240206,12:23:40,15.45,50,39100
20240206,12:24:55,15.8,350,39100
20240206,12:25:14,15.95,150,39100
20240206,12:25:23,15.9,250,39100
20240206,12:25:31,15.85,150,39100
20240206,12:25:40,15.55,300,39100
20240206,12:26:15,15.15,100,38850
20240206,12:26:24,15.15,50,38850
20240206,12:26:41,15.2,50,38850
20240206,12:27:27,15.8,50,38850
20240206,12:30:18,15.35,50,38850
20240206,12:30:33,15.25,50,38850
20240206,12:31:27,15.2,50,38850
20240206,12:32:32,14.85,50,38850
20240206,12:32:51,15.0,50,38850
20240206,12:33:31,14.9,50,38850
20240206,12:33:59,14.9,50,38850
20240206,12:34:53,14.85,50,38850
20240206,12:35:07,14.9,50,38750
20240206,12:36:02,14.8,100,38750
20240206,12:36:11,14.85,200,38750
20240206,12:36:49,14.6,100,38750
20240206,12:36:57,14.6,200,38750
20240206,12:37:06,14.65,200,38750
20240206,12:37:15,14.7,1900,38750
20240206,12:37:22,14.75,50,38750
20240206,12:37:44,14.75,50,38750
20240206,12:38:00,14.8,350,38800
20240206,12:38:08,14.65,750,38800
20240206,12:38:28,14.5,100,38800
20240206,12:38:44,14.5,50,38800
20240206,12:38:53,14.7,50,38800
20240206,12:39:09,14.6,100,38800
20240206,12:39:17,14.45,50,38800
20240206,12:39:50,14.45,50,38800
20240206,12:40:43,14.45,50,38800
20240206,12:41:11,14.5,100,38650
20240206,12:41:30,14.45,50,38650
20240206,12:41:35,14.5,50,38650
20240206,12:41:55,14.65,250,38650
20240206,12:42:01,14.65,200,38650
20240206,12:42:30,14.5,50,38650
20240206,12:42:36,14.75,100,38650
20240206,12:42:43,14.7,50,38650
20240206,12:42:54,14.7,50,38650
20240206,12:43:06,14.6,200,38650
20240206,12:43:12,14.55,50,38650
20240206,12:43:46,14.65,50,38650
20240206,12:44:55,14.7,50,38350
20240206,12:45:06,14.5,150,38350
20240206,12:48:55,15.4,200,38350
20240206,12:49:03,15.5,350,38350
20240206,12:49:46,15.4,50,38350
20240206,12:50:08,15.35,50,38600
20240206,12:50:29,15.3,100,38600
20240206,12:52:10,15.4,50,38600
20240206,12:52:24,15.35,50,38600
20240206,12:52:44,15.25,100,38600
20240206,12:52:51,15.3,50,38600
20240206,12:53:23,15.35,150,38750
20240206,12:53:38,15.5,50,38750
20240206,12:53:55,15.65,100,38750
20240206,12:54:46,15.05,150,38750
20240206,12:54:53,15.0,50,38750
20240206,12:55:07,15.2,50,38750
20240206,12:55:35,15.05,50,38750
20240206,12:55:48,15.15,100,38750
20240206,12:55:55,15.2,50,38750
20240206,13:01:07,15.05,50,38450
20240206,13:01:46,14.85,400,38450
20240206,13:02:12,14.9,100,38450
20240206,13:02:27,14.75,50,38450
20240206,13:02:52,14.75,50,38450
20240206,13:06:08,14.65,50,38300
20240206,13:06:45,14.3,1100,38300
20240206,13:07:01,14.25,50,38300
20240206,13:08:03,14.2,50,38300
20240206,13:08:17,14.2,150,37200
20240206,13:08:37,14.2,50,37200
20240206,13:08:48,14.2,50,37200
20240206,13:09:37,14.25,150,37200
20240206,13:09:43,14.25,100,37200
20240206,13:14:07,14.45,50,37200
20240206,13:14:13,14.4,50,37200
20240206,13:18:45,14.5,50,37250
20240206,13:21:02,14.6,50,37250
20240206,13:21:16,14.5,50,37250
20240206,13:21:43,14.4,50,37250
20240206,13:22:11,14.4,300,37250
20240206,13:22:34,14.65,100,37250
20240206,13:23:37,14.45,200,37600
20240206,13:23:41,14.3,50,37600
20240206,13:24:07,14.45,50,37600
20240206,13:24:42,14.45,50,37600
20240206,13:25:05,14.45,50,37600
20240206,13:26:26,14.25,50,37450
20240206,13:26:54,14.25,50,37450
20240206,13:27:10,14.15,100,37450
20240206,13:27:36,14.15,50,37450
20240206,13:27:50,14.2,50,37450
20240206,13:28:30,14.1,250,37450
20240206,13:29:23,14.05,100,37700
20240206,13:29:31,14.0,50,37700
20240206,13:29:37,14.0,50,37700
20240206,13:29:50,14.1,50,37700
20240206,13:30:03,14.15,50,37700
20240206,13:30:10,14.2,50,37700
20240206,13:30:38,13.9,100,37700
20240206,13:30:50,13.9,100,37700
20240206,13:32:31,14.05,50,37700
20240206,13:32:40,14.05,100,37700
20240206,13:33:51,13.95,50,37700
20240206,13:34:39,13.85,50,37700
20240206,13:34:47,13.85,1000,37700
20240206,13:35:01,13.85,150,37700
20240206,13:35:08,13.8,50,37700
20240206,13:35:15,13.8,50,37850
20240206,13:35:39,14.0,50,37850
20240206,13:35:56,14.05,50,37850
20240206,13:36:31,14.2,350,37850
20240206,13:36:52,14.1,200,37850
20240206,13:37:04,14.55,300,37850
20240206,13:37:16,14.55,800,37850
20240206,13:37:27,14.75,550,37850
20240206,13:37:45,14.7,50,37850
20240206,13:37:54,15.0,50,37850
20240206,13:38:03,14.7,150,37850
20240206,13:38:20,14.6,50,38000
20240206,13:38:50,14.3,150,38000
20240206,13:39:00,14.35,50,38000
20240206,13:39:09,14.35,100,38000
20240206,13:39:16,14.45,100,38000
20240206,13:39:52,14.45,50,38000
20240206,13:40:22,14.4,350,38000
20240206,13:42:09,14.15,50,37750
20240206,13:42:21,14.25,50,37750
20240206,13:42:50,14.25,200,37750
20240206,13:43:08,14.45,50,37750
20240206,13:43:28,14.2,50,37750
20240206,13:43:54,14.25,50,37750
20240206,13:44:34,14.1,50,37750
20240206,13:44:45,14.1,50,37750
20240206,13:45:04,14.25,100,37750
20240206,13:46:34,14.4,50,37750
20240206,13:48:22,14.5,50,37800
20240206,13:50:31,14.4,50,37800
20240206,13:50:54,14.5,50,37800
20240206,13:51:12,14.45,50,37800
20240206,13:51:23,14.3,150,37800
20240206,13:51:52,14.45,50,37800
20240206,13:52:02,14.35,50,37800
20240206,13:52:12,14.3,150,37800
20240206,13:52:21,14.15,100,37800
20240206,13:52:31,14.15,50,37800
20240206,13:53:09,14.2,50,37800
20240206,13:54:00,14.2,50,38050
20240206,13:55:01,14.4,50,38050
20240206,13:56:23,14.5,50,38050
20240206,13:56:31,14.45,100,38050
20240206,13:56:39,14.45,600,38050
20240206,13:56:48,14.45,50,38050
20240206,13:57:46,14.5,100,38050
20240206,13:58:35,14.55,50,38050
20240206,13:58:51,14.55,50,38050
20240206,13:59:42,14.6,50,38750
20240206,14:03:46,14.15,250,38750
20240206,14:04:08,14.25,150,38750
20240206,14:04:48,14.1,50,38750
20240206,14:06:50,14.3,50,39000
20240206,14:07:33,14.5,50,39000
20240206,14:08:15,14.45,50,39000
20240206,14:08:47,14.6,100,39000
20240206,14:08:55,14.55,50,39000
20240206,14:11:05,14.5,100,39000
20240206,14:11:22,14.65,50,39000
20240206,14:12:28,15.05,50,39000
20240206,14:12:45,15.05,50,39000
20240206,14:13:27,15.3,50,39000
20240206,14:13:40,15.4,100,39000
20240206,14:15:40,14.95,50,39000
20240206,14:20:41,14.95,1500,39000
20240206,14:20:49,14.9,50,39000
20240206,14:20:59,14.75,250,39000
20240206,14:21:08,14.8,50,39000
20240206,14:24:37,15.0,150,39300
20240206,14:25:35,14.7,100,39300
20240206,14:26:58,14.95,50,39150
20240206,14:27:16,15.05,50,39150
20240206,14:29:10,15.05,50,39150
20240206,14:30:25,15.25,100,39200
20240206,14:30:40,15.1,50,39200
20240206,14:31:22,14.9,50,39200
20240206,14:34:49,14.5,50,39250
20240206,14:35:39,14.4,50,39200
20240206,14:37:54,14.6,150,39200
20240206,14:38:40,14.35,350,39250
20240206,14:38:49,14.25,200,39250
20240206,14:39:06,14.0,150,39250
20240206,14:39:17,13.8,100,39250
20240206,14:39:38,13.9,50,39250
20240206,14:40:08,14.0,150,39250
20240206,14:40:33,14.1,200,39250
20240206,14:40:42,14.05,50,39250
20240206,14:41:06,14.2,50,39250
20240206,14:41:14,14.15,50,39250
20240206,14:41:59,14.2,50,39700
20240206,14:42:14,14.05,50,39700
20240206,14:42:23,14.0,100,39700
20240206,14:42:31,14.05,50,39700
20240206,14:45:07,14.2,50,39800
20240206,14:45:16,14.35,100,39800
20240206,14:45:34,14.4,50,39800
20240206,14:45:42,14.5,50,39800
20240206,14:46:15,14.4,50,39800
20240206,14:46:22,14.45,50,39800
20240206,14:46:40,14.4,50,39800
20240206,14:47:02,14.35,50,39800
20240206,14:48:03,14.2,50,39750
20240206,14:48:10,14.25,50,39750
20240206,14:48:58,14.25,50,39750
20240206,14:49:04,14.25,50,39750
20240206,14:49:10,14.25,100,39750
20240206,14:49:22,14.3,250,39750
20240206,14:49:42,14.45,50,39750
20240206,14:49:55,14.5,100,39750
20240206,14:50:03,14.4,50,39750
20240206,14:50:57,14.45,50,39850
20240206,14:51:31,14.45,100,39850
20240206,14:52:24,14.45,50,39850
20240206,14:53:01,14.5,50,39850
20240206,14:53:07,14.55,150,39850
20240206,14:53:28,14.7,50,40000
20240206,14:53:34,14.75,50,40000
20240206,14:53:47,14.7,50,40000
20240206,14:54:42,15.5,50,40000
20240206,14:54:48,15.15,100,40000
20240206,14:55:40,15.6,50,40000
20240206,14:56:01,15.1,50,40000
20240206,14:56:17,14.95,50,40000
20240206,14:57:12,14.9,50,40300
20240206,14:58:37,14.55,50,40300
20240206,15:00:33,13.95,50,40050
20240206,15:01:46,13.85,50,40050
20240206,15:02:09,14.15,50,40050
20240206,15:02:26,14.1,50,39900
20240206,15:03:03,13.95,50,39900
20240206,15:04:16,13.5,150,39900
20240206,15:04:39,13.5,50,39900
20240206,15:04:59,13.55,50,39900
20240206,15:06:36,13.3,50,39850
20240206,15:06:49,13.2,100,39850
20240206,15:06:56,13.1,100,39850
20240206,15:07:15,13.1,150,39850
20240206,15:09:00,13.65,100,39950
20240206,15:09:19,13.5,50,39950
20240206,15:09:35,13.55,50,39950
20240206,15:11:07,13.65,200,39950
20240206,15:12:26,13.9,50,40000
20240206,15:12:38,13.9,50,40000
20240206,15:14:18,14.1,50,40000
20240206,15:15:02,13.85,200,40000
20240206,15:15:11,13.9,50,40000
20240206,15:15:19,14.15,350,40000
20240206,15:15:26,14.15,950,40000
20240206,15:15:35,14.1,600,40000
20240206,15:16:09,14.2,50,40000
20240206,15:17:02,14.15,50,40000
20240206,15:17:27,14.2,150,39800
20240206,15:18:11,14.25,150,39800
20240206,15:18:47,14.15,150,39800
20240206,15:18:53,14.3,50,39800
20240206,15:19:08,14.25,1000,39800
20240206,15:20:46,14.25,50,38950
20240206,15:21:08,14.25,50,38950
20240206,15:21:16,14.3,100,38950
20240206,15:21:35,14.05,200,38950
20240206,15:21:47,14.2,50,38950
20240206,15:21:52,14.15,50,38950
20240206,15:22:04,14.2,400,38950
20240206,15:22:16,14.15,450,38950
20240206,15:22:28,13.95,100,38950
20240206,15:22:51,13.85,200,38950
20240206,15:23:02,13.85,50,38950
20240206,15:23:15,13.8,150,38950
20240206,15:23:39,12.7,1600,39500
20240206,15:24:36,13.65,350,39500
20240206,15:24:44,13.75,350,39500
20240206,15:25:17,13.85,50,39500
20240206,15:25:35,14.1,750,39500
20240206,15:25:47,14.05,350,39500
20240206,15:25:57,14.05,500,39500
20240206,15:26:19,14.2,550,39500
20240206,15:26:28,14.2,250,39500
20240206,15:26:38,14.5,2150,41100
20240206,15:26:49,14.45,250,41100
20240206,15:27:01,14.55,500,41100
20240206,15:27:20,14.4,100,41100
20240206,15:27:27,14.3,550,41100
20240206,15:27:34,14.3,450,41100
20240206,15:27:53,14.25,450,41100
20240206,15:28:03,14.45,200,41100
20240206,15:28:12,14.4,800,41100
20240206,15:28:23,14.3,550,41100
20240206,15:28:33,14.35,250,41100
20240206,15:28:45,14.25,800,41100
20240206,15:28:56,14.2,1100,41100
20240206,15:29:08,14.25,1300,41100
20240206,15:29:22,14.1,2050,41100
20240206,15:29:36,14.1,500,45150
20240206,15:29:49,14.1,2100,45150
20240207,09:15:22,10.05,1,45950
20240207,09:15:22,10.0,600,45950
20240207,09:15:33,10.1,800,45950
20240207,09:15:48,9.7,100,45950
20240207,09:16:01,9.75,450,45950
20240207,09:16:15,9.9,100,45950
20240207,09:16:29,9.95,100,45950
20240207,09:16:43,9.55,600,46650
20240207,09:16:54,9.9,50,46650
20240207,09:17:06,9.6,300,46650
20240207,09:17:29,9.7,500,46650
20240207,09:17:41,9.65,50,46650
20240207,09:18:06,9.9,200,46650
20240207,09:18:17,9.95,50,46650
20240207,09:18:28,9.95,150,46650
20240207,09:18:39,9.9,50,46650
20240207,09:18:50,10.05,150,46650
20240207,09:19:01,10.3,1150,46650
20240207,09:19:11,10.3,50,46650
20240207,09:19:20,10.55,200,46650
20240207,09:19:30,10.55,50,46650
20240207,09:19:39,10.45,100,46650
20240207,09:19:47,10.25,350,46650
20240207,09:19:57,10.25,100,46650
20240207,09:20:07,10.35,950,46650
20240207,09:20:17,10.4,100,46650
20240207,09:20:28,10.5,700,46650
20240207,09:20:47,10.6,150,46650
20240207,09:20:57,10.6,400,46650
20240207,09:21:26,10.95,450,46650
20240207,09:21:37,10.95,200,46650
20240207,09:21:47,11.15,2100,46650
20240207,09:21:58,11.15,100,46650
20240207,09:22:08,11.15,50,46650
20240207,09:22:18,11.2,100,46650
20240207,09:22:28,11.2,50,46650
20240207,09:22:49,11.15,50,47100
20240207,09:23:09,11.4,150,47100
20240207,09:24:09,11.4,50,47100
20240207,09:24:30,10.9,150,47100
20240207,09:24:41,10.85,50,47100
20240207,09:24:51,10.6,150,47100
20240207,09:25:03,10.4,300,47100
20240207,09:25:15,10.65,350,47100
20240207,09:26:32,11.1,100,47200
20240207,09:26:43,10.95,200,47200
20240207,09:27:04,11.2,100,47200
20240207,09:27:38,11.05,150,47200
20240207,09:27:49,11.0,150,47200
20240207,09:28:00,11.15,200,47200
20240207,09:28:11,11.1,100,47200
20240207,09:28:22,11.05,150,47200
20240207,09:28:33,11.1,1900,47200
20240207,09:28:54,11.1,150,46500
20240207,09:29:04,11.05,100,46500
20240207,09:29:24,11.15,250,46500
20240207,09:29:44,11.05,50,46500
20240207,09:30:04,11.0,250,46500
20240207,09:30:15,10.7,50,46500
20240207,09:31:26,10.5,50,46500
20240207,09:32:48,10.8,50,46500
20240207,09:33:43,10.7,50,46500
20240207,09:33:54,10.65,100,46500
20240207,09:34:03,10.55,100,46500
20240207,09:34:13,10.7,300,46500
20240207,09:34:22,10.55,50,46500
20240207,09:34:31,10.4,350,46500
20240207,09:34:40,10.4,200,46300
20240207,09:35:10,10.15,50,46300
20240207,09:35:22,10.1,50,46300
20240207,09:35:42,10.25,250,46300
20240207,09:36:02,10.15,50,46300
20240207,09:36:21,10.05,100,46300
20240207,09:36:41,10.05,50,46300
20240207,09:37:08,10.15,50,46300
20240207,09:37:17,10.2,250,46300
20240207,09:37:47,10.0,50,46450
20240207,09:38:28,9.9,150,46450
20240207,09:38:39,9.95,50,46450
20240207,09:38:50,10.05,350,46450
20240207,09:39:21,10.0,50,46450
20240207,09:40:04,9.95,50,46450
20240207,09:40:25,9.95,1800,46450
20240207,09:40:37,10.0,150,46450
20240207,09:40:49,9.9,450,46450
20240207,09:41:50,10.2,200,46450
20240207,09:42:10,10.2,1350,46450
20240207,09:42:20,10.3,50,46450
20240207,09:42:31,10.35,50,46450
20240207,09:42:42,10.6,200,46450
20240207,09:42:53,10.65,750,46450
20240207,09:43:02,10.6,450,46450
20240207,09:43:13,10.55,200,46450
20240207,09:43:23,10.7,850,46450
20240207,09:43:33,10.6,450,46450
20240207,09:43:53,10.5,1000,47550
20240207,09:44:03,10.5,100,47550
20240207,09:44:14,10.9,350,47550
20240207,09:44:24,10.8,1900,47550
20240207,09:44:35,10.85,200,47550
20240207,09:45:05,10.9,50,47550
20240207,09:45:17,10.9,450,47550
20240207,09:45:28,10.8,300,47550
20240207,09:45:38,10.6,50,47550
20240207,09:46:06,10.45,200,47550
20240207,09:46:24,10.5,150,47550
20240207,09:46:33,10.5,50,47550
20240207,09:46:42,10.45,300,49750
20240207,09:47:01,10.65,100,49750
20240207,09:47:20,10.85,200,49750
20240207,09:47:30,10.7,200,49750
20240207,09:47:40,10.8,550,49750
20240207,09:47:49,10.8,50,49750
20240207,09:47:57,10.8,1550,49750
20240207,09:48:07,10.8,100,49750
20240207,09:48:16,10.7,850,49750
20240207,09:49:00,10.55,200,49750
20240207,09:49:08,10.55,50,49750
20240207,09:49:18,10.75,150,49750
20240207,09:49:28,10.5,500,49750
20240207,09:50:06,10.2,150,51400
20240207,09:50:15,10.45,50,51400
20240207,09:50:54,10.65,150,51400
20240207,09:51:04,10.45,200,51400
20240207,09:51:15,10.55,50,51400
20240207,09:51:24,10.45,100,51400
20240207,09:51:33,10.45,350,51400
20240207,09:51:42,10.45,3650,51400
20240207,09:51:51,10.45,250,51400
20240207,09:52:10,10.3,100,51400
20240207,09:52:20,10.35,100,51400
20240207,09:53:03,10.35,250,53300
20240207,09:53:11,10.45,300,53300
20240207,09:53:20,10.5,250,53300
20240207,09:53:44,10.4,250,53300
20240207,09:53:53,10.35,50,53300
20240207,09:54:03,10.25,250,53300
20240207,09:54:13,10.4,350,53300
20240207,09:54:22,10.35,250,53300
20240207,09:54:54,10.35,250,53300
20240207,09:55:02,10.3,100,53300
20240207,09:56:00,10.05,500,52200
20240207,09:56:11,10.0,50,52200
20240207,09:56:21,9.85,800,52200
20240207,09:57:41,9.95,300,52200
20240207,09:57:49,10.0,250,52200
20240207,09:57:58,10.05,300,52200
20240207,09:58:08,10.0,700,52200
20240207,09:58:19,10.05,3000,52200
20240207,09:58:30,9.9,350,52200
20240207,09:58:40,9.8,250,52200
20240207,09:58:49,9.75,300,50950
20240207,09:58:58,9.65,300,50950
20240207,09:59:08,9.65,500,50950
20240207,09:59:17,9.65,250,50950
20240207,09:59:27,9.7,600,50950
20240207,09:59:35,9.75,50,50950
20240207,09:59:52,9.75,50,50950
20240207,10:00:56,9.8,250,50950
20240207,10:01:58,9.9,100,50550
20240207,10:02:15,10.0,200,50550
20240207,10:02:32,10.15,50,50550
20240207,10:03:28,10.1,200,50550
20240207,10:03:45,10.0,50,50550
20240207,10:04:03,10.1,800,50550
20240207,10:04:22,10.0,300,50550
20240207,10:04:31,10.05,100,50550
20240207,10:04:39,10.1,50,50550
20240207,10:04:57,10.25,100,50450
20240207,10:05:07,10.15,500,50450
20240207,10:05:18,10.25,50,50450
20240207,10:05:29,10.4,50,50450
20240207,10:05:39,10.45,50,50450
20240207,10:06:25,9.85,50,50450
20240207,10:06:34,9.75,100,50450
20240207,10:06:43,9.95,300,50450
20240207,10:06:53,9.95,50,50450
20240207,10:07:11,9.8,50,50450
20240207,10:07:46,9.75,50,50450
20240207,10:07:55,9.65,50,50450
20240207,10:08:22,9.75,50,50450
20240207,10:08:39,9.7,50,50450
20240207,10:09:21,9.65,50,50450
20240207,10:10:01,9.5,50,50450
20240207,10:10:51,9.5,150,50700
20240207,10:11:13,9.7,500,50700
20240207,10:12:44,9.7,150,50700
20240207,10:12:59,9.8,150,50700
20240207,10:13:14,9.9,250,50700
20240207,10:13:58,9.75,50,50700
20240207,10:14:22,9.85,50,50700
20240207,10:15:06,9.35,2700,50700
20240207,10:15:14,9.35,50,50700
20240207,10:15:44,9.4,350,50700
20240207,10:15:52,9.4,300,50700
20240207,10:16:20,9.45,250,50700
20240207,10:16:27,9.45,350,50700
20240207,10:16:41,9.45,100,50700
20240207,10:17:02,9.5,50,53350
20240207,10:17:21,9.5,100,53350
20240207,10:17:43,9.45,150,53350
20240207,10:17:50,9.35,250,53350
20240207,10:18:22,9.35,50,53350
20240207,10:18:31,9.35,1600,53350
20240207,10:18:50,9.4,50,53350
20240207,10:20:17,9.4,100,51900
20240207,10:20:25,9.4,150,51900
20240207,10:20:32,9.25,250,51900
20240207,10:20:46,9.25,100,51900
20240207,10:20:53,9.4,150,51900
20240207,10:21:08,9.35,250,51900
20240207,10:21:15,9.25,50,51900
20240207,10:21:36,9.15,50,51900
20240207,10:21:50,9.1,400,51900
20240207,10:21:57,9.1,2600,51900
20240207,10:22:18,9.4,50,51900
20240207,10:22:26,9.5,150,51900
20240207,10:22:43,9.35,50,51950
20240207,10:22:51,9.3,50,51950
20240207,10:23:13,9.4,50,51950
20240207,10:24:36,9.4,50,51950
20240207,10:24:52,9.45,50,51950
20240207,10:25:08,9.4,100,51950
20240207,10:25:30,9.25,400,51950
20240207,10:25:36,9.25,100,51950
20240207,10:25:50,9.35,50,51950
20240207,10:26:17,9.25,50,51950
20240207,10:26:24,9.15,50,51950
20240207,10:27:04,9.25,200,51950
20240207,10:29:02,9.05,50,51750
20240207,10:29:09,9.05,50,51750
20240207,10:29:22,9.1,50,51750
20240207,10:29:36,9.1,50,51750
20240207,10:29:55,9.0,1250,51750
20240207,10:30:01,9.0,250,51750
20240207,10:30:07,8.95,500,51750
20240207,10:30:14,8.95,250,51750
20240207,10:30:20,8.95,300,51750
20240207,10:30:43,8.95,250,51750
20240207,10:30:53,8.95,150,51750
20240207,10:30:58,8.9,100,51750
20240207,10:31:03,8.9,150,51750
20240207,10:32:22,9.05,50,51750
20240207,10:33:04,8.75,150,51650
20240207,10:33:21,8.75,50,51650
20240207,10:33:31,8.7,1000,51650
20240207,10:33:56,9.1,200,51650
20240207,10:34:26,9.05,50,51650
20240207,10:35:06,9.05,50,51650
20240207,10:35:19,9.15,50,51650
20240207,10:35:41,9.05,50,51650
20240207,10:35:54,9.05,150,51650
20240207,10:36:02,9.0,50,51650
20240207,10:36:10,9.05,650,51650
20240207,10:36:46,9.1,50,51650
20240207,10:37:01,9.0,150,51650
20240207,10:37:16,9.1,200,51650
20240207,10:37:31,9.05,300,51650
20240207,10:37:53,9.1,150,52050
20240207,10:39:15,9.35,100,52050
20240207,10:40:40,9.3,200,52050
20240207,10:40:55,9.25,150,52250
20240207,10:41:09,9.25,50,52250
20240207,10:41:16,9.25,50,52250
20240207,10:41:28,9.15,50,52250
20240207,10:41:34,9.15,150,52250
20240207,10:41:40,9.2,50,52250
20240207,10:41:45,9.25,250,52250
20240207,10:41:51,9.35,300,52250
20240207,10:41:58,9.45,150,52250
20240207,10:42:07,9.6,200,52250
20240207,10:42:16,9.5,50,52250
20240207,10:42:24,9.35,50,52250
20240207,10:42:32,9.35,50,52250
20240207,10:42:52,9.4,50,52250
20240207,10:43:24,9.55,50,52250
20240207,10:43:53,9.85,600,52350
20240207,10:44:00,9.75,50,52350
20240207,10:44:08,9.6,450,52350
20240207,10:44:14,9.55,300,52350
20240207,10:44:41,9.55,150,52350
20240207,10:44:48,9.35,300,52350
20240207,10:44:54,9.35,400,52350
20240207,10:45:06,9.4,650,52350
20240207,10:45:12,9.45,250,52350
20240207,10:45:23,9.45,50,52350
20240207,10:45:41,9.25,150,52350
20240207,10:45:48,9.2,350,52350
20240207,10:45:55,9.15,250,52350
20240207,10:46:10,9.4,400,52350
20240207,10:46:24,9.25,50,52350
20240207,10:47:01,9.15,50,52750
20240207,10:47:08,9.25,50,52750
20240207,10:47:20,9.3,50,52750
20240207,10:47:30,9.25,150,52750
20240207,10:49:09,9.4,50,52750
20240207,10:49:20,9.25,50,52750
20240207,10:50:05,9.25,50,52750
20240207,10:50:07,9.25,150,52750
20240207,10:50:09,9.35,200,52750
20240207,10:50:40,9.4,50,52750
20240207,10:50:58,9.4,250,52750
20240207,10:51:10,9.4,800,52750
20240207,10:51:54,9.35,50,52750
20240207,10:52:07,9.3,50,52750
20240207,10:52:35,9.25,150,52750
20240207,10:52:42,9.3,100,52750
20240207,10:52:58,9.35,100,52850
20240207,10:53:04,9.35,200,52850
20240207,10:53:10,9.4,250,52850
20240207,10:53:17,9.4,350,52850
20240207,10:53:49,9.4,50,52850
20240207,10:53:55,9.4,300,52850
20240207,10:54:01,9.4,550,52850
20240207,10:54:20,9.35,100,52850
20240207,10:55:15,9.3,50,52850
20240207,10:55:45,9.45,50,53300
20240207,10:55:49,9.45,100,53300
20240207,10:55:53,9.45,100,53300
20240207,10:56:25,9.4,50,53300
20240207,10:57:08,9.3,50,53300
20240207,10:57:43,9.3,100,53300
20240207,10:58:18,9.65,100,53300
20240207,10:58:30,9.7,50,53300
20240207,10:58:36,9.75,50,53300
20240207,10:58:38,9.75,250,53300
20240207,10:58:45,9.8,800,53400
20240207,10:58:53,9.75,50,53400
20240207,10:58:55,9.8,150,53400
20240207,10:59:01,9.75,50,53400
20240207,10:59:27,9.95,50,53400
20240207,10:59:40,9.85,50,53400
20240207,11:00:09,9.95,50,53400
20240207,11:02:28,9.9,50,53700
20240207,11:03:55,9.9,150,53700
20240207,11:04:02,9.95,50,53700
20240207,11:04:09,9.95,200,53700
20240207,11:04:24,9.85,50,53700
20240207,11:04:45,9.9,50,53700
20240207,11:04:51,9.9,150,53750
20240207,11:05:01,9.85,300,53750
20240207,11:05:03,9.85,1050,53750
20240207,11:05:21,10.05,350,53750
20240207,11:05:29,9.75,1100,53750
20240207,11:05:36,9.75,1000,53750
20240207,11:05:43,9.9,50,53750
20240207,11:05:50,10.0,50,53750
20240207,11:05:58,9.85,100,53750
20240207,11:06:05,10.0,650,53750
20240207,11:06:21,10.15,100,53750
20240207,11:06:28,10.25,50,53750
20240207,11:06:49,10.05,50,53750
20240207,11:06:56,10.2,50,53750
20240207,11:07:03,10.0,100,53750
20240207,11:07:08,10.05,100,53750
20240207,11:07:21,10.0,50,53750
20240207,11:07:59,10.0,50,54050
20240207,11:08:24,10.0,150,54050
20240207,11:09:19,10.05,50,54050
20240207,11:09:38,10.25,50,54050
20240207,11:10:35,9.9,50,54050
20240207,11:10:52,9.9,150,54050
20240207,11:10:58,9.95,50,54050
20240207,11:11:03,9.9,50,54050
20240207,11:11:43,9.9,200,54050
20240207,11:11:45,9.95,50,54050
20240207,11:12:33,9.75,50,54050
20240207,11:13:22,9.6,50,54050
20240207,11:14:00,9.45,50,54350
20240207,11:14:24,9.35,50,54350
20240207,11:14:26,9.4,50,54350
20240207,11:14:53,9.25,100,54350
20240207,11:15:08,9.25,4550,54350
20240207,11:16:26,9.5,300,54350
20240207,11:17:05,9.4,100,53950
20240207,11:17:22,9.3,50,53950
20240207,11:17:56,9.2,50,53950
20240207,11:18:06,9.3,1050,53950
20240207,11:18:20,9.3,400,53950
20240207,11:18:25,9.3,700,53950
20240207,11:18:35,9.4,50,53950
20240207,11:18:41,9.4,100,53950
20240207,11:18:46,9.35,300,53950
20240207,11:19:02,9.35,650,53950
20240207,11:19:08,9.3,100,53950
20240207,11:19:29,9.3,50,53950
20240207,11:19:35,9.3,50,53950
20240207,11:19:44,9.3,1550,53950
20240207,11:19:54,9.3,50,53500
20240207,11:20:06,9.3,50,53500
20240207,11:20:48,9.3,50,53500
20240207,11:20:49,9.3,100,53500
20240207,11:21:19,9.15,50,53500
20240207,11:22:21,9.3,450,53500
20240207,11:22:49,9.4,50,53500
20240207,11:23:25,9.35,50,53350
20240207,11:25:01,9.5,350,53350
20240207,11:26:04,9.7,1500,53400
20240207,11:26:45,9.75,50,53400
20240207,11:26:58,9.95,50,53400
20240207,11:29:09,9.95,200,53550
20240207,11:30:04,9.5,100,53550
20240207,11:31:07,9.9,50,53550
20240207,11:31:30,9.9,50,53550
20240207,11:31:35,9.85,50,53550
20240207,11:31:51,10.15,50,53350
20240207,11:32:01,10.1,100,53350
20240207,11:32:12,10.4,100,53350
20240207,11:32:21,10.55,200,53350
20240207,11:32:30,10.5,150,53350
20240207,11:32:39,10.9,100,53350
20240207,11:33:04,11.0,100,53350
20240207,11:33:14,10.95,6850,53350
20240207,11:33:24,11.05,250,53350
20240207,11:33:34,11.05,100,53350
20240207,11:33:44,11.05,50,53350
20240207,11:34:00,11.05,500,53350
20240207,11:34:25,11.25,100,53350
20240207,11:34:56,11.15,150,53400
20240207,11:35:04,11.3,150,53400
20240207,11:35:13,11.2,50,53400
20240207,11:35:29,11.1,50,53400
20240207,11:35:37,10.8,1100,53400
20240207,11:35:47,10.5,200,53400
20240207,11:35:56,10.75,200,53400
20240207,11:36:05,10.7,350,53400
20240207,11:36:13,10.9,300,53400
20240207,11:36:21,10.9,50,53400
20240207,11:36:28,10.9,50,53400
20240207,11:37:24,11.2,15900,53400
20240207,11:37:33,11.55,5250,53400
20240207,11:37:43,11.75,4050,53400
20240207,11:38:21,11.9,50,61800
20240207,11:38:47,11.9,250,61800
20240207,11:38:56,11.8,150,61800
