date,time,tick_price,volume,open_interest
20240214,12:34:10,3.05,1000,2000
20240214,12:35:00,3.05,1000,2000
20240214,13:25:15,3.05,1000,2000
20240214,14:09:00,3.05,50,3000
20240214,14:38:21,2.75,1150,3050
20240214,14:38:31,2.75,550,3050
20240214,14:38:40,2.75,50,3050
20240214,14:38:49,2.75,50,3050
20240214,15:11:03,2.75,50,4850
20240214,15:25:02,2.7,50,4850
20240214,15:25:28,2.7,350,4850
20240214,15:25:36,2.8,150,4850
20240214,15:26:50,3.0,200,4850
20240214,15:28:49,3.05,600,4900
20240215,09:15:07,2.9,1,5250
20240215,09:15:07,3.6,1,5250
20240215,09:15:07,2.85,1350,5250
20240215,09:15:52,2.3,50,6250
20240215,09:16:18,2.3,100,6250
20240215,09:16:28,2.45,150,6250
20240215,09:16:38,2.45,450,6250
20240215,09:16:47,2.5,200,6250
20240215,09:16:55,2.45,150,6250
20240215,09:17:03,2.3,850,6250
20240215,09:17:11,2.4,150,6250
20240215,09:17:19,2.4,1150,6250
20240215,09:17:27,2.35,450,6250
20240215,09:17:35,2.35,900,6250
20240215,09:17:43,2.35,250,6250
20240215,09:18:34,2.3,200,9200
20240215,09:18:43,2.3,1200,9200
20240215,09:18:51,2.3,600,9200
20240215,09:18:57,2.3,1400,9200
20240215,09:19:12,2.35,850,9200
20240215,09:19:58,2.4,250,9200
20240215,09:20:06,2.45,50,9200
20240215,09:20:27,2.5,400,9200
20240215,09:20:40,2.5,250,9200
20240215,09:20:47,2.5,500,9200
20240215,09:20:59,2.5,250,9200
20240215,09:21:14,2.5,50,9200
20240215,09:21:21,2.35,4300,9200
20240215,09:21:34,2.15,10450,21500
20240215,09:21:41,2.15,400,21500
20240215,09:21:49,2.15,450,21500
20240215,09:21:57,2.15,100,21500
20240215,09:22:05,2.1,450,21500
20240215,09:22:32,2.1,350,21500
20240215,09:22:38,2.1,350,21500
20240215,09:22:44,2.0,4800,21500
20240215,09:22:51,2.05,400,21500
20240215,09:23:16,2.0,700,21500
20240215,09:23:38,2.0,250,21500
20240215,09:24:13,1.9,100,21500
20240215,09:25:05,1.9,50,24700
20240215,09:25:42,1.85,450,24700
20240215,09:25:57,1.85,500,24700
20240215,09:26:03,1.8,700,24700
20240215,09:26:15,1.8,1800,24700
20240215,09:26:21,1.9,50,24700
20240215,09:26:34,1.9,250,24700
20240215,09:26:49,1.9,1250,24700
20240215,09:27:01,1.9,950,24700
20240215,09:27:15,1.9,250,24700
20240215,09:27:26,1.9,250,24700
20240215,09:27:54,1.85,1800,26650
20240215,09:28:01,1.85,1000,26650
20240215,09:28:40,1.9,150,26650
20240215,09:29:04,1.85,500,26650
20240215,09:29:10,1.85,850,26650
20240215,09:29:28,1.9,200,26650
20240215,09:30:12,1.85,1500,26650
20240215,09:30:18,1.85,600,26650
20240215,09:30:24,1.9,1500,26650
20240215,09:30:30,2.05,19200,26650
20240215,09:30:43,2.0,500,43200
20240215,09:30:58,2.05,400,43200
20240215,09:31:04,2.0,5400,43200
20240215,09:31:15,2.0,1800,43200
20240215,09:31:44,2.0,9400,43200
20240215,09:31:49,2.0,300,43200
20240215,09:32:05,2.0,1950,43200
20240215,09:32:18,2.0,400,43200
20240215,09:32:24,2.0,2800,43200
20240215,09:32:54,2.0,5000,43200
20240215,09:32:59,2.0,1000,43200
20240215,09:34:27,2.05,150,69150
20240215,09:34:42,2.05,3650,69150
20240215,09:35:10,2.05,50,69150
20240215,09:35:33,2.0,700,69150
20240215,09:35:40,2.0,150,69150
20240215,09:35:47,2.0,100,69150
20240215,09:35:54,2.05,1100,69150
20240215,09:36:00,2.0,100,69150
20240215,09:36:08,2.0,200,69150
20240215,09:36:15,2.0,100,69150
20240215,09:36:21,2.0,150,69150
20240215,09:36:28,2.0,100,69150
20240215,09:36:33,2.0,1100,69150
20240215,09:36:39,2.0,50,66600
20240215,09:36:44,2.0,100,66600
20240215,09:37:01,2.0,50,66600
20240215,09:37:08,2.0,50,66600
20240215,09:37:14,2.0,150,66600
20240215,09:41:05,2.05,250,66650
20240215,09:41:20,2.05,1800,66650
20240215,09:41:27,2.05,2000,66650
20240215,09:41:39,2.0,300,66650
20240215,09:41:46,2.0,300,66650
20240215,09:41:52,2.0,3800,66650
20240215,09:41:58,2.0,1200,66650
20240215,09:42:04,1.95,500,66650
20240215,09:42:11,2.0,300,66650
20240215,09:42:23,1.95,1450,66650
20240215,09:42:29,1.95,4950,66650
20240215,09:42:36,1.95,2450,66650
20240215,09:42:54,1.95,150,70150
20240215,09:43:02,2.0,100,70150
20240215,09:44:21,2.0,250,70150
20240215,09:45:36,2.0,1000,70150
20240215,09:46:21,2.0,1050,70550
20240215,09:47:05,2.05,400,70550
20240215,09:48:02,2.05,50,70550
20240215,09:48:10,2.1,550,70550
20240215,09:48:18,2.15,300,70550
20240215,09:48:27,2.05,2800,70550
20240215,09:48:37,2.1,700,70550
20240215,09:48:46,2.1,300,74000
20240215,09:48:55,2.1,650,74000
20240215,09:49:04,2.2,2100,74000
20240215,09:49:13,2.2,300,74000
20240215,09:49:46,2.1,200,74000
20240215,09:49:53,2.1,50,74000
20240215,09:50:41,2.1,150,74000
20240215,09:50:48,2.1,1450,74000
20240215,09:51:45,2.05,100,72050
20240215,09:51:51,2.05,1650,72050
20240215,09:52:29,2.05,1500,72050
20240215,09:54:06,2.1,250,72050
20240215,09:54:13,2.1,50,72050
20240215,09:55:02,2.1,1200,70200
20240215,09:55:20,2.05,400,70200
20240215,09:56:04,2.05,50,70200
20240215,09:56:19,2.05,450,70200
20240215,09:56:27,2.05,400,70200
20240215,09:56:35,2.0,350,70200
20240215,09:56:43,2.0,300,70200
20240215,09:56:51,2.0,1250,70200
20240215,09:56:59,2.0,250,70200
20240215,09:57:07,2.0,300,70200
20240215,09:57:15,2.0,400,70200
20240215,09:57:22,2.0,50,70200
20240215,09:57:29,2.0,150,70200
20240215,09:57:35,2.0,200,70200
20240215,09:57:41,2.0,100,71150
20240215,09:57:47,2.0,100,71150
20240215,09:57:54,2.0,300,71150
20240215,09:57:59,2.0,150,71150
20240215,09:58:05,2.0,100,71150
20240215,09:58:11,2.05,300,71150
20240215,09:58:16,2.0,50,71150
20240215,09:58:22,2.0,200,71150
20240215,09:59:50,2.0,200,71150
20240215,10:00:34,2.05,100,71150
20240215,10:01:25,2.0,350,71400
20240215,10:02:23,2.0,50,71400
20240215,10:03:34,2.0,400,71400
20240215,10:03:50,2.0,250,72000
20240215,10:04:20,2.05,300,72000
20240215,10:04:46,2.05,400,72000
20240215,10:05:34,2.05,100,72000
20240215,10:05:41,2.05,100,72000
20240215,10:05:49,2.05,150,72000
20240215,10:05:57,2.05,50,72000
20240215,10:06:12,2.05,2050,72000
20240215,10:06:20,2.1,650,72000
20240215,10:06:28,2.1,500,72000
20240215,10:06:36,2.15,300,72000
20240215,10:06:43,2.1,800,72000
20240215,10:06:50,2.2,750,75500
20240215,10:06:56,2.2,100,75500
20240215,10:07:04,2.25,550,75500
20240215,10:07:11,2.25,100,75500
20240215,10:07:19,2.25,150,75500
20240215,10:07:27,2.25,1600,75500
20240215,10:07:34,2.25,350,75500
20240215,10:07:43,2.3,4950,75500
20240215,10:07:52,2.35,550,75500
20240215,10:08:00,2.3,1800,75500
20240215,10:08:08,2.3,500,75500
20240215,10:08:15,2.25,350,75500
20240215,10:08:23,2.3,2650,75500
20240215,10:08:30,2.25,800,75500
20240215,10:08:48,2.3,150,75500
20240215,10:09:19,2.3,2800,75500
20240215,10:09:39,2.25,50,75500
20240215,10:09:53,2.25,650,77500
20240215,10:10:00,2.25,50,77500
20240215,10:10:15,2.25,200,77500
20240215,10:10:42,2.2,100,77500
20240215,10:10:50,2.2,50,77500
20240215,10:11:09,2.15,900,77500
20240215,10:11:18,2.15,150,77500
20240215,10:11:34,2.15,500,77500
20240215,10:12:03,2.1,500,77500
20240215,10:12:11,2.1,950,77500
20240215,10:12:32,2.1,100,77500
20240215,10:12:39,2.1,200,77500
20240215,10:13:22,2.15,450,78000
20240215,10:13:28,2.1,50,78000
20240215,10:14:06,2.05,200,78000
20240215,10:14:14,2.05,650,78000
20240215,10:14:22,2.05,1700,78000
20240215,10:15:52,2.05,50,79650
20240215,10:16:17,2.05,1000,79650
20240215,10:16:33,2.1,800,79650
20240215,10:16:42,2.05,50,79650
20240215,10:17:13,2.05,300,79650
20240215,10:17:47,2.0,50,79650
20240215,10:18:29,2.05,600,79650
20240215,10:18:47,2.05,2100,78100
20240215,10:18:54,2.05,250,78100
20240215,10:19:07,2.05,500,78100
20240215,10:19:15,2.05,250,78100
20240215,10:19:29,2.05,250,78100
20240215,10:19:53,2.05,250,78100
20240215,10:20:25,2.0,150,78100
20240215,10:20:44,2.05,50,78100
20240215,10:21:08,2.05,1150,78100
20240215,10:21:14,2.05,100,78100
20240215,10:21:36,2.0,500,78100
20240215,10:26:18,2.05,500,83100
20240215,10:27:50,2.05,200,83550
20240215,10:28:01,2.05,650,83550
20240215,10:28:10,2.05,950,83550
20240215,10:28:45,2.0,250,83550
20240215,10:28:53,2.0,250,83550
20240215,10:29:01,2.05,2350,83550
20240215,10:29:31,2.0,400,83550
20240215,10:29:55,2.0,200,83550
20240215,10:31:13,2.0,400,83750
20240215,10:31:42,2.05,100,83750
20240215,10:32:15,2.05,250,83750
20240215,10:32:48,2.0,250,83750
20240215,10:33:23,2.0,250,83750
20240215,10:34:21,2.0,250,83900
20240215,10:34:38,2.05,600,83900
20240215,10:35:00,2.0,200,83900
20240215,10:35:28,2.0,200,83900
20240215,10:35:37,2.05,500,83900
20240215,10:35:45,2.0,1850,83900
20240215,10:35:53,2.0,50,83900
20240215,10:36:07,2.05,100,83900
20240215,10:36:33,2.0,1200,83900
20240215,10:36:42,2.05,150,83900
20240215,10:36:51,1.95,5500,89550
20240215,10:37:39,1.95,2000,89550
20240215,10:37:49,1.95,2200,89550
20240215,10:38:09,1.95,50,89550
20240215,10:38:27,1.95,3600,89550
20240215,10:39:09,1.95,1800,89550
20240215,10:39:17,1.95,1800,89550
20240215,10:39:32,1.95,50,89550
20240215,10:40:11,2.0,100,100050
20240215,10:40:20,2.0,3650,100050
20240215,10:40:44,2.0,3600,100050
20240215,10:41:22,2.0,250,100050
20240215,10:41:30,1.95,50,100050
20240215,10:41:47,2.0,3650,100050
20240215,10:42:04,2.0,300,100050
20240215,10:42:36,2.0,250,100050
20240215,10:43:20,2.05,250,111100
20240215,10:43:42,2.0,50,111100
20240215,10:43:57,2.05,300,111100
20240215,10:44:14,2.05,250,111100
20240215,10:44:44,2.05,250,111100
20240215,10:45:46,2.05,100,111100
20240215,10:45:54,2.05,350,110950
20240215,10:46:02,2.0,50,110950
20240215,10:47:18,2.1,1050,110950
20240215,10:48:17,2.05,1800,110950
20240215,10:48:26,2.05,3600,110950
20240215,10:49:50,2.05,3050,112000
20240215,10:50:06,2.05,250,112000
20240215,10:51:02,2.05,1050,112000
20240215,10:51:49,2.0,50,111950
20240215,10:52:41,2.0,1800,111950
20240215,10:53:47,2.05,250,111950
20240215,10:54:03,2.0,100,111950
20240215,10:54:17,2.0,1800,111950
20240215,10:54:24,1.95,150,111950
20240215,10:54:54,1.95,100,115700
20240215,10:55:02,1.95,400,115700
20240215,10:55:10,1.95,400,115700
20240215,10:55:18,1.95,150,115700
20240215,10:55:25,1.95,100,115700
20240215,10:55:33,1.95,100,115700
20240215,10:55:42,1.95,50,115700
20240215,10:55:50,1.95,200,115700
20240215,10:55:59,1.95,300,115700
20240215,10:56:08,1.95,1600,115700
20240215,10:56:18,1.95,500,115700
20240215,10:56:26,1.95,850,115700
20240215,10:56:37,1.9,1300,115700
20240215,10:56:47,1.9,950,115700
20240215,10:56:56,1.95,1050,115700
20240215,10:57:05,1.95,300,115700
20240215,10:57:15,1.95,400,115700
20240215,10:57:24,1.95,350,115700
20240215,10:57:42,1.95,150,115700
20240215,10:58:33,2.0,450,117300
20240215,10:58:41,2.0,5850,117300
20240215,10:58:50,2.0,6750,117300
20240215,10:58:59,2.0,3550,117300
20240215,11:00:41,2.0,250,117300
20240215,11:01:55,2.05,500,133600
20240215,11:02:46,2.05,150,133600
20240215,11:04:59,2.05,250,134050
20240215,11:07:06,2.0,100,134050
20240215,11:07:42,2.05,450,134050
20240215,11:08:07,2.05,350,134050
20240215,11:08:16,2.05,150,134050
20240215,11:08:54,2.05,50,134050
20240215,11:09:02,2.05,300,134050
20240215,11:09:10,2.05,1700,134050
20240215,11:09:18,2.05,400,134050
20240215,11:09:26,2.05,300,134050
20240215,11:10:45,2.0,100,132950
20240215,11:10:53,2.05,50,132950
20240215,11:11:08,2.05,100,132950
20240215,11:11:16,2.05,100,132950
20240215,11:11:33,2.05,250,132950
20240215,11:12:06,2.05,50,132950
20240215,11:12:28,2.05,250,132950
20240215,11:14:23,2.0,1000,133350
20240215,11:14:31,2.0,200,133350
20240215,11:17:20,2.0,50,134550
20240215,11:17:27,2.05,600,134550
20240215,11:17:33,2.05,600,134550
20240215,11:20:32,2.0,50,134550
20240215,11:24:44,2.05,250,135850
20240215,11:25:19,2.0,250,135850
20240215,11:25:30,2.0,800,135850
20240215,11:25:38,2.0,200,135850
20240215,11:25:47,2.0,50,135850
20240215,11:26:02,2.0,150,135850
20240215,11:26:10,2.0,100,135850
20240215,11:27:06,2.0,100,135850
20240215,11:27:13,2.0,100,135850
20240215,11:27:39,2.0,100,135850
20240215,11:29:09,2.05,300,136150
20240215,11:29:50,2.05,100,136150
20240215,11:31:39,2.0,500,136500
20240215,11:32:42,2.0,250,136500
20240215,11:33:39,2.0,2750,136500
20240215,11:34:48,2.0,500,139500
20240215,11:35:06,2.05,1900,139500
20240215,11:35:24,2.05,50,139500
20240215,11:35:49,2.0,1800,139500
20240215,11:35:55,2.0,200,139500
20240215,11:36:23,2.0,50,139500
20240215,11:42:50,2.0,2400,139250
20240215,11:42:57,2.0,250,141450
20240215,11:43:04,2.0,250,141450
20240215,11:43:11,2.05,1000,141450
20240215,11:47:32,2.0,1800,141950
20240215,11:47:38,2.0,700,141950
20240215,11:48:00,2.0,3600,141950
20240215,11:50:35,2.0,250,148050
20240215,11:52:40,2.0,8450,148050
20240215,11:52:48,2.0,300,148050
20240215,11:54:30,2.0,150,148050
20240215,11:54:39,2.0,50,148050
20240215,11:54:48,2.0,50,148050
20240215,11:54:57,2.0,50,148050
20240215,11:55:06,2.0,150,156800
20240215,11:55:15,2.0,100,156800
20240215,11:55:23,2.0,50,156800
20240215,11:55:32,2.0,150,156800
20240215,11:55:42,2.0,100,156800
20240215,11:55:50,2.0,150,156800
20240215,11:55:58,2.0,50,156800
20240215,11:56:06,2.0,150,156800
20240215,11:56:14,2.0,50,156800
20240215,11:56:29,2.0,350,156800
20240215,11:56:37,2.0,100,156800
20240215,11:56:47,2.0,500,156800
20240215,11:56:56,2.0,200,156800
20240215,11:57:03,2.0,250,156800
20240215,11:57:11,2.0,150,156800
20240215,11:57:19,2.0,50,156800
20240215,11:57:26,2.0,150,156800
20240215,11:57:40,2.0,150,156800
20240215,11:57:48,2.0,550,156800
20240215,11:57:56,2.0,50,156800
20240215,11:58:03,2.0,400,159400
20240215,11:58:18,2.0,200,159400
20240215,12:03:42,2.0,7900,159750
20240215,12:03:57,2.0,50,159750
20240215,12:05:04,2.0,100,167700
20240215,12:05:40,2.0,150,167700
20240215,12:05:46,2.0,150,167700
20240215,12:05:51,2.0,100,167700
20240215,12:05:57,2.0,650,167700
20240215,12:06:08,2.0,200,167700
20240215,12:06:15,2.0,400,167700
20240215,12:08:23,2.0,500,169200
20240215,12:08:49,2.05,1000,169200
20240215,12:08:58,2.0,1800,169200
20240215,12:09:08,1.95,2150,169200
20240215,12:09:25,2.0,1800,169200
20240215,12:09:31,1.95,1300,169200
20240215,12:09:49,2.0,600,169200
20240215,12:09:54,2.0,400,169200
20240215,12:10:07,2.0,850,163850
20240215,12:10:17,2.0,1000,163850
20240215,12:10:24,1.95,550,163850
20240215,12:10:30,2.0,200,163850
20240215,12:10:36,2.0,800,163850
20240215,12:10:43,2.0,350,163850
20240215,12:10:49,1.95,350,163850
20240215,12:11:09,2.0,950,163850
20240215,12:11:21,2.0,450,163850
20240215,12:11:34,2.0,300,163850
20240215,12:11:40,2.0,150,163850
20240215,12:11:46,1.95,200,163850
20240215,12:11:53,2.0,700,163850
20240215,12:12:02,2.0,600,163850
20240215,12:12:24,2.0,350,163850
20240215,12:12:31,1.95,200,163850
20240215,12:12:52,2.0,2700,163850
20240215,12:12:58,1.95,50,163850
20240215,12:13:04,1.95,100,164800
20240215,12:13:10,1.95,50,164800
20240215,12:13:16,1.95,100,164800
20240215,12:14:44,2.0,1000,164800
20240215,12:16:13,2.0,1800,164800
20240215,12:18:59,2.0,500,164800
20240215,12:20:07,2.0,50,167100
20240215,12:24:08,2.0,350,167100
20240215,12:24:33,2.0,100,167100
20240215,12:24:41,2.0,200,167100
20240215,12:25:08,2.0,200,167100
20240215,12:25:17,2.0,50,167100
20240215,12:25:54,2.05,100,167100
20240215,12:26:53,2.0,50,167100
20240215,12:27:06,2.0,450,167100
20240215,12:27:19,2.0,50,167100
20240215,12:28:44,2.0,50,167100
20240215,12:29:09,2.0,650,167100
20240215,12:29:27,2.0,50,167100
20240215,12:33:24,2.0,400,167450
20240215,12:33:33,2.0,400,167450
20240215,12:33:43,2.0,550,167450
20240215,12:33:52,2.0,250,167450
20240215,12:34:09,2.0,250,167450
20240215,12:34:18,2.05,200,167450
20240215,12:35:27,1.95,1000,167450
20240215,12:36:18,2.0,1550,167450
20240215,12:36:24,2.0,200,167450
20240215,12:36:30,2.0,300,167450
20240215,12:37:18,2.0,200,168650
20240215,12:37:48,2.0,1150,168650
20240215,12:37:54,2.0,50,168650
20240215,12:38:00,2.05,700,168650
20240215,12:38:15,2.05,950,168650
20240215,12:38:20,2.05,150,168650
20240215,12:38:25,2.05,200,168650
20240215,12:38:36,2.05,550,168650
20240215,12:39:25,2.05,50,168650
20240215,12:39:47,2.05,600,168650
20240215,12:39:53,2.0,100,168650
20240215,12:40:05,2.0,700,168650
20240215,12:40:52,2.0,650,168650
20240215,12:41:36,2.05,50,168650
20240215,12:42:34,2.05,50,168650
20240215,12:42:52,2.0,100,168650
20240215,12:43:11,2.0,50,168650
20240215,12:43:32,2.0,50,168650
20240215,12:43:40,2.0,150,168650
20240215,12:43:48,2.0,550,168650
20240215,12:43:54,2.0,250,168650
20240215,12:44:14,2.0,300,168650
20240215,12:45:02,2.05,50,168650
20240215,12:45:23,2.0,600,168650
20240215,12:46:01,2.0,200,168650
20240215,12:46:08,2.0,50,169000
20240215,12:46:22,2.0,150,169000
20240215,12:46:30,2.0,250,169000
20240215,12:46:57,2.0,1300,169000
20240215,12:47:03,2.0,600,169000
20240215,12:47:09,2.0,50,169000
20240215,12:47:16,2.0,200,169000
20240215,12:47:22,1.95,350,169000
20240215,12:47:29,2.0,350,169000
20240215,12:47:35,2.0,100,169000
20240215,12:47:48,2.0,150,169000
20240215,12:48:00,2.0,200,169000
20240215,12:48:07,2.0,250,169000
20240215,12:48:41,2.0,1050,169000
20240215,12:48:48,2.0,200,169000
20240215,12:48:55,2.0,100,169000
20240215,12:49:02,2.0,50,169000
20240215,12:49:11,2.0,500,172550
20240215,12:49:18,2.0,100,172550
20240215,12:49:35,2.0,200,172550
20240215,12:50:06,2.0,1050,172550
20240215,12:50:28,2.0,200,172550
20240215,12:51:25,2.0,100,172550
20240215,12:52:07,2.0,100,174700
20240215,12:52:19,2.0,150,174700
20240215,12:52:52,2.05,1200,174700
20240215,12:53:08,2.0,50,174700
20240215,12:55:09,2.0,850,174700
20240215,12:56:28,2.0,250,174600
20240215,12:58:04,2.0,350,174600
20240215,12:59:19,2.0,200,175200
20240215,13:01:29,2.0,700,175400
20240215,13:02:05,1.95,2500,175400
20240215,13:02:27,1.9,5900,175400
20240215,13:03:05,1.9,1150,175400
20240215,13:03:12,1.9,1200,175400
20240215,13:03:30,1.95,50,175400
20240215,13:03:36,1.9,1200,175400
20240215,13:03:42,1.95,500,175400
20240215,13:03:55,1.9,250,175400
20240215,13:04:07,1.9,50,175400
20240215,13:05:25,1.9,750,184950
20240215,13:06:13,1.9,500,184950
20240215,13:06:30,1.9,850,184950
20240215,13:06:57,1.9,350,184950
20240215,13:08:06,1.9,1500,184900
20240215,13:08:17,1.9,750,184900
20240215,13:09:10,1.85,1600,184900
20240215,13:09:16,1.85,400,184900
20240215,13:10:26,1.85,150,185050
20240215,13:10:56,1.8,3200,185050
20240215,13:11:11,1.8,150,185050
20240215,13:12:41,1.8,50,185050
20240215,13:13:04,1.8,50,185050
20240215,13:14:06,1.85,50,186100
20240215,13:17:14,1.85,50,186100
20240215,13:21:06,1.85,50,186050
20240215,13:21:18,1.7,7050,186050
20240215,13:22:03,1.75,5400,186050
20240215,13:22:09,1.8,50,186050
20240215,13:22:20,1.8,400,188600
20240215,13:22:26,1.8,50,188600
20240215,13:23:00,1.8,100,188600
20240215,13:23:08,1.8,950,188600
20240215,13:23:27,1.85,450,188600
20240215,13:24:13,1.8,600,188600
20240215,13:24:27,1.8,100,188600
20240215,13:25:07,1.85,50,188600
20240215,13:27:06,1.9,1000,188100
20240215,13:27:47,1.9,200,188100
20240215,13:27:54,1.9,100,188100
20240215,13:30:56,1.9,1800,188000
20240215,13:31:16,1.85,1800,188250
20240215,13:33:47,1.9,100,188250
20240215,13:36:06,1.95,10650,190050
20240215,13:38:08,1.9,1050,197850
20240215,13:38:30,1.9,450,197850
20240215,13:38:52,2.0,50,197850
20240215,13:39:21,1.95,1400,197850
20240215,13:39:53,2.0,650,197850
20240215,13:40:04,1.95,950,197850
20240215,13:40:15,2.0,3400,197950
20240215,13:40:26,2.0,1600,197950
20240215,13:40:37,2.0,400,197950
20240215,13:40:58,2.05,650,197950
20240215,13:41:08,2.0,350,197950
20240215,13:41:20,2.0,2550,197950
20240215,13:42:02,1.95,100,197950
20240215,13:42:12,1.95,1800,197950
20240215,13:42:22,2.0,1300,197950
20240215,13:42:53,2.0,50,197950
20240215,13:43:50,2.0,350,204150
20240215,13:44:00,2.0,5350,204150
20240215,13:44:11,1.95,4900,204150
20240215,13:45:21,2.05,600,204150
20240215,13:46:01,2.05,3250,204150
20240215,13:46:18,2.05,50,204150
20240215,13:47:10,2.1,150,213700
20240215,13:48:33,2.15,1000,213700
20240215,13:49:23,2.1,250,214150
20240215,13:49:30,2.05,1700,214150
20240215,13:49:37,2.1,1500,214150
20240215,13:49:46,2.1,3050,214150
20240215,13:50:08,2.15,550,214150
20240215,13:50:17,2.1,1450,214150
20240215,13:50:24,2.1,300,214150
20240215,13:50:31,2.15,550,214150
20240215,13:50:45,2.15,2550,214150
20240215,13:51:12,2.15,1700,214150
20240215,13:51:20,2.15,1550,214150
20240215,13:51:29,2.05,2250,214150
20240215,13:51:38,2.05,150,214150
20240215,13:51:46,2.05,400,214150
20240215,13:51:58,2.0,1400,214150
20240215,13:52:05,2.0,1200,214150
20240215,13:52:13,2.1,850,214150
20240215,13:52:19,2.0,100,218850
20240215,13:52:33,2.1,300,218850
20240215,13:52:40,2.1,100,218850
20240215,13:52:47,2.15,2400,218850
20240215,13:52:53,2.15,100,218850
20240215,13:53:51,2.1,700,218850
20240215,13:54:14,2.1,550,218850
20240215,13:55:03,2.1,100,218850
20240215,13:56:11,2.05,50,220450
20240215,13:56:35,2.05,900,220450
20240215,13:56:42,2.1,1800,220450
20240215,13:57:31,2.1,150,220450
20240215,13:57:47,2.15,750,220450
20240215,13:58:03,2.1,250,220450
20240215,13:58:10,2.1,250,220450
20240215,13:58:53,2.1,50,220250
20240215,13:59:36,2.1,150,220250
20240215,13:59:56,2.1,200,220250
20240215,14:00:56,2.1,100,220250
20240215,14:01:07,2.15,300,220250
20240215,14:01:28,2.15,1800,220550
20240215,14:02:52,2.05,500,220550
20240215,14:04:45,2.1,500,220550
20240215,14:04:56,2.1,100,220550
20240215,14:05:29,2.1,1250,220550
20240215,14:09:22,2.05,750,220500
20240215,14:09:34,2.1,400,220500
20240215,14:13:18,2.15,3600,220150
20240215,14:15:01,2.1,600,221150
20240215,14:15:10,2.05,50,221150
20240215,14:16:20,2.05,300,221150
20240215,14:16:28,2.05,100,221200
20240215,14:16:45,2.0,1450,221200
20240215,14:17:08,2.0,50,221200
20240215,14:18:07,2.05,1650,221200
20240215,14:18:41,2.05,2100,221200
20240215,14:19:08,2.05,50,221200
20240215,14:20:49,2.1,50,223250
20240215,14:21:21,2.1,300,223250
20240215,14:21:27,2.1,50,223250
20240215,14:21:43,2.05,50,223250
20240215,14:23:37,2.1,550,223250
20240215,14:23:44,2.1,850,223250
20240215,14:24:12,2.05,400,223250
20240215,14:24:28,2.05,1900,223250
20240215,14:24:49,2.1,50,223250
20240215,14:25:10,2.1,300,223250
20240215,14:25:39,2.05,200,225500
20240215,14:25:55,2.1,50,225500
20240215,14:26:28,2.1,350,225500
20240215,14:26:52,2.1,100,225500
20240215,14:27:01,2.1,100,225500
20240215,14:27:37,2.05,100,225500
20240215,14:27:46,2.05,300,225500
20240215,14:28:10,2.05,350,225500
20240215,14:28:27,2.1,650,226000
20240215,14:28:35,2.05,50,226000
20240215,14:29:14,2.0,2600,226000
20240215,14:29:21,2.05,100,226000
20240215,14:29:28,2.0,450,226000
20240215,14:29:35,2.0,1800,226000
20240215,14:29:57,2.0,100,226000
20240215,14:30:15,1.95,1100,226000
20240215,14:30:30,1.95,200,226000
20240215,14:30:52,1.95,400,226000
20240215,14:31:08,2.05,1800,226000
20240215,14:31:52,2.05,350,230650
20240215,14:31:59,2.05,500,230650
20240215,14:32:13,2.0,250,230650
20240215,14:32:28,1.95,150,230650
20240215,14:32:44,2.0,350,230650
20240215,14:33:00,1.95,250,230650
20240215,14:33:08,2.0,1800,230650
20240215,14:33:37,2.0,4600,230650
20240215,14:33:44,2.0,50,230650
20240215,14:33:50,2.05,100,230650
20240215,14:33:56,2.05,200,230650
20240215,14:34:03,2.05,200,230650
20240215,14:35:29,2.05,2000,234850
20240215,14:35:44,2.05,1800,234850
20240215,14:36:42,2.05,1450,234850
20240215,14:36:55,2.0,100,234850
20240215,14:37:42,2.0,1850,234600
20240215,14:37:49,2.05,1800,234600
20240215,14:37:56,2.0,5050,234600
20240215,14:38:23,2.0,250,234600
20240215,14:38:50,2.0,50,234600
20240215,14:39:11,2.05,300,234600
20240215,14:39:33,2.05,1800,234600
20240215,14:39:42,2.1,4450,234600
20240215,14:39:50,2.15,50,234600
20240215,14:40:05,2.15,1300,234600
20240215,14:40:56,2.1,250,237550
20240215,14:42:21,2.1,500,237550
20240215,14:43:35,2.15,3900,237950
20240215,14:43:50,2.2,6650,237950
20240215,14:43:56,2.2,300,237950
20240215,14:44:31,2.2,100,237950
20240215,14:44:51,2.2,50,237950
20240215,14:45:04,2.15,500,237950
20240215,14:45:22,2.2,1800,237950
20240215,14:45:39,2.25,9150,237950
20240215,14:45:48,2.25,2600,237950
20240215,14:47:05,2.15,1850,242750
20240215,14:47:13,2.15,100,242750
20240215,14:47:36,2.15,100,242750
20240215,14:47:50,2.15,700,242750
20240215,14:47:57,2.15,2450,242750
20240215,14:48:04,2.1,150,242750
20240215,14:48:18,2.1,300,242750
20240215,14:48:26,2.2,7850,242750
20240215,14:48:41,2.15,3550,242750
20240215,14:48:49,2.2,2500,242750
20240215,14:48:58,2.25,3050,242750
20240215,14:49:06,2.15,500,242750
20240215,14:49:20,2.2,200,242750
20240215,14:49:27,2.2,50,245250
20240215,14:49:34,2.2,1450,245250
20240215,14:50:08,2.15,7200,245250
20240215,14:50:15,2.2,3650,245250
20240215,14:50:21,2.2,3800,245250
20240215,14:50:29,2.2,200,245250
20240215,14:50:58,2.2,2950,245250
20240215,14:51:07,2.2,200,245250
20240215,14:51:15,2.25,3650,245250
20240215,14:51:25,2.2,2650,245250
20240215,14:51:33,2.2,1300,245250
20240215,14:51:47,2.2,2500,245250
20240215,14:52:35,2.25,1400,252700
20240215,14:52:46,2.3,1900,252700
20240215,14:52:55,2.3,4700,252700
20240215,14:53:04,2.35,6600,252700
20240215,14:53:12,2.3,2200,252700
20240215,14:53:28,2.3,3300,252700
20240215,14:53:44,2.3,200,252700
20240215,14:54:07,2.4,6450,252700
20240215,14:54:27,2.3,3800,252700
20240215,14:54:35,2.3,2750,252700
20240215,14:54:41,2.3,100,252700
20240215,14:54:55,2.3,750,252700
20240215,14:55:02,2.3,200,252700
20240215,14:55:10,2.3,600,252700
20240215,14:55:31,2.25,2700,255950
20240215,14:55:38,2.3,300,255950
20240215,14:56:17,2.3,4650,255950
20240215,14:56:24,2.25,9050,255950
20240215,14:56:30,2.3,1850,255950
20240215,14:56:36,2.25,200,255950
20240215,14:56:43,2.3,1800,255950
20240215,14:57:03,2.25,1400,255950
20240215,14:57:14,2.3,50,255950
20240215,14:57:21,2.25,850,255950
20240215,14:58:09,2.25,3950,255950
20240215,14:58:31,2.25,750,259800
20240215,14:58:55,2.25,250,259800
20240215,14:59:51,2.25,850,259800
20240215,14:59:57,2.25,500,259800
20240215,15:00:04,2.25,2300,259800
20240215,15:00:19,2.25,250,259800
20240215,15:00:32,2.25,500,259800
20240215,15:00:40,2.3,12800,259800
20240215,15:00:47,2.3,2700,259800
20240215,15:01:01,2.3,2150,259800
20240215,15:01:09,2.3,5000,259800
20240215,15:01:17,2.3,50,259800
20240215,15:01:25,2.3,2150,259800
20240215,15:01:53,2.3,3300,266200
20240215,15:02:10,2.25,4500,266200
20240215,15:02:18,2.3,150,266200
20240215,15:02:36,2.3,1800,266200
20240215,15:02:45,2.3,50,266200
20240215,15:02:54,2.3,150,266200
20240215,15:03:02,2.3,6800,266200
20240215,15:03:49,2.2,6350,266200
20240215,15:04:24,2.25,2200,266200
20240215,15:04:41,2.25,550,268150
20240215,15:04:56,2.3,400,268150
20240215,15:05:11,2.3,850,268150
20240215,15:05:19,2.25,1100,268150
20240215,15:05:26,2.3,3650,268150
20240215,15:05:40,2.3,300,268150
20240215,15:05:47,2.3,100,268150
20240215,15:05:54,2.3,6550,268150
20240215,15:06:06,2.25,1800,268150
20240215,15:06:13,2.25,100,268150
20240215,15:06:20,2.3,1700,268150
20240215,15:06:27,2.25,1350,268150
20240215,15:06:56,2.2,2000,268150
20240215,15:07:03,2.25,2450,268150
20240215,15:07:09,2.25,1350,268150
20240215,15:07:16,2.3,3400,268150
20240215,15:07:23,2.25,3050,268150
20240215,15:07:29,2.25,850,268150
20240215,15:07:35,2.25,500,267300
20240215,15:07:42,2.2,2050,267300
20240215,15:07:48,2.25,7200,267300
20240215,15:07:54,2.25,1150,267300
20240215,15:08:01,2.2,250,267300
20240215,15:08:20,2.2,600,267300
20240215,15:08:45,2.15,2450,267300
20240215,15:09:52,2.2,2700,267300
20240215,15:10:11,2.2,3250,267300
20240215,15:10:24,2.2,3000,267300
20240215,15:10:48,2.2,1850,267300
20240215,15:11:00,2.2,1050,267300
20240215,15:11:06,2.15,8600,267300
20240215,15:11:12,2.1,5100,267300
20240215,15:11:18,2.2,600,267300
20240215,15:11:25,2.2,50,267300
20240215,15:11:31,2.2,50,267300
20240215,15:11:37,2.15,3150,267300
20240215,15:12:03,2.2,2600,267300
20240215,15:12:15,2.2,50,267300
20240215,15:12:22,2.2,250,267300
20240215,15:12:28,2.2,15500,267300
20240215,15:12:35,2.2,1050,267300
20240215,15:12:47,2.2,650,267300
20240215,15:12:52,2.2,100,267300
20240215,15:13:04,2.2,50,267300
20240215,15:13:11,2.2,200,267300
20240215,15:13:16,2.2,100,267300
20240215,15:13:23,2.2,100,267300
20240215,15:13:54,2.2,1950,267150
20240215,15:14:02,2.15,5500,267150
20240215,15:14:08,2.15,100,267150
20240215,15:14:16,2.15,200,267150
20240215,15:14:22,2.15,200,267150
20240215,15:14:30,2.15,50,267150
20240215,15:15:07,2.1,1400,267150
20240215,15:15:36,2.1,1050,267150
20240215,15:16:39,2.15,150,266250
20240215,15:17:03,2.1,1000,266250
20240215,15:17:16,2.1,3100,266250
20240215,15:17:31,2.1,900,266250
20240215,15:17:39,2.1,1200,266250
20240215,15:17:48,2.15,450,266250
20240215,15:18:55,2.1,550,266250
20240215,15:19:09,2.1,1150,266250
20240215,15:19:16,2.1,1500,266250
20240215,15:19:22,2.1,250,266250
20240215,15:19:50,2.1,4000,267950
20240215,15:19:56,2.15,500,267950
20240215,15:20:03,2.15,100,267950
20240215,15:20:09,2.1,1750,267950
20240215,15:20:28,2.15,500,267950
20240215,15:20:35,2.15,800,267950
20240215,15:20:41,2.15,1050,267950
20240215,15:20:49,2.1,3500,267950
20240215,15:20:57,2.15,3850,267950
20240215,15:21:04,2.15,3850,267950
20240215,15:21:18,2.15,950,267950
20240215,15:21:38,2.1,2100,267950
20240215,15:21:59,2.1,3800,267950
20240215,15:22:20,2.15,2000,267950
20240215,15:22:36,2.1,550,285200
20240215,15:22:44,2.1,5350,285200
20240215,15:22:52,2.1,1250,285200
20240215,15:23:14,2.05,6500,285200
20240215,15:23:26,2.05,1950,285200
20240215,15:23:33,2.1,1800,285200
20240215,15:23:41,2.1,1250,285200
20240215,15:23:49,2.05,7100,285200
20240215,15:23:57,2.15,12200,285200
20240215,15:24:05,2.05,2600,285200
20240215,15:24:13,2.1,200,285200
20240215,15:24:21,2.05,400,285200
20240215,15:24:44,2.05,1050,285200
20240215,15:24:51,2.05,1000,285200
20240215,15:24:59,2.05,1800,285200
20240215,15:25:06,2.1,100,285200
20240215,15:25:14,2.1,200,285200
20240215,15:26:02,2.1,3900,286150
20240215,15:26:23,2.05,500,286150
20240215,15:26:30,2.1,150,286150
20240215,15:26:38,2.1,300,286150
20240215,15:26:45,2.1,1050,286150
20240215,15:26:53,2.05,1800,286150
20240215,15:27:00,2.1,1000,286150
20240215,15:27:07,2.15,4750,286150
20240215,15:27:24,2.1,500,286150
20240215,15:27:29,2.1,3850,286150
20240215,15:27:35,2.1,7050,286150
20240215,15:27:43,2.15,3500,286150
20240215,15:27:51,2.1,2250,286150
20240215,15:27:58,2.05,2600,286150
20240215,15:28:06,2.1,1500,286150
20240215,15:28:14,2.1,300,286150
20240215,15:28:31,2.1,1000,290350
20240215,15:28:39,2.05,400,290350
20240215,15:28:46,2.1,50,290350
20240215,15:28:54,2.1,150,290350
20240215,15:29:08,2.1,2300,290350
20240215,15:29:22,2.1,650,290350
20240215,15:29:36,2.1,3000,290350
20240215,15:29:44,2.1,2700,290350
20240215,15:29:53,2.1,2050,290350
20240215,15:30:02,2.2,8800,290350
20240216,09:15:02,2.25,1,291150
20240216,09:15:02,2.5,100,291150
20240216,09:15:03,1.55,250,291150
20240216,09:15:04,1.55,300,291150
20240216,09:15:05,1.85,1850,291150
20240216,09:15:06,1.85,1750,291150
20240216,09:15:07,1.85,2600,291150
20240216,09:15:08,1.85,1200,291150
20240216,09:15:09,1.95,2250,291150
20240216,09:15:10,1.9,2100,291150
20240216,09:15:12,1.9,50,291150
20240216,09:15:13,1.8,2400,291150
20240216,09:15:15,1.8,650,291150
20240216,09:15:31,1.8,50,297250
20240216,09:15:33,1.8,1000,297250
20240216,09:15:34,1.8,1500,297250
20240216,09:15:35,1.75,1000,297250
20240216,09:15:36,1.8,200,297250
20240216,09:15:41,1.8,5700,297250
20240216,09:15:43,1.8,50,297250
20240216,09:15:45,1.8,3250,297250
20240216,09:15:59,1.8,100,297250
20240216,09:16:01,1.8,50,297250
20240216,09:16:05,1.75,6000,297250
20240216,09:16:08,1.8,3700,297250
20240216,09:16:11,1.85,50,297250
20240216,09:16:13,1.8,1250,297250
20240216,09:16:16,1.8,550,297250
20240216,09:16:21,1.75,1500,297250
20240216,09:16:27,1.8,150,297250
20240216,09:16:30,1.75,1500,297250
20240216,09:16:31,1.8,100,297250
20240216,09:16:35,1.75,1550,297250
20240216,09:16:37,1.75,250,297250
20240216,09:16:39,1.75,500,297250
20240216,09:16:42,1.75,250,297250
20240216,09:16:43,1.75,3200,297250
20240216,09:16:44,1.75,550,297250
20240216,09:16:46,1.65,2850,297250
20240216,09:16:51,1.65,5100,297250
20240216,09:16:53,1.65,2000,297250
20240216,09:16:54,1.65,100,297250
20240216,09:16:58,1.65,450,297250
20240216,09:16:59,1.65,2000,297250
20240216,09:17:00,1.65,200,297250
20240216,09:17:01,1.65,650,297250
20240216,09:17:02,1.7,1200,297250
20240216,09:17:12,1.7,100,297250
20240216,09:17:14,1.65,1550,297250
20240216,09:17:15,1.7,300,297250
20240216,09:17:16,1.65,1500,297250
20240216,09:17:17,1.7,550,297250
20240216,09:17:17,1.7,50,297250
20240216,09:17:20,1.7,300,297250
20240216,09:17:22,1.7,450,297250
20240216,09:17:24,1.65,1600,297250
20240216,09:17:27,1.65,1600,297250
20240216,09:17:32,1.7,100,297250
20240216,09:17:33,1.7,1650,297250
20240216,09:17:34,1.65,1500,297250
20240216,09:17:35,1.7,1800,297250
20240216,09:17:37,1.7,3050,297250
20240216,09:17:39,1.7,2550,297250
20240216,09:17:40,1.7,1550,297250
20240216,09:17:45,1.65,1500,297250
20240216,09:17:46,1.7,450,297250
20240216,09:17:57,1.7,50,297250
20240216,09:18:00,1.7,1850,297250
20240216,09:18:09,1.65,1500,297250
20240216,09:18:15,1.65,500,297250
20240216,09:18:17,1.65,1500,297250
20240216,09:18:20,1.65,750,297250
20240216,09:18:21,1.7,450,297250
20240216,09:18:26,1.65,4550,297250
20240216,09:18:28,1.65,50,311700
20240216,09:18:32,1.65,200,311700
20240216,09:18:35,1.65,2000,311700
20240216,09:18:37,1.6,1500,311700
20240216,09:18:42,1.65,3500,311700
20240216,09:18:43,1.6,1500,311700
20240216,09:18:49,1.6,1500,311700
20240216,09:18:50,1.65,200,311700
20240216,09:18:55,1.65,50,311700
20240216,09:18:55,1.6,1500,311700
20240216,09:19:24,1.6,550,311700
20240216,09:19:31,1.6,1550,311700
20240216,09:19:35,1.6,150,311700
20240216,09:19:37,1.65,1500,311700
20240216,09:19:46,1.6,1500,311700
20240216,09:19:51,1.65,50,311700
20240216,09:19:55,1.6,1500,311700
20240216,09:19:59,1.65,150,311700
20240216,09:20:01,1.65,450,311700
20240216,09:20:05,1.6,1500,311700
20240216,09:20:15,1.65,50,311700
20240216,09:20:16,1.65,50,311700
20240216,09:20:17,1.65,200,311700
20240216,09:20:18,1.6,2000,311700
20240216,09:20:19,1.65,200,311700
20240216,09:20:20,1.65,50,311700
20240216,09:20:21,1.65,50,311700
20240216,09:20:22,1.65,50,311700
20240216,09:20:23,1.65,50,311700
20240216,09:20:24,1.65,50,311700
20240216,09:20:25,1.65,50,311700
20240216,09:20:26,1.65,50,311700
20240216,09:20:27,1.65,200,311700
20240216,09:20:28,1.65,200,311700
20240216,09:20:29,1.65,200,311700
20240216,09:20:34,1.65,50,311700
20240216,09:20:35,1.65,200,311700
20240216,09:20:36,1.65,200,311700
20240216,09:20:37,1.65,200,311700
20240216,09:20:41,1.65,50,311700
20240216,09:20:42,1.65,600,311700
20240216,09:20:43,1.65,50,311700
20240216,09:20:44,1.65,200,311700
20240216,09:20:45,1.65,800,311700
20240216,09:20:46,1.65,200,311700
20240216,09:20:47,1.65,200,311700
20240216,09:20:48,1.65,200,311700
20240216,09:20:49,1.65,250,311700
20240216,09:20:50,1.65,200,311700
20240216,09:20:51,1.65,200,311700
20240216,09:20:52,1.65,200,311700
20240216,09:20:53,1.65,200,311700
20240216,09:20:54,1.65,200,311700
20240216,09:20:55,1.65,350,311700
20240216,09:20:56,1.65,500,311700
20240216,09:20:57,1.65,300,311700
20240216,09:20:58,1.65,300,311700
20240216,09:20:59,1.65,250,311700
20240216,09:21:00,1.65,50,311700
20240216,09:21:01,1.65,50,311700
20240216,09:21:02,1.65,150,311700
20240216,09:21:14,1.65,350,311700
20240216,09:21:22,1.65,1000,311700
20240216,09:21:35,1.6,450,311700
20240216,09:21:38,1.65,1150,326550
20240216,09:21:42,1.6,750,326550
20240216,09:21:43,1.6,250,326550
20240216,09:21:56,1.65,200,326550
20240216,09:22:07,1.65,100,326550
20240216,09:22:08,1.65,50,326550
20240216,09:22:10,1.65,50,326550
20240216,09:22:11,1.65,50,326550
20240216,09:22:12,1.65,50,326550
20240216,09:22:13,1.65,50,326550
20240216,09:22:14,1.65,50,326550
20240216,09:22:15,1.65,250,326550
20240216,09:22:16,1.6,600,326550
20240216,09:22:17,1.65,50,326550
20240216,09:22:18,1.65,50,326550
20240216,09:22:19,1.65,50,326550
20240216,09:22:20,1.65,50,326550
20240216,09:22:21,1.65,50,326550
20240216,09:22:22,1.65,250,326550
20240216,09:22:23,1.65,50,326550
20240216,09:22:24,1.65,850,326550
20240216,09:22:25,1.65,50,326550
20240216,09:22:26,1.65,50,326550
20240216,09:22:27,1.65,50,326550
20240216,09:22:28,1.65,200,326550
20240216,09:22:30,1.65,450,326550
20240216,09:22:31,1.65,50,326550
20240216,09:22:32,1.65,50,326550
20240216,09:22:32,1.65,1100,326550
20240216,09:22:34,1.65,600,326550
20240216,09:22:35,1.65,1850,326550
20240216,09:22:36,1.65,2600,326550
20240216,09:22:37,1.65,50,326550
20240216,09:22:38,1.65,50,326550
20240216,09:22:39,1.65,1550,326550
20240216,09:22:40,1.65,600,326550
20240216,09:22:47,1.6,1500,326550
20240216,09:22:54,1.65,200,326550
20240216,09:23:01,1.6,300,326550
20240216,09:23:03,1.6,300,326550
20240216,09:23:05,1.6,300,326550
20240216,09:23:07,1.6,350,326550
20240216,09:23:31,1.65,1050,326550
20240216,09:23:35,1.6,200,326550
20240216,09:23:43,1.65,200,326550
20240216,09:23:44,1.65,200,326550
20240216,09:23:45,1.65,200,326550
20240216,09:23:46,1.65,200,326550
20240216,09:23:47,1.65,200,326550
20240216,09:23:48,1.65,50,326550
20240216,09:23:49,1.65,50,326550
20240216,09:23:50,1.65,50,326550
20240216,09:23:51,1.65,50,326550
20240216,09:24:40,1.65,100,326500
20240216,09:24:52,1.6,150,326500
20240216,09:24:53,1.65,50,326500
20240216,09:24:58,1.65,1800,326500
20240216,09:25:01,1.6,50,326500
20240216,09:25:02,1.6,50,326500
20240216,09:25:03,1.6,200,326500
20240216,09:25:04,1.6,200,326500
20240216,09:25:05,1.6,600,326500
20240216,09:25:06,1.6,200,326500
20240216,09:25:07,1.6,1100,326500
20240216,09:25:08,1.6,200,326500
20240216,09:25:09,1.6,200,326500
20240216,09:25:10,1.6,750,326500
20240216,09:25:11,1.6,200,326500
20240216,09:25:12,1.6,200,326500
20240216,09:25:13,1.6,200,326500
20240216,09:25:14,1.6,50,326500
20240216,09:25:15,1.6,50,326500
20240216,09:25:16,1.6,50,326500
20240216,09:25:17,1.6,600,326500
20240216,09:25:18,1.6,50,326500
20240216,09:25:19,1.6,4650,326500
20240216,09:25:20,1.6,100,326500
20240216,09:25:21,1.55,50,326500
20240216,09:25:22,1.55,50,326500
20240216,09:25:23,1.6,100,326500
20240216,09:25:26,1.6,50,326500
20240216,09:25:36,1.55,50,326500
20240216,09:25:37,1.55,50,326500
20240216,09:25:37,1.6,50,326500
20240216,09:25:39,1.55,100,326500
20240216,09:25:40,1.55,50,326500
20240216,09:25:41,1.55,50,326500
20240216,09:25:42,1.55,200,326500
20240216,09:25:43,1.55,200,326500
20240216,09:25:44,1.55,200,326500
20240216,09:25:46,1.6,50,326500
20240216,09:25:48,1.55,50,326500
20240216,09:25:49,1.55,50,326500
20240216,09:25:50,1.55,200,326500
20240216,09:25:51,1.55,200,326500
20240216,09:25:52,1.55,50,326500
20240216,09:25:53,1.55,50,326500
20240216,09:25:54,1.55,200,326500
20240216,09:25:55,1.55,1000,326500
20240216,09:25:56,1.55,200,326500
20240216,09:25:57,1.55,200,326500
20240216,09:26:03,1.55,50,326500
20240216,09:26:04,1.55,50,326500
20240216,09:26:16,1.6,200,326500
20240216,09:26:22,1.6,800,326500
20240216,09:26:25,1.6,550,326500
20240216,09:26:31,1.6,550,326500
20240216,09:26:51,1.6,50,326500
20240216,09:27:08,1.55,50,326500
20240216,09:27:09,1.6,100,326500
20240216,09:27:17,1.55,300,326500
20240216,09:27:43,1.55,1000,324800
20240216,09:28:27,1.6,50,324800
20240216,09:28:33,1.6,2200,324800
20240216,09:28:34,1.6,500,324800
20240216,09:28:45,1.55,100,324800
20240216,09:29:11,1.6,550,324800
20240216,09:29:13,1.6,800,324800
20240216,09:29:19,1.6,550,324800
20240216,09:29:21,1.6,900,324800
20240216,09:29:23,1.55,1600,324800
20240216,09:29:24,1.6,550,324800
20240216,09:29:25,1.6,200,324800
20240216,09:29:26,1.6,550,324800
20240216,09:29:28,1.6,1500,324800
20240216,09:29:29,1.6,1500,324800
20240216,09:29:30,1.6,3700,324800
20240216,09:29:31,1.6,5150,324800
20240216,09:29:32,1.55,3900,324800
20240216,09:30:09,1.6,50,324800
20240216,09:30:20,1.6,50,324800
20240216,09:30:21,1.6,50,324800
20240216,09:30:22,1.6,50,324800
20240216,09:30:23,1.6,200,324800
20240216,09:30:24,1.6,2000,324800
20240216,09:30:25,1.6,200,324800
20240216,09:30:27,1.6,250,324800
20240216,09:30:27,1.6,1800,324800
20240216,09:30:28,1.6,6000,334100
20240216,09:30:29,1.6,200,334100
20240216,09:30:30,1.6,2000,334100
20240216,09:30:31,1.6,200,334100
20240216,09:30:32,1.6,200,334100
20240216,09:30:33,1.6,200,334100
20240216,09:30:34,1.6,200,334100
20240216,09:30:35,1.6,200,334100
20240216,09:30:37,1.6,400,334100
20240216,09:30:38,1.6,200,334100
20240216,09:30:39,1.6,200,334100
20240216,09:30:40,1.6,200,334100
20240216,09:30:41,1.6,200,334100
20240216,09:30:50,1.6,50,334100
20240216,09:30:51,1.6,50,334100
20240216,09:30:52,1.6,200,334100
20240216,09:30:53,1.6,200,334100
20240216,09:30:54,1.6,50,334100
20240216,09:30:55,1.6,50,334100
20240216,09:30:56,1.6,50,334100
20240216,09:30:57,1.6,50,334100
20240216,09:30:58,1.6,50,334100
20240216,09:30:59,1.6,200,334100
20240216,09:31:00,1.6,200,334100
20240216,09:31:01,1.6,200,334100
20240216,09:31:02,1.6,200,334100
20240216,09:31:03,1.6,200,334100
20240216,09:31:04,1.6,200,334100
20240216,09:31:05,1.6,200,334100
20240216,09:31:06,1.6,200,334100
20240216,09:31:07,1.6,50,334100
20240216,09:31:08,1.6,50,334100
20240216,09:31:09,1.6,50,334100
20240216,09:31:10,1.6,200,334100
20240216,09:31:11,1.6,350,334100
20240216,09:31:12,1.6,200,334100
20240216,09:31:13,1.6,200,334100
20240216,09:31:14,1.6,2000,334100
20240216,09:31:43,1.6,50,334100
20240216,09:31:43,1.55,1000,334100
20240216,09:31:44,1.6,50,334100
20240216,09:31:45,1.6,50,334100
20240216,09:31:46,1.6,200,334100
20240216,09:31:47,1.6,200,334100
20240216,09:31:48,1.6,200,334100
20240216,09:31:49,1.6,2000,334100
20240216,09:31:54,1.6,400,334100
20240216,09:32:01,1.6,50,334100
20240216,09:32:01,1.6,100,334100
20240216,09:32:02,1.6,50,334100
20240216,09:32:03,1.6,50,334100
20240216,09:32:04,1.6,50,334100
20240216,09:32:05,1.6,200,334100
20240216,09:32:06,1.6,200,334100
20240216,09:32:07,1.6,1000,334100
20240216,09:32:08,1.6,200,334100
20240216,09:32:09,1.55,200,334100
20240216,09:32:10,1.55,550,334100
20240216,09:32:11,1.6,50,334100
20240216,09:32:12,1.6,600,334100
20240216,09:32:13,1.6,50,334100
20240216,09:32:14,1.6,600,334100
20240216,09:32:15,1.6,50,334100
20240216,09:32:17,1.6,50,334100
20240216,09:32:18,1.6,50,334100
20240216,09:32:19,1.6,50,334100
20240216,09:32:20,1.6,50,334100
20240216,09:32:21,1.6,50,334100
20240216,09:32:22,1.6,200,334100
20240216,09:32:23,1.6,1000,334100
20240216,09:32:24,1.6,50,334100
20240216,09:32:25,1.6,50,334100
20240216,09:32:26,1.6,100,334100
20240216,09:32:28,1.55,950,334100
20240216,09:32:30,1.55,200,334100
20240216,09:32:32,1.55,850,334100
20240216,09:32:34,1.6,50,334100
20240216,09:32:35,1.6,50,334100
20240216,09:32:36,1.55,250,334100
20240216,09:32:37,1.6,50,334100
20240216,09:32:38,1.6,50,334100
20240216,09:32:39,1.6,50,334100
20240216,09:32:40,1.6,200,334100
20240216,09:32:41,1.6,200,334100
20240216,09:32:42,1.6,200,334100
20240216,09:32:45,1.6,50,334100
20240216,09:32:49,1.55,800,334100
20240216,09:32:53,1.6,50,334100
20240216,09:32:53,1.6,100,334100
20240216,09:32:54,1.6,50,334100
20240216,09:32:55,1.6,50,334100
20240216,09:32:57,1.6,50,334100
20240216,09:33:11,1.55,400,334100
20240216,09:33:13,1.6,50,334100
20240216,09:33:14,1.6,50,334100
20240216,09:33:15,1.6,200,334100
20240216,09:33:16,1.6,200,334100
20240216,09:33:17,1.6,200,334100
20240216,09:33:18,1.6,200,334100
20240216,09:33:20,1.6,50,334100
20240216,09:33:22,1.6,50,334100
20240216,09:33:23,1.6,50,334100
20240216,09:33:24,1.6,50,334100
20240216,09:33:25,1.6,200,334100
20240216,09:33:26,1.6,200,334100
20240216,09:33:27,1.6,200,334100
20240216,09:33:42,1.55,500,338100
20240216,09:33:43,1.55,500,338100
20240216,09:33:44,1.55,6000,338100
20240216,09:33:45,1.55,800,338100
20240216,09:33:49,1.55,1800,338100
20240216,09:34:09,1.6,1800,338100
20240216,09:34:27,1.6,300,338100
20240216,09:34:41,1.55,50,338100
20240216,09:34:42,1.55,50,338100
20240216,09:34:43,1.55,50,338100
20240216,09:34:44,1.55,50,338100
20240216,09:34:45,1.6,150,338100
20240216,09:34:46,1.55,50,338100
20240216,09:34:47,1.55,50,338100
20240216,09:34:48,1.55,50,338100
20240216,09:34:49,1.55,350,338100
20240216,09:34:50,1.55,50,338100
20240216,09:34:51,1.55,50,338100
20240216,09:34:52,1.55,50,338100
20240216,09:34:53,1.55,50,338100
20240216,09:34:54,1.55,50,338100
20240216,09:34:55,1.55,50,338100
20240216,09:34:56,1.55,50,338100
20240216,09:34:57,1.55,50,338100
20240216,09:34:58,1.55,50,338100
20240216,09:34:59,1.55,50,338100
20240216,09:35:00,1.55,50,338100
20240216,09:35:01,1.55,50,338100
20240216,09:35:05,1.55,50,338100
20240216,09:35:06,1.6,50,338100
20240216,09:35:07,1.55,50,338100
20240216,09:35:11,1.6,300,338100
20240216,09:35:17,1.55,50,338100
20240216,09:35:18,1.55,50,338100
20240216,09:35:19,1.55,50,338100
20240216,09:35:20,1.55,50,338100
20240216,09:35:21,1.55,200,338100
20240216,09:35:22,1.55,600,338100
20240216,09:35:23,1.55,50,338100
20240216,09:35:24,1.55,50,338100
20240216,09:35:25,1.55,50,338100
20240216,09:35:26,1.55,50,338100
20240216,09:35:27,1.55,1550,338100
20240216,09:35:28,1.55,50,338100
20240216,09:35:29,1.55,50,338100
20240216,09:35:30,1.55,50,338100
20240216,09:35:31,1.55,50,338100
20240216,09:35:32,1.55,50,338100
20240216,09:35:33,1.55,50,338100
20240216,09:35:40,1.6,200,338100
20240216,09:35:43,1.55,3650,338100
20240216,09:35:44,1.55,200,338100
20240216,09:35:45,1.55,400,338100
20240216,09:35:46,1.55,200,338100
20240216,09:35:47,1.55,1100,338100
20240216,09:35:48,1.55,200,338100
20240216,09:35:49,1.55,200,338100
20240216,09:35:50,1.55,200,338100
20240216,09:35:52,1.55,50,338100
20240216,09:35:53,1.55,50,338100
20240216,09:35:54,1.55,250,338100
20240216,09:35:55,1.55,250,338100
20240216,09:35:56,1.55,250,338100
20240216,09:35:58,1.55,1300,338100
20240216,09:35:59,1.55,200,338100
20240216,09:36:00,1.55,200,338100
20240216,09:36:01,1.55,200,338100
20240216,09:36:03,1.55,400,338100
20240216,09:36:04,1.6,600,338100
20240216,09:36:05,1.55,200,338100
20240216,09:36:06,1.55,200,338100
20240216,09:36:07,1.55,200,338100
20240216,09:36:08,1.55,1450,338100
20240216,09:36:09,1.5,200,338100
20240216,09:36:10,1.5,200,338100
20240216,09:36:11,1.5,200,338100
20240216,09:36:12,1.5,200,338100
20240216,09:36:13,1.5,200,338100
20240216,09:36:14,1.5,200,338100
20240216,09:36:17,1.5,50,338100
20240216,09:36:18,1.5,50,338100
20240216,09:36:19,1.5,50,338100
20240216,09:36:20,1.5,50,338100
20240216,09:36:21,1.5,50,338100
20240216,09:36:22,1.5,50,338100
20240216,09:36:23,1.5,50,338100
20240216,09:36:24,1.5,50,338100
20240216,09:36:26,1.5,100,338100
20240216,09:36:27,1.5,50,338100
20240216,09:36:29,1.5,50,330650
20240216,09:36:38,1.55,100,330650
20240216,09:37:03,1.5,100,330650
20240216,09:37:04,1.5,200,330650
20240216,09:37:05,1.5,200,330650
20240216,09:37:06,1.5,200,330650
20240216,09:37:07,1.5,200,330650
20240216,09:37:08,1.5,200,330650
20240216,09:37:09,1.5,200,330650
20240216,09:37:10,1.5,200,330650
20240216,09:37:11,1.5,200,330650
20240216,09:37:12,1.5,2800,330650
20240216,09:37:13,1.5,2200,330650
20240216,09:37:14,1.5,9300,330650
20240216,09:37:15,1.5,50,330650
20240216,09:37:16,1.5,50,330650
20240216,09:37:17,1.5,50,330650
20240216,09:37:18,1.5,50,330650
20240216,09:37:19,1.5,50,330650
20240216,09:37:20,1.5,50,330650
20240216,09:37:21,1.5,50,330650
20240216,09:37:22,1.5,50,330650
20240216,09:37:23,1.5,50,330650
20240216,09:37:24,1.5,50,330650
20240216,09:37:25,1.5,200,330650
20240216,09:37:26,1.5,200,330650
20240216,09:37:27,1.5,50,330650
20240216,09:37:28,1.5,50,330650
20240216,09:37:29,1.5,50,330650
20240216,09:37:30,1.5,50,330650
20240216,09:37:31,1.5,50,330650
20240216,09:37:32,1.5,50,330650
20240216,09:37:33,1.5,50,330650
20240216,09:37:34,1.5,200,330650
20240216,09:37:35,1.5,800,330650
20240216,09:37:36,1.5,500,330650
20240216,09:37:37,1.5,200,330650
20240216,09:37:38,1.5,50,330650
20240216,09:37:40,1.45,4200,330650
20240216,09:38:00,1.45,250,330650
20240216,09:38:28,1.5,50,330650
20240216,09:38:39,1.5,50,330650
20240216,09:38:57,1.45,15200,330650
20240216,09:38:58,1.5,50,330650
20240216,09:39:21,1.45,50,330650
20240216,09:39:39,1.5,7450,330650
20240216,09:39:53,1.45,50,319650
20240216,09:39:54,1.45,200,319650
20240216,09:39:55,1.45,200,319650
20240216,09:39:56,1.45,200,319650
20240216,09:39:57,1.45,200,319650
20240216,09:39:58,1.45,200,319650
20240216,09:39:59,1.4,5600,319650
20240216,09:40:00,1.4,200,319650
20240216,09:40:01,1.4,200,319650
20240216,09:40:02,1.4,200,319650
20240216,09:40:03,1.4,200,319650
20240216,09:40:05,1.4,50,319650
20240216,09:40:08,1.4,50,319650
20240216,09:40:11,1.4,50,319650
20240216,09:40:13,1.4,50,319650
20240216,09:40:14,1.4,50,319650
20240216,09:40:15,1.4,50,319650
20240216,09:40:16,1.4,50,319650
20240216,09:40:17,1.4,50,319650
20240216,09:40:22,1.45,17400,319650
20240216,09:40:23,1.45,5900,319650
20240216,09:40:24,1.4,50,319650
20240216,09:40:31,1.45,200,319650
20240216,09:40:32,1.45,1000,319650
20240216,09:40:33,1.45,2650,319650
20240216,09:40:34,1.45,600,319650
20240216,09:40:45,1.4,800,319650
20240216,09:40:51,1.45,50,319650
20240216,09:40:52,1.4,1800,319650
20240216,09:41:00,1.45,1700,319650
20240216,09:41:06,1.4,50,319650
20240216,09:41:07,1.4,50,319650
20240216,09:41:09,1.4,50,319650
20240216,09:41:10,1.4,50,319650
20240216,09:41:11,1.4,50,319650
20240216,09:41:12,1.4,50,319650
20240216,09:41:13,1.4,50,319650
20240216,09:41:14,1.4,50,319650
20240216,09:41:20,1.4,50,319650
20240216,09:41:21,1.4,50,319650
20240216,09:41:27,1.4,1500,319650
20240216,09:41:36,1.4,50,319650
20240216,09:41:38,1.4,50,319650
20240216,09:41:41,1.4,500,319650
20240216,09:41:45,1.4,3650,319650
20240216,09:41:46,1.4,50,319650
20240216,09:41:48,1.4,100,319650
20240216,09:41:49,1.4,50,319650
20240216,09:41:50,1.4,400,319650
20240216,09:41:51,1.4,200,319650
20240216,09:41:52,1.4,200,319650
20240216,09:41:54,1.4,1100,319650
20240216,09:41:55,1.4,50,319650
20240216,09:41:56,1.4,50,319650
20240216,09:41:57,1.4,50,319650
20240216,09:41:58,1.4,50,319650
20240216,09:41:59,1.4,50,319650
20240216,09:42:00,1.4,50,319650
20240216,09:42:01,1.4,50,319650
20240216,09:42:02,1.4,200,319650
20240216,09:42:03,1.4,50,319650
20240216,09:42:31,1.45,50,311050
20240216,09:42:37,1.45,100,311050
20240216,09:42:49,1.45,1000,311050
20240216,09:42:50,1.45,100,311050
20240216,09:43:00,1.45,100,311050
20240216,09:43:01,1.45,500,311050
20240216,09:43:08,1.4,100,311050
20240216,09:43:51,1.4,500,311050
20240216,09:44:02,1.4,850,311050
20240216,09:44:09,1.4,1000,311050
20240216,09:44:11,1.45,1800,311050
20240216,09:44:12,1.45,1800,311050
20240216,09:44:24,1.45,10250,311050
20240216,09:44:28,1.4,200,311050
20240216,09:44:37,1.45,50,311050
20240216,09:45:26,1.4,50,311050
20240216,09:45:46,1.45,6200,311050
20240216,09:47:28,1.45,100,316550
20240216,09:47:50,1.45,450,316550
20240216,09:47:52,1.45,900,316550
20240216,09:47:55,1.45,550,316550
20240216,09:48:02,1.45,900,316550
20240216,09:48:08,1.45,550,316550
20240216,09:48:09,1.45,200,316550
20240216,09:48:10,1.45,850,316550
20240216,09:48:11,1.4,1800,316550
20240216,09:48:23,1.45,50,316550
20240216,09:48:35,1.45,500,316550
20240216,09:48:44,1.4,50,317000
20240216,09:49:22,1.4,100,317000
20240216,09:50:34,1.45,50,317000
20240216,09:50:47,1.45,50,317000
20240216,09:51:06,1.45,250,317000
20240216,09:51:36,1.45,50,317000
20240216,09:51:50,1.4,100,317700
20240216,09:52:00,1.4,750,317700
20240216,09:52:21,1.45,50,317700
20240216,09:52:34,1.4,100,317700
20240216,09:52:59,1.4,50,317700
20240216,09:53:29,1.45,50,317700
20240216,09:53:30,1.45,50,317700
20240216,09:53:31,1.45,50,317700
20240216,09:53:43,1.45,50,317700
20240216,09:53:44,1.45,50,317700
20240216,09:53:53,1.45,50,317700
20240216,09:54:02,1.45,50,317700
20240216,09:54:03,1.45,50,317700
20240216,09:54:04,1.45,50,317700
20240216,09:54:05,1.45,50,317700
20240216,09:54:06,1.45,50,317700
20240216,09:54:14,1.45,50,317700
20240216,09:54:19,1.45,500,317700
20240216,09:54:28,1.45,50,317700
20240216,09:54:29,1.45,50,317700
20240216,09:54:30,1.45,50,317700
20240216,09:54:31,1.45,50,317600
20240216,09:54:32,1.45,50,317600
20240216,09:54:33,1.45,2850,317600
20240216,09:54:35,1.5,50,317600
20240216,09:54:36,1.5,50,317600
20240216,09:54:37,1.5,50,317600
20240216,09:54:38,1.5,50,317600
20240216,09:54:39,1.5,50,317600
20240216,09:54:40,1.5,50,317600
20240216,09:54:41,1.5,50,317600
20240216,09:54:42,1.5,50,317600
20240216,09:54:43,1.45,600,317600
20240216,09:54:44,1.5,50,317600
20240216,09:54:45,1.5,100,317600
20240216,09:54:46,1.5,150,317600
20240216,09:54:47,1.5,100,317600
20240216,09:54:48,1.5,100,317600
20240216,09:54:49,1.5,50,317600
20240216,09:54:50,1.5,50,317600
20240216,09:54:53,1.45,200,317600
20240216,09:54:57,1.5,50,317600
20240216,09:54:58,1.5,50,317600
20240216,09:54:59,1.5,50,317600
20240216,09:55:00,1.5,50,317600
20240216,09:55:01,1.5,50,317600
20240216,09:55:02,1.5,150,317600
20240216,09:55:03,1.5,200,317600
20240216,09:55:04,1.5,200,317600
20240216,09:55:05,1.5,200,317600
20240216,09:55:06,1.5,200,317600
20240216,09:55:07,1.5,200,317600
20240216,09:55:08,1.5,200,317600
20240216,09:56:00,1.45,50,317600
20240216,09:56:09,1.45,50,317600
20240216,09:56:32,1.5,50,317600
20240216,09:56:33,1.5,50,317600
20240216,09:56:34,1.5,200,317600
20240216,09:56:35,1.5,200,317600
20240216,09:56:36,1.5,200,317600
20240216,09:56:39,1.5,50,317600
20240216,09:56:40,1.5,50,317600
20240216,09:56:41,1.5,50,317600
20240216,09:56:42,1.5,200,317600
20240216,09:56:43,1.5,250,317600
20240216,09:56:44,1.5,200,317600
20240216,09:56:45,1.5,200,317600
20240216,09:56:46,1.5,200,317600
20240216,09:56:47,1.5,200,317600
20240216,09:56:48,1.5,200,317600
20240216,09:56:49,1.5,200,317600
20240216,09:56:50,1.5,200,317600
20240216,09:56:51,1.5,200,317600
20240216,09:56:53,1.5,400,317600
20240216,09:56:54,1.5,3600,317600
20240216,09:56:55,1.5,100,317600
20240216,09:56:56,1.55,50,317600
20240216,09:56:57,1.55,200,317600
20240216,09:56:58,1.55,200,317600
20240216,09:56:59,1.55,200,317600
20240216,09:57:00,1.55,200,317600
20240216,09:57:01,1.55,200,317600
20240216,09:57:02,1.55,200,317600
20240216,09:57:04,1.55,400,317600
20240216,09:57:05,1.55,200,317600
20240216,09:57:06,1.55,200,317600
20240216,09:57:07,1.55,200,317600
20240216,09:57:08,1.55,200,317600
20240216,09:57:09,1.55,200,317600
20240216,09:57:10,1.55,200,317600
20240216,09:57:11,1.55,400,317600
20240216,09:57:12,1.55,200,317600
20240216,09:57:13,1.55,200,317600
20240216,09:57:14,1.55,200,317600
20240216,09:57:16,1.55,400,317600
20240216,09:57:17,1.55,200,317600
20240216,09:57:18,1.55,200,317600
20240216,09:57:19,1.55,200,317600
20240216,09:57:20,1.55,200,317600
20240216,09:57:21,1.55,4300,317600
20240216,09:57:22,1.55,1750,317600
20240216,09:57:23,1.55,200,317600
20240216,09:57:24,1.55,2750,317600
20240216,09:57:25,1.55,250,317600
20240216,09:57:26,1.6,200,317600
20240216,09:57:28,1.6,5250,317600
20240216,09:57:28,1.55,300,317600
20240216,09:57:29,1.55,250,317600
20240216,09:57:30,1.55,1250,317600
20240216,09:57:31,1.55,200,317600
20240216,09:57:32,1.55,450,332850
20240216,09:57:33,1.55,200,332850
20240216,09:57:34,1.55,200,332850
20240216,09:57:35,1.55,200,332850
20240216,09:57:36,1.55,200,332850
20240216,09:57:37,1.55,200,332850
20240216,09:57:38,1.55,200,332850
20240216,09:57:40,1.55,50,332850
20240216,09:57:41,1.55,50,332850
20240216,09:57:42,1.55,50,332850
20240216,09:57:43,1.55,50,332850
20240216,09:57:44,1.55,50,332850
20240216,09:57:45,1.55,50,332850
20240216,09:57:46,1.55,50,332850
20240216,09:57:47,1.55,50,332850
20240216,09:57:48,1.55,50,332850
20240216,09:57:49,1.55,50,332850
20240216,09:57:50,1.55,50,332850
20240216,09:57:51,1.55,50,332850
20240216,09:57:53,1.55,250,332850
20240216,09:57:55,1.55,400,332850
20240216,09:57:58,1.55,50,332850
20240216,09:57:59,1.55,50,332850
20240216,09:58:00,1.55,50,332850
20240216,09:58:01,1.55,100,332850
20240216,09:58:02,1.55,50,332850
20240216,09:58:03,1.55,200,332850
20240216,09:58:04,1.55,200,332850
20240216,09:58:05,1.55,200,332850
20240216,09:58:06,1.55,200,332850
20240216,09:58:07,1.55,200,332850
20240216,09:58:08,1.55,200,332850
20240216,09:58:09,1.55,200,332850
20240216,09:58:11,1.5,550,332850
20240216,09:58:12,1.55,50,332850
20240216,09:58:13,1.55,50,332850
20240216,09:58:14,1.55,50,332850
20240216,09:58:15,1.55,50,332850
20240216,09:58:16,1.55,50,332850
20240216,09:58:17,1.55,50,332850
20240216,09:58:18,1.55,50,332850
20240216,09:58:19,1.55,50,332850
20240216,09:58:21,1.55,650,332850
20240216,09:58:22,1.55,50,332850
20240216,09:58:23,1.55,50,332850
20240216,09:58:24,1.55,50,332850
20240216,09:58:25,1.55,750,332850
20240216,09:58:27,1.55,400,332850
20240216,09:58:28,1.5,200,332850
20240216,09:58:30,1.55,950,332850
20240216,09:58:31,1.55,50,332850
20240216,09:58:32,1.55,50,332850
20240216,09:58:33,1.5,200,332850
20240216,09:58:34,1.5,800,332850
20240216,09:58:37,1.5,200,332850
20240216,09:58:38,1.5,200,332850
20240216,09:58:40,1.5,800,332850
20240216,09:58:43,1.5,550,332850
20240216,09:59:10,1.55,150,332850
20240216,09:59:12,1.5,550,332850
20240216,09:59:17,1.5,200,332850
20240216,09:59:18,1.5,900,332850
20240216,09:59:20,1.5,1800,332850
20240216,09:59:21,1.5,700,332850
20240216,09:59:23,1.5,200,332850
20240216,09:59:24,1.45,7350,332850
20240216,09:59:25,1.5,50,332850
20240216,09:59:26,1.5,100,332850
20240216,09:59:27,1.5,50,332850
20240216,09:59:28,1.5,1000,332850
20240216,09:59:30,1.5,50,332850
20240216,10:00:00,1.45,400,332850
20240216,10:00:01,1.5,300,332850
20240216,10:00:02,1.5,200,332850
20240216,10:00:04,1.5,50,332850
20240216,10:00:05,1.5,50,332850
20240216,10:00:06,1.5,50,332850
20240216,10:00:07,1.5,50,332850
20240216,10:00:09,1.5,50,332850
20240216,10:00:10,1.5,50,332850
20240216,10:00:24,1.5,50,332850
20240216,10:01:34,1.5,250,331450
20240216,10:01:37,1.5,2400,331450
20240216,10:01:40,1.5,2100,331450
20240216,10:04:00,1.5,50,332150
20240216,10:04:01,1.5,200,332150
20240216,10:04:02,1.5,200,332150
20240216,10:04:03,1.5,200,332150
20240216,10:04:04,1.5,200,332150
20240216,10:04:04,1.55,900,332150
20240216,10:04:05,1.5,200,332150
20240216,10:04:06,1.5,200,332150
20240216,10:04:07,1.55,1850,332150
20240216,10:04:08,1.5,50,332150
20240216,10:04:09,1.5,50,332150
20240216,10:04:10,1.5,200,332150
20240216,10:04:11,1.5,200,332150
20240216,10:04:12,1.5,200,332150
20240216,10:04:13,1.5,200,332150
20240216,10:04:14,1.5,200,332150
20240216,10:04:15,1.5,200,332150
20240216,10:04:16,1.5,2000,332150
20240216,10:04:17,1.5,200,332150
20240216,10:04:18,1.45,3400,332150
20240216,10:04:19,1.45,50,332150
20240216,10:04:20,1.45,50,332150
20240216,10:04:21,1.45,200,332150
20240216,10:04:22,1.45,200,332150
20240216,10:04:23,1.45,200,332150
20240216,10:04:24,1.45,200,332150
20240216,10:04:25,1.45,200,332150
20240216,10:04:26,1.45,200,332150
20240216,10:04:27,1.45,200,332150
20240216,10:04:28,1.45,200,332150
20240216,10:04:29,1.45,200,332150
20240216,10:04:30,1.45,200,332150
20240216,10:04:31,1.45,200,332150
20240216,10:04:32,1.5,350,332150
20240216,10:04:33,1.45,200,332150
20240216,10:04:34,1.45,200,332150
20240216,10:04:35,1.45,200,332150
20240216,10:04:36,1.45,200,332150
20240216,10:04:44,1.45,50,332150
20240216,10:04:45,1.45,50,332150
20240216,10:04:46,1.45,50,332150
20240216,10:04:47,1.45,50,332150
20240216,10:04:48,1.45,50,332150
20240216,10:04:49,1.45,50,332150
20240216,10:04:50,1.45,50,332150
20240216,10:04:51,1.45,50,332150
20240216,10:04:52,1.45,50,332150
20240216,10:04:53,1.45,50,332150
20240216,10:04:54,1.45,50,332150
20240216,10:04:55,1.45,50,332150
20240216,10:04:56,1.45,50,332150
20240216,10:04:57,1.45,200,332150
20240216,10:04:58,1.45,200,332150
20240216,10:04:59,1.45,200,332150
20240216,10:05:00,1.45,200,332150
20240216,10:05:01,1.45,200,332150
20240216,10:05:02,1.45,200,332150
20240216,10:05:03,1.45,200,332150
20240216,10:05:09,1.45,50,332150
20240216,10:05:14,1.5,50,332150
20240216,10:05:28,1.5,150,332150
20240216,10:05:41,1.5,150,332150
20240216,10:05:47,1.5,100,332150
20240216,10:05:56,1.5,50,332150
20240216,10:05:57,1.5,50,332150
20240216,10:05:58,1.5,200,332150
20240216,10:05:59,1.5,200,332150
20240216,10:06:00,1.5,200,332150
20240216,10:06:02,1.5,50,332150
20240216,10:06:03,1.5,50,332150
20240216,10:06:04,1.5,200,332150
20240216,10:06:05,1.5,50,332150
20240216,10:06:06,1.5,200,332150
20240216,10:06:07,1.5,200,332150
20240216,10:06:08,1.5,200,332150
20240216,10:06:09,1.5,200,332150
20240216,10:06:10,1.5,50,332150
20240216,10:06:32,1.5,250,332150
20240216,10:06:41,1.45,50,328050
20240216,10:06:42,1.45,200,328050
20240216,10:06:43,1.45,200,328050
20240216,10:06:44,1.45,200,328050
20240216,10:06:45,1.45,200,328050
20240216,10:06:46,1.45,200,328050
20240216,10:06:47,1.45,200,328050
20240216,10:06:48,1.45,200,328050
20240216,10:06:49,1.45,200,328050
20240216,10:06:50,1.45,200,328050
20240216,10:06:51,1.45,200,328050
20240216,10:06:52,1.5,250,328050
20240216,10:06:53,1.45,200,328050
20240216,10:06:54,1.45,200,328050
20240216,10:06:55,1.45,250,328050
20240216,10:06:56,1.45,200,328050
20240216,10:06:57,1.45,50,328050
20240216,10:06:58,1.45,50,328050
20240216,10:06:59,1.45,200,328050
20240216,10:07:00,1.45,200,328050
20240216,10:07:01,1.45,200,328050
20240216,10:07:02,1.45,200,328050
20240216,10:07:03,1.45,200,328050
20240216,10:07:04,1.45,250,328050
20240216,10:07:05,1.45,200,328050
20240216,10:07:06,1.45,200,328050
20240216,10:07:08,1.45,50,328050
20240216,10:07:09,1.45,200,328050
20240216,10:07:10,1.45,200,328050
20240216,10:07:27,1.5,250,328050
20240216,10:07:29,1.45,50,328050
20240216,10:07:47,1.5,250,328050
20240216,10:07:52,1.5,1800,328050
20240216,10:07:53,1.5,1800,328050
20240216,10:07:54,1.5,250,328050
20240216,10:07:57,1.5,1800,328050
20240216,10:07:59,1.5,1800,328050
20240216,10:08:02,1.45,50,328050
20240216,10:08:04,1.5,250,328050
20240216,10:08:07,1.5,1950,328050
20240216,10:08:10,1.5,1800,328050
20240216,10:08:11,1.5,900,328050
20240216,10:08:12,1.5,250,328050
20240216,10:08:19,1.45,50,328050
20240216,10:08:20,1.45,50,328050
20240216,10:08:21,1.45,50,328050
20240216,10:09:07,1.5,250,328050
20240216,10:09:08,1.5,1800,328050
20240216,10:09:11,1.5,1800,328050
20240216,10:09:13,1.5,250,328050
20240216,10:09:13,1.5,3950,328050
20240216,10:09:47,1.5,50,328050
20240216,10:09:48,1.5,50,326550
20240216,10:09:57,1.5,50,326550
20240216,10:09:58,1.5,50,326550
20240216,10:09:59,1.5,50,326550
20240216,10:10:00,1.5,50,326550
20240216,10:10:01,1.5,200,326550
20240216,10:10:02,1.5,200,326550
20240216,10:10:03,1.5,200,326550
20240216,10:10:04,1.5,200,326550
20240216,10:10:05,1.5,50,326550
20240216,10:10:06,1.5,50,326550
20240216,10:10:07,1.5,200,326550
20240216,10:10:08,1.5,200,326550
20240216,10:10:09,1.5,200,326550
20240216,10:10:10,1.5,200,326550
20240216,10:10:11,1.5,250,326550
20240216,10:10:12,1.5,200,326550
20240216,10:10:13,1.5,200,326550
20240216,10:10:14,1.5,200,326550
20240216,10:10:15,1.5,200,326550
20240216,10:10:16,1.5,300,326550
20240216,10:10:17,1.5,200,326550
20240216,10:10:18,1.5,550,326550
20240216,10:10:19,1.5,50,326550
20240216,10:10:20,1.5,50,326550
20240216,10:10:31,1.5,50,326550
20240216,10:10:32,1.5,50,326550
20240216,10:11:05,1.5,50,326550
20240216,10:11:32,1.55,50,326550
20240216,10:11:35,1.55,50,326550
20240216,10:11:36,1.55,50,326550
20240216,10:11:37,1.55,50,326550
20240216,10:11:38,1.55,50,326550
20240216,10:11:39,1.55,50,326550
20240216,10:11:40,1.55,50,326550
20240216,10:11:41,1.55,50,326550
20240216,10:11:44,1.55,50,326550
20240216,10:11:46,1.55,50,326550
20240216,10:11:47,1.55,50,326550
20240216,10:11:48,1.55,50,326550
20240216,10:11:49,1.55,50,326550
20240216,10:11:50,1.55,50,326550
20240216,10:11:51,1.55,50,326550
20240216,10:11:52,1.55,50,326550
20240216,10:11:53,1.55,100,326550
20240216,10:11:54,1.55,150,326550
20240216,10:11:55,1.55,200,326550
20240216,10:11:56,1.55,200,326550
20240216,10:11:57,1.55,200,326550
20240216,10:11:59,1.55,50,326550
20240216,10:12:04,1.55,50,326550
20240216,10:12:05,1.55,50,326550
20240216,10:12:06,1.55,50,326550
20240216,10:12:07,1.55,50,326550
20240216,10:12:08,1.55,50,326550
20240216,10:12:09,1.55,50,326550
20240216,10:12:11,1.55,50,326550
20240216,10:12:23,1.5,1800,326550
20240216,10:12:36,1.5,900,322650
20240216,10:13:01,1.55,50,322650
20240216,10:13:12,1.55,400,322650
20240216,10:13:58,1.5,500,322650
20240216,10:14:04,1.55,450,322650
20240216,10:14:10,1.5,450,322650
20240216,10:14:16,1.55,250,322650
20240216,10:14:49,1.5,50,322650
20240216,10:15:20,1.55,1800,322650
20240216,10:15:27,1.55,50,322650
20240216,10:15:42,1.55,50,323350
20240216,10:15:45,1.55,100,323350
20240216,10:15:49,1.55,150,323350
20240216,10:15:58,1.55,50,323350
20240216,10:16:00,1.55,50,323350
20240216,10:16:01,1.55,50,323350
20240216,10:16:02,1.55,50,323350
20240216,10:16:03,1.55,200,323350
20240216,10:16:04,1.55,200,323350
20240216,10:16:05,1.55,200,323350
20240216,10:16:06,1.55,200,323350
20240216,10:16:07,1.55,200,323350
20240216,10:16:08,1.55,200,323350
20240216,10:16:09,1.55,200,323350
20240216,10:16:10,1.55,200,323350
20240216,10:16:11,1.55,200,323350
20240216,10:16:12,1.55,200,323350
20240216,10:16:13,1.55,50,323350
20240216,10:16:14,1.55,50,323350
20240216,10:16:15,1.55,50,323350
20240216,10:16:16,1.55,300,323350
20240216,10:16:17,1.55,50,323350
20240216,10:16:18,1.55,50,323350
20240216,10:16:19,1.55,50,323350
20240216,10:17:14,1.55,900,323350
20240216,10:17:17,1.55,900,323350
20240216,10:17:20,1.5,50,323350
20240216,10:17:27,1.55,1000,323350
20240216,10:17:31,1.55,500,323350
20240216,10:17:35,1.55,1000,323350
20240216,10:17:46,1.55,1800,323350
20240216,10:17:54,1.55,2800,323350
20240216,10:17:56,1.55,9450,323350
20240216,10:17:58,1.6,1800,323350
20240216,10:18:00,1.6,1800,323350
20240216,10:18:01,1.6,1000,323350
20240216,10:18:25,1.6,1000,323350
20240216,10:18:47,1.6,50,334300
20240216,10:19:12,1.55,50,334300
20240216,10:19:13,1.55,50,334300
20240216,10:19:14,1.55,50,334300
20240216,10:19:15,1.55,50,334300
20240216,10:19:16,1.55,50,334300
20240216,10:19:17,1.55,50,334300
20240216,10:19:18,1.55,50,334300
20240216,10:19:19,1.55,50,334300
20240216,10:19:20,1.55,200,334300
20240216,10:19:21,1.55,200,334300
20240216,10:19:22,1.55,200,334300
20240216,10:19:23,1.55,200,334300
20240216,10:19:24,1.55,50,334300
20240216,10:19:25,1.55,50,334300
20240216,10:19:26,1.55,50,334300
20240216,10:19:27,1.55,50,334300
20240216,10:19:28,1.55,50,334300
20240216,10:19:29,1.55,200,334300
20240216,10:19:30,1.55,200,334300
20240216,10:19:31,1.55,200,334300
20240216,10:19:32,1.6,550,334300
20240216,10:19:34,1.55,50,334300
20240216,10:19:35,1.55,50,334300
20240216,10:19:36,1.55,50,334300
20240216,10:19:37,1.55,50,334300
20240216,10:19:38,1.55,50,334300
20240216,10:19:39,1.55,50,334300
20240216,10:19:41,1.55,50,334300
20240216,10:19:42,1.55,50,334300
20240216,10:19:43,1.55,1800,334300
20240216,10:19:44,1.55,2800,334300
20240216,10:19:45,1.55,50,334300
20240216,10:20:07,1.55,50,334300
20240216,10:20:08,1.6,1550,334300
20240216,10:20:09,1.55,50,334300
20240216,10:20:17,1.6,50,334300
20240216,10:20:38,1.55,4550,334300
20240216,10:20:52,1.55,50,334300
20240216,10:20:57,1.55,50,334300
20240216,10:20:58,1.55,50,334300
20240216,10:20:59,1.55,50,334300
20240216,10:21:00,1.55,50,334300
20240216,10:21:01,1.55,200,334300
20240216,10:21:02,1.55,200,334300
20240216,10:21:21,1.55,1500,334300
20240216,10:21:49,1.55,50,331250
20240216,10:21:54,1.5,50,331250
20240216,10:21:55,1.5,50,331250
20240216,10:21:56,1.5,200,331250
20240216,10:21:57,1.5,200,331250
20240216,10:21:58,1.5,200,331250
20240216,10:21:59,1.5,200,331250
20240216,10:22:00,1.5,200,331250
20240216,10:22:01,1.5,200,331250
20240216,10:22:02,1.5,200,331250
20240216,10:22:03,1.5,200,331250
20240216,10:22:04,1.5,200,331250
20240216,10:22:05,1.5,200,331250
20240216,10:22:06,1.5,50,331250
20240216,10:22:07,1.5,50,331250
20240216,10:22:08,1.5,200,331250
20240216,10:22:09,1.5,200,331250
20240216,10:22:10,1.5,200,331250
20240216,10:22:11,1.5,200,331250
20240216,10:22:20,1.5,200,331250
20240216,10:22:21,1.5,700,331250
20240216,10:22:22,1.5,200,331250
20240216,10:22:30,1.5,50,331250
20240216,10:22:33,1.5,200,331250
20240216,10:22:34,1.5,200,331250
20240216,10:22:35,1.5,200,331250
20240216,10:22:43,1.55,150,331250
20240216,10:22:56,1.5,50,331250
20240216,10:22:59,1.5,150,331250
20240216,10:23:00,1.5,150,331250
20240216,10:23:01,1.5,150,331250
20240216,10:23:07,1.5,150,331250
20240216,10:23:08,1.5,200,331250
20240216,10:23:09,1.5,150,331250
20240216,10:23:10,1.5,150,331250
20240216,10:23:18,1.5,150,331250
20240216,10:23:19,1.5,150,331250
20240216,10:23:20,1.5,150,331250
20240216,10:23:35,1.5,100,331250
20240216,10:23:38,1.5,50,331250
20240216,10:23:46,1.55,750,331250
20240216,10:25:28,1.55,50,325900
20240216,10:26:49,1.5,50,325900
20240216,10:28:10,1.5,150,325900
20240216,10:28:15,1.5,1500,325900
20240216,10:28:15,1.5,600,325900
20240216,10:29:08,1.55,50,325900
20240216,10:30:06,1.55,4850,325900
20240216,10:31:17,1.6,300,325900
20240216,10:32:03,1.6,50,328200
20240216,10:32:04,1.6,50,328200
20240216,10:32:05,1.6,50,328200
20240216,10:32:06,1.6,50,328200
20240216,10:32:07,1.6,50,328200
20240216,10:32:08,1.6,50,328200
20240216,10:32:09,1.6,50,328200
20240216,10:32:10,1.6,50,328200
20240216,10:32:11,1.6,50,328200
20240216,10:32:12,1.6,50,328200
20240216,10:32:13,1.6,50,328200
20240216,10:32:14,1.6,50,328200
20240216,10:32:15,1.6,50,328200
20240216,10:32:16,1.6,50,328200
20240216,10:32:17,1.6,50,328200
20240216,10:32:18,1.6,50,328200
20240216,10:32:19,1.6,50,328200
20240216,10:32:20,1.6,100,328200
20240216,10:32:21,1.6,50,328200
20240216,10:32:22,1.6,50,328200
20240216,10:32:23,1.6,50,328200
20240216,10:32:24,1.6,50,328200
20240216,10:32:25,1.6,50,328200
20240216,10:32:26,1.6,50,328200
20240216,10:32:27,1.6,50,328200
20240216,10:32:28,1.6,50,328200
20240216,10:32:29,1.6,50,328200
20240216,10:32:30,1.6,50,328200
20240216,10:32:31,1.6,50,328200
20240216,10:32:32,1.6,50,328200
20240216,10:32:33,1.6,50,328200
20240216,10:32:34,1.6,50,328200
20240216,10:32:35,1.6,50,328200
20240216,10:32:36,1.6,50,328200
20240216,10:32:37,1.6,50,328200
20240216,10:32:38,1.6,50,328200
20240216,10:32:40,1.6,50,328200
20240216,10:32:41,1.6,50,328200
20240216,10:32:48,1.6,50,328200
20240216,10:33:00,1.6,50,328200
20240216,10:33:01,1.6,50,328200
20240216,10:33:02,1.6,50,328200
20240216,10:33:03,1.6,50,328200
20240216,10:33:04,1.6,50,328200
20240216,10:33:12,1.6,400,328200
20240216,10:33:13,1.55,50,328200
20240216,10:34:43,1.55,50,328200
20240216,10:34:59,1.55,50,330750
20240216,10:35:34,1.6,50,330750
20240216,10:35:35,1.6,50,330750
20240216,10:35:36,1.6,50,330750
20240216,10:35:37,1.6,50,330750
20240216,10:35:37,1.55,200,330750
20240216,10:35:38,1.6,50,330750
20240216,10:35:39,1.6,50,330750
20240216,10:35:40,1.6,50,330750
20240216,10:35:41,1.6,1850,330750
20240216,10:35:42,1.6,50,330750
20240216,10:35:43,1.6,50,330750
20240216,10:35:44,1.6,50,330750
20240216,10:35:45,1.6,50,330750
20240216,10:35:46,1.6,50,330750
20240216,10:36:04,1.6,50,330750
20240216,10:36:05,1.6,50,330750
20240216,10:36:06,1.6,50,330750
20240216,10:36:07,1.6,50,330750
20240216,10:36:07,1.6,1500,330750
20240216,10:36:08,1.6,50,330750
20240216,10:36:09,1.6,50,330750
20240216,10:36:10,1.6,50,330750
20240216,10:36:11,1.6,50,330750
20240216,10:36:12,1.6,50,330750
20240216,10:36:13,1.6,50,330750
20240216,10:36:14,1.6,50,330750
20240216,10:36:15,1.6,50,330750
20240216,10:36:16,1.6,50,330750
20240216,10:36:17,1.6,50,330750
20240216,10:36:18,1.6,50,330750
20240216,10:36:19,1.6,50,330750
20240216,10:36:20,1.6,50,330750
20240216,10:36:21,1.6,50,330750
20240216,10:36:22,1.6,50,330750
20240216,10:36:23,1.6,50,330750
20240216,10:36:24,1.6,50,330750
20240216,10:36:26,1.6,100,330750
20240216,10:36:27,1.6,50,330750
20240216,10:36:28,1.6,50,330750
20240216,10:36:29,1.6,50,330750
20240216,10:36:30,1.6,50,330750
20240216,10:36:31,1.6,50,330750
20240216,10:36:32,1.6,50,330750
20240216,10:36:33,1.6,50,330750
20240216,10:36:34,1.6,50,330750
20240216,10:36:35,1.6,50,330750
20240216,10:36:36,1.6,50,330750
20240216,10:36:37,1.6,50,330750
20240216,10:36:38,1.6,50,330750
20240216,10:36:39,1.6,50,331950
20240216,10:36:40,1.6,50,331950
20240216,10:36:41,1.6,50,331950
20240216,10:36:42,1.6,50,331950
20240216,10:36:43,1.6,50,331950
20240216,10:36:44,1.6,50,331950
20240216,10:36:45,1.6,50,331950
20240216,10:36:46,1.6,50,331950
20240216,10:36:47,1.6,50,331950
20240216,10:36:51,1.6,50,331950
20240216,10:36:52,1.6,50,331950
20240216,10:36:53,1.6,50,331950
20240216,10:36:54,1.6,50,331950
20240216,10:36:55,1.6,50,331950
20240216,10:36:56,1.6,50,331950
20240216,10:36:57,1.6,50,331950
20240216,10:36:58,1.6,50,331950
20240216,10:36:59,1.6,50,331950
20240216,10:37:00,1.6,50,331950
20240216,10:37:01,1.6,50,331950
20240216,10:37:02,1.6,50,331950
20240216,10:37:16,1.55,200,331950
20240216,10:38:12,1.6,200,331950
20240216,10:39:10,1.55,150,331950
20240216,10:39:45,1.55,3300,331950
20240216,10:39:45,1.55,300,333250
20240216,10:40:06,1.55,200,333250
20240216,10:40:07,1.55,200,333250
20240216,10:40:08,1.55,200,333250
20240216,10:40:09,1.55,200,333250
20240216,10:40:12,1.6,50,333250
20240216,10:40:57,1.6,50,333250
20240216,10:40:58,1.6,50,333250
20240216,10:40:59,1.6,50,333250
20240216,10:41:00,1.6,50,333250
20240216,10:41:01,1.6,50,333250
20240216,10:43:02,1.6,1000,333250
20240216,10:44:20,1.55,50,332650
20240216,10:44:21,1.55,200,332650
20240216,10:44:22,1.55,200,332650
20240216,10:44:23,1.55,200,332650
20240216,10:44:24,1.55,150,332650
20240216,10:44:25,1.55,200,332650
20240216,10:44:26,1.55,150,332650
20240216,10:44:27,1.55,150,332650
20240216,10:44:28,1.55,150,332650
20240216,10:44:29,1.55,150,332650
20240216,10:44:30,1.55,200,332650
20240216,10:45:02,1.55,150,332650
20240216,10:45:02,1.55,200,332650
20240216,10:45:03,1.55,150,332650
20240216,10:45:08,1.6,1800,332650
20240216,10:45:44,1.6,6000,332350
20240216,10:45:46,1.6,50,332350
20240216,10:45:47,1.6,50,332350
20240216,10:45:51,1.6,850,332350
20240216,10:45:52,1.6,50,332350
20240216,10:45:59,1.6,1800,332350
20240216,10:46:08,1.6,5750,332350
20240216,10:46:10,1.6,250,332350
20240216,10:46:24,1.6,450,332350
20240216,10:46:26,1.6,50,332350
20240216,10:46:28,1.6,900,332350
20240216,10:46:30,1.6,150,332350
20240216,10:46:31,1.6,550,332350
20240216,10:46:32,1.6,150,332350
20240216,10:46:33,1.6,150,332350
20240216,10:46:34,1.6,150,332350
20240216,10:46:45,1.6,250,332350
20240216,10:46:56,1.6,150,332350
20240216,10:46:57,1.6,250,332350
20240216,10:46:58,1.6,150,332350
20240216,10:47:04,1.6,250,332350
20240216,10:47:19,1.6,250,332350
20240216,10:47:28,1.65,50,332350
20240216,10:47:29,1.6,50,332350
20240216,10:47:39,1.6,1800,332350
20240216,10:48:06,1.6,50,332350
20240216,10:50:02,1.6,250,331650
20240216,10:50:09,1.65,50,331650
20240216,10:50:10,1.65,50,331650
20240216,10:50:11,1.65,50,331650
20240216,10:50:12,1.65,50,331650
20240216,10:50:13,1.65,50,331650
20240216,10:50:14,1.65,50,331650
20240216,10:50:15,1.65,50,331650
20240216,10:50:16,1.65,50,331650
20240216,10:50:17,1.65,50,331650
20240216,10:50:18,1.65,50,331650
20240216,10:50:19,1.65,50,331650
20240216,10:50:20,1.65,50,331650
20240216,10:50:21,1.65,50,331650
20240216,10:50:22,1.65,50,331650
20240216,10:50:23,1.65,50,331650
20240216,10:50:24,1.65,50,331650
20240216,10:50:25,1.65,50,331650
20240216,10:50:26,1.65,50,331650
20240216,10:50:27,1.65,50,331650
20240216,10:50:28,1.65,50,331650
20240216,10:50:29,1.65,50,331650
20240216,10:50:30,1.65,50,331650
20240216,10:50:31,1.65,50,331650
20240216,10:50:32,1.65,50,331650
20240216,10:50:33,1.65,50,331650
20240216,10:50:34,1.65,50,331650
20240216,10:50:35,1.65,50,331650
20240216,10:50:36,1.65,50,331650
20240216,10:50:37,1.65,50,331650
20240216,10:50:38,1.65,50,331650
20240216,10:50:39,1.65,50,331650
20240216,10:50:40,1.65,50,331650
20240216,10:50:41,1.65,50,331650
20240216,10:50:42,1.65,50,331650
20240216,10:50:43,1.65,50,331650
20240216,10:50:44,1.65,50,331650
20240216,10:50:45,1.65,50,331650
20240216,10:50:46,1.65,50,331650
20240216,10:50:47,1.65,50,331650
20240216,10:50:48,1.65,50,331650
20240216,10:50:49,1.65,50,331650
20240216,10:50:50,1.65,50,331650
20240216,10:50:51,1.65,50,331650
20240216,10:50:52,1.65,50,331650
20240216,10:50:53,1.65,50,331650
20240216,10:50:54,1.65,50,331650
20240216,10:50:55,1.65,50,331650
20240216,10:50:56,1.65,50,331650
20240216,10:50:57,1.65,50,331650
20240216,10:50:58,1.65,50,331650
20240216,10:50:59,1.65,50,331650
20240216,10:51:00,1.65,50,331650
20240216,10:51:06,1.65,50,331650
20240216,10:51:07,1.65,50,331650
20240216,10:51:08,1.65,50,331650
20240216,10:51:09,1.65,50,331650
20240216,10:51:10,1.65,50,331650
20240216,10:51:11,1.65,50,331650
20240216,10:51:12,1.65,50,331650
20240216,10:51:13,1.65,50,331650
20240216,10:51:14,1.6,300,331650
20240216,10:51:15,1.65,50,331650
20240216,10:51:16,1.65,50,331650
20240216,10:51:17,1.65,50,331650
20240216,10:51:18,1.65,50,331650
20240216,10:51:19,1.65,50,331650
20240216,10:51:20,1.65,50,331650
20240216,10:51:21,1.65,50,331650
20240216,10:51:22,1.65,50,331650
20240216,10:51:23,1.65,50,331650
20240216,10:51:24,1.65,50,331650
20240216,10:51:25,1.65,50,331650
20240216,10:51:26,1.65,50,331650
20240216,10:51:27,1.65,50,331650
20240216,10:51:28,1.65,50,331650
20240216,10:51:29,1.65,50,331650
20240216,10:51:30,1.65,50,331650
20240216,10:51:31,1.65,50,331650
20240216,10:51:32,1.65,50,331650
20240216,10:51:33,1.65,50,331650
20240216,10:51:34,1.65,50,331650
20240216,10:51:35,1.65,50,331650
20240216,10:51:36,1.65,50,331650
20240216,10:51:37,1.65,50,331650
20240216,10:51:38,1.65,50,331650
20240216,10:51:39,1.65,50,331650
20240216,10:51:40,1.65,50,335400
20240216,10:51:41,1.65,50,335400
20240216,10:51:42,1.65,50,335400
20240216,10:51:43,1.65,50,335400
20240216,10:51:44,1.65,50,335400
20240216,10:51:45,1.65,50,335400
20240216,10:51:46,1.65,50,335400
20240216,10:51:47,1.65,50,335400
20240216,10:51:48,1.65,50,335400
20240216,10:51:49,1.65,50,335400
20240216,10:51:50,1.65,50,335400
20240216,10:51:51,1.65,50,335400
20240216,10:51:52,1.65,50,335400
20240216,10:51:53,1.65,50,335400
20240216,10:51:54,1.65,50,335400
20240216,10:51:55,1.65,50,335400
20240216,10:52:27,1.6,500,335400
20240216,10:53:12,1.6,150,335400
20240216,10:53:13,1.6,150,335400
20240216,10:53:14,1.6,200,335400
20240216,10:53:27,1.6,150,335400
20240216,10:53:28,1.6,150,335400
20240216,10:53:29,1.6,150,335400
20240216,10:53:44,1.6,50,335400
20240216,10:53:45,1.6,150,335400
20240216,10:53:46,1.6,150,335400
20240216,10:53:47,1.6,150,335400
20240216,10:53:48,1.6,900,335400
20240216,10:53:49,1.6,1500,335400
20240216,10:53:55,1.6,150,335400
20240216,10:53:56,1.6,150,335400
20240216,10:53:57,1.6,150,335400
20240216,10:54:03,1.6,150,335400
20240216,10:54:04,1.6,150,335400
20240216,10:54:05,1.6,150,335400
20240216,10:54:17,1.6,150,335400
20240216,10:54:18,1.6,150,335400
20240216,10:54:19,1.6,150,335400
20240216,10:55:24,1.6,150,332100
20240216,10:59:21,1.6,1000,332100
20240216,11:00:55,1.6,150,332100
20240216,11:01:09,1.6,50,332100
20240216,11:01:38,1.6,6600,332100
20240216,11:01:41,1.6,100,332100
20240216,11:01:43,1.6,300,332100
20240216,11:01:48,1.6,100,332100
20240216,11:01:50,1.6,100,332100
20240216,11:01:52,1.6,450,332100
20240216,11:02:17,1.6,100,332100
20240216,11:02:23,1.6,100,332100
20240216,11:02:25,1.6,100,332100
20240216,11:02:26,1.6,100,332100
20240216,11:02:28,1.6,100,332100
20240216,11:02:29,1.6,100,332100
20240216,11:02:30,1.6,100,332100
20240216,11:02:34,1.6,100,332100
20240216,11:02:36,1.6,100,332100
20240216,11:02:38,1.6,450,332100
20240216,11:02:42,1.6,100,332100
20240216,11:02:44,1.6,100,332100
20240216,11:02:46,1.6,100,332100
20240216,11:02:48,1.6,450,332100
20240216,11:02:51,1.6,100,332100
20240216,11:02:54,1.6,450,332100
20240216,11:03:02,1.6,450,332100
20240216,11:03:08,1.6,100,332100
20240216,11:03:09,1.6,300,332100
20240216,11:03:16,1.6,100,332100
20240216,11:03:21,1.6,100,332100
20240216,11:03:24,1.6,100,332100
20240216,11:03:31,1.55,1800,332100
20240216,11:03:34,1.55,1800,332100
20240216,11:03:47,1.6,100,332100
20240216,11:03:50,1.6,450,336300
20240216,11:05:10,1.55,1800,336300
20240216,11:05:13,1.55,1800,336300
20240216,11:06:51,1.55,1800,336300
20240216,11:06:54,1.55,1800,336450
20240216,11:08:05,1.6,50,336450
20240216,11:08:06,1.6,50,336450
20240216,11:08:07,1.6,50,336450
20240216,11:08:08,1.6,50,336450
20240216,11:08:09,1.6,50,336450
20240216,11:08:10,1.6,50,336450
20240216,11:08:11,1.6,50,336450
20240216,11:08:13,1.6,50,336450
20240216,11:08:14,1.6,50,336450
20240216,11:08:15,1.6,50,336450
20240216,11:08:18,1.6,50,336450
20240216,11:09:25,1.55,1800,336450
20240216,11:09:51,1.55,150,341850
20240216,11:09:53,1.6,250,341850
20240216,11:11:13,1.6,50,341850
20240216,11:11:14,1.6,50,341850
20240216,11:11:15,1.6,50,341850
20240216,11:11:16,1.6,50,341850
20240216,11:11:17,1.6,50,341850
20240216,11:11:18,1.6,50,341850
20240216,11:11:19,1.6,50,341850
20240216,11:11:23,1.55,250,341850
20240216,11:12:00,1.6,100,341850
20240216,11:12:09,1.6,50,341850
20240216,11:12:10,1.6,50,341850
20240216,11:12:11,1.6,50,341850
20240216,11:12:12,1.6,50,341850
20240216,11:12:13,1.6,50,341850
20240216,11:12:14,1.6,50,341850
20240216,11:12:15,1.6,50,341850
20240216,11:12:16,1.6,50,341850
20240216,11:12:17,1.6,50,341850
20240216,11:12:18,1.6,50,341850
20240216,11:12:19,1.6,50,341850
20240216,11:13:01,1.6,50,341850
20240216,11:13:02,1.6,50,341450
20240216,11:13:03,1.6,50,341450
20240216,11:13:04,1.6,50,341450
20240216,11:13:05,1.6,50,341450
20240216,11:13:06,1.6,50,341450
20240216,11:13:07,1.6,50,341450
20240216,11:13:08,1.6,50,341450
20240216,11:13:09,1.6,50,341450
20240216,11:13:10,1.6,50,341450
20240216,11:13:11,1.6,50,341450
20240216,11:13:12,1.6,50,341450
20240216,11:13:13,1.6,50,341450
20240216,11:13:14,1.6,50,341450
20240216,11:13:15,1.6,50,341450
20240216,11:13:16,1.6,50,341450
20240216,11:13:17,1.6,50,341450
20240216,11:13:18,1.6,50,341450
20240216,11:13:19,1.6,50,341450
20240216,11:13:20,1.6,50,341450
20240216,11:13:21,1.6,50,341450
20240216,11:13:22,1.6,50,341450
20240216,11:13:23,1.6,50,341450
20240216,11:13:24,1.6,50,341450
20240216,11:13:28,1.6,50,341450
20240216,11:13:29,1.6,50,341450
20240216,11:13:30,1.6,50,341450
20240216,11:13:31,1.6,50,341450
20240216,11:13:32,1.6,50,341450
20240216,11:13:33,1.6,50,341450
20240216,11:13:34,1.6,50,341450
20240216,11:13:35,1.6,50,341450
20240216,11:13:36,1.6,50,341450
20240216,11:13:37,1.6,50,341450
20240216,11:13:38,1.6,50,341450
20240216,11:13:39,1.6,50,341450
20240216,11:13:55,1.6,50,341450
20240216,11:13:56,1.6,350,341450
20240216,11:13:57,1.6,50,341450
20240216,11:13:58,1.6,50,341450
20240216,11:13:59,1.6,50,341450
20240216,11:14:00,1.6,50,341450
20240216,11:14:01,1.6,50,341450
20240216,11:14:03,1.6,550,341450
20240216,11:14:04,1.6,50,341450
20240216,11:14:05,1.6,50,341450
20240216,11:14:06,1.6,50,341450
20240216,11:14:07,1.6,50,341450
20240216,11:14:08,1.6,50,341450
20240216,11:14:09,1.6,50,341450
20240216,11:14:10,1.6,50,341450
20240216,11:14:28,1.6,50,341450
20240216,11:14:29,1.6,50,341450
20240216,11:14:30,1.6,50,341450
20240216,11:14:31,1.6,50,341450
20240216,11:14:32,1.6,50,341450
20240216,11:14:33,1.6,50,341450
20240216,11:14:36,1.6,50,341450
20240216,11:14:38,1.6,50,341450
20240216,11:14:39,1.6,50,341450
20240216,11:16:04,1.6,300,341450
20240216,11:16:12,1.6,100,341450
20240216,11:16:14,1.6,100,341450
20240216,11:16:15,1.6,300,341450
20240216,11:16:54,1.55,1800,341450
20240216,11:17:43,1.55,1800,341450
20240216,11:18:02,1.55,100,341450
20240216,11:18:03,1.55,150,341450
20240216,11:18:22,1.55,100,341450
20240216,11:18:23,1.55,300,341450
20240216,11:18:24,1.55,100,341450
20240216,11:18:33,1.55,100,341450
20240216,11:18:39,1.55,100,341450
20240216,11:18:53,1.55,200,341450
20240216,11:19:02,1.55,200,342750
20240216,11:19:22,1.55,200,342750
20240216,11:19:39,1.55,200,342750
20240216,11:20:15,1.55,200,342750
20240216,11:20:50,1.55,200,342750
20240216,11:21:02,1.55,200,342750
20240216,11:21:03,1.55,200,342750
20240216,11:21:05,1.55,200,342750
20240216,11:22:43,1.55,200,342750
20240216,11:23:24,1.55,200,343550
20240216,11:23:30,1.55,50,343550
20240216,11:23:37,1.55,200,343550
20240216,11:24:48,1.55,400,344150
20240216,11:24:54,1.55,200,344150
20240216,11:24:55,1.55,200,344150
20240216,11:25:39,1.6,1800,344150
20240216,11:25:40,1.6,1800,344150
20240216,11:25:42,1.6,1400,344150
20240216,11:26:24,1.55,50,344150
20240216,11:26:58,1.55,50,344150
20240216,11:28:09,1.55,200,343450
20240216,11:28:22,1.55,200,343450
20240216,11:28:37,1.55,50,343450
20240216,11:29:30,1.55,550,343450
20240216,11:30:28,1.6,1000,343450
20240216,11:30:52,1.6,100,342450
20240216,11:30:53,1.55,200,342450
20240216,11:31:15,1.55,550,342450
20240216,11:31:22,1.55,200,342450
20240216,11:31:23,1.55,200,342450
20240216,11:31:25,1.55,800,342450
20240216,11:31:28,1.55,200,342450
20240216,11:31:40,1.55,200,342450
20240216,11:32:04,1.55,850,342450
20240216,11:32:13,1.55,200,342450
20240216,11:32:14,1.55,200,342450
20240216,11:32:15,1.55,550,342450
20240216,11:32:30,1.55,200,342450
20240216,11:32:31,1.6,50,342450
20240216,11:32:36,1.55,800,342450
20240216,11:34:52,1.55,100,340200
20240216,11:36:37,1.6,50,340200
20240216,11:36:38,1.6,50,340200
20240216,11:36:39,1.6,50,340200
20240216,11:37:14,1.6,450,340200
20240216,11:37:38,1.55,50,340300
20240216,11:37:46,1.6,100,340300
20240216,11:37:48,1.6,550,340300
20240216,11:37:50,1.6,100,340300
20240216,11:37:52,1.6,450,340300
20240216,11:38:05,1.6,100,340300
20240216,11:38:09,1.6,300,340300
20240216,11:38:21,1.55,50,340300
20240216,11:38:27,1.6,500,340300
20240216,11:38:46,1.55,1800,340300
20240216,11:39:03,1.6,600,340300
20240216,11:39:04,1.6,100,340300
20240216,11:39:06,1.6,300,340300
20240216,11:39:12,1.6,300,340300
20240216,11:39:22,1.6,600,340300
20240216,11:39:44,1.6,450,340300
20240216,11:40:02,1.6,800,340300
20240216,11:40:05,1.6,200,340800
20240216,11:40:08,1.6,200,340800
20240216,11:40:28,1.55,100,340800
20240216,11:42:09,1.6,200,340800
20240216,11:42:14,1.55,250,340800
20240216,11:42:21,1.6,200,340800
20240216,11:42:23,1.6,200,340800
20240216,11:42:27,1.6,200,340800
20240216,11:42:33,1.55,250,340800
20240216,11:42:42,1.55,400,340800
20240216,11:42:49,1.55,1800,341600
20240216,11:42:50,1.6,550,341600
20240216,11:42:59,1.55,300,341600
20240216,11:43:00,1.55,1150,341600
20240216,11:43:02,1.55,450,341600
20240216,11:43:03,1.55,10350,341600
20240216,11:43:04,1.5,3850,341600
20240216,11:43:05,1.5,150,341600
20240216,11:43:06,1.5,1100,341600
20240216,11:43:11,1.5,300,341600
20240216,11:43:14,1.55,900,341600
20240216,11:43:24,1.55,200,341600
20240216,11:43:25,1.55,550,341600
20240216,11:43:26,1.55,50,341600
20240216,11:44:09,1.5,250,341600
20240216,11:45:16,1.5,250,341600
20240216,11:45:20,1.5,800,341600
20240216,11:45:21,1.5,5200,341600
20240216,11:46:01,1.5,300,345050
20240216,11:46:43,1.5,350,345050
20240216,11:46:44,1.55,50,345050
20240216,11:46:45,1.55,50,345050
20240216,11:46:46,1.55,50,345050
20240216,11:46:47,1.55,50,345050
20240216,11:46:48,1.55,50,345050
20240216,11:46:49,1.55,50,345050
20240216,11:46:50,1.55,50,345050
20240216,11:46:51,1.55,50,345050
20240216,11:46:52,1.55,50,345050
20240216,11:46:53,1.55,50,345050
20240216,11:46:54,1.55,50,345050
20240216,11:46:55,1.55,50,345050
20240216,11:47:03,1.5,300,345050
20240216,11:47:27,1.55,50,345050
20240216,11:47:28,1.55,50,345050
20240216,11:47:29,1.55,50,345050
20240216,11:47:30,1.55,50,345050
20240216,11:47:37,1.55,50,345050
20240216,11:47:38,1.5,350,345050
20240216,11:47:39,1.55,50,345050
20240216,11:47:40,1.55,50,345050
20240216,11:47:41,1.55,50,345050
20240216,11:47:42,1.55,50,345050
20240216,11:47:43,1.55,50,345050
20240216,11:47:44,1.55,50,345050
20240216,11:47:45,1.55,50,345050
20240216,11:47:46,1.55,50,345050
20240216,11:47:47,1.55,50,345050
20240216,11:47:49,1.55,100,345050
20240216,11:47:50,1.55,50,345050
20240216,11:47:51,1.55,50,345050
20240216,11:47:52,1.55,50,345050
20240216,11:48:10,1.55,50,345050
20240216,11:48:11,1.55,50,345050
20240216,11:48:12,1.55,50,345050
20240216,11:48:13,1.55,50,345050
20240216,11:48:14,1.55,50,345050
20240216,11:48:15,1.55,50,345050
20240216,11:48:16,1.55,50,345050
20240216,11:49:05,1.5,1000,346950
20240216,11:49:24,1.5,50,346950
20240216,11:49:28,1.55,100,346950
20240216,11:49:42,1.5,150,346950
20240216,11:49:43,1.5,150,346950
20240216,11:49:44,1.5,150,346950
20240216,11:49:47,1.5,150,346950
20240216,11:49:48,1.5,150,346950
20240216,11:49:49,1.5,150,346950
20240216,11:49:50,1.5,150,346950
20240216,11:49:51,1.5,150,346950
20240216,11:49:56,1.5,150,346950
20240216,11:49:57,1.5,150,346950
20240216,11:49:58,1.5,150,346950
20240216,11:50:02,1.5,150,346950
20240216,11:50:03,1.5,150,346950
20240216,11:50:04,1.5,150,346950
20240216,11:50:05,1.5,150,346950
20240216,11:50:06,1.5,150,346950
20240216,11:50:10,1.5,150,346950
20240216,11:50:11,1.5,150,346950
20240216,11:50:12,1.5,150,346950
20240216,11:50:13,1.5,150,346950
20240216,11:50:14,1.5,150,346950
20240216,11:50:15,1.5,150,346950
20240216,11:50:20,1.5,10250,346950
20240216,11:50:20,1.5,1300,346950
20240216,11:50:21,1.5,1950,346950
20240216,11:50:22,1.5,150,346950
20240216,11:54:13,1.5,1800,346950
20240216,11:55:15,1.5,750,340900
20240216,11:55:52,1.55,250,339100
20240216,11:56:22,1.5,250,339100
20240216,11:56:32,1.55,300,339100
20240216,11:56:38,1.55,200,339100
20240216,11:56:59,1.5,200,339100
20240216,11:57:41,1.5,200,339100
20240216,11:59:02,1.55,50,339100
20240216,12:01:09,1.55,50,338300
20240216,12:02:17,1.55,200,338300
20240216,12:04:42,1.5,1800,338300
20240216,12:04:46,1.5,1800,338250
20240216,12:07:24,1.55,50,338800
20240216,12:08:15,1.5,100,338800
20240216,12:09:04,1.5,800,338800
20240216,12:09:06,1.5,550,338800
20240216,12:09:08,1.5,800,338800
20240216,12:09:11,1.5,200,338800
20240216,12:09:20,1.5,1800,338800
20240216,12:09:23,1.5,1800,338800
20240216,12:10:05,1.55,50,338800
20240216,12:10:06,1.55,50,340550
20240216,12:10:07,1.55,50,340550
20240216,12:10:08,1.55,550,340550
20240216,12:10:09,1.55,50,340550
20240216,12:10:10,1.55,50,340550
20240216,12:10:11,1.55,50,340550
20240216,12:10:12,1.55,50,340550
20240216,12:10:13,1.55,50,340550
20240216,12:10:14,1.55,50,340550
20240216,12:10:15,1.55,50,340550
20240216,12:10:16,1.55,50,340550
20240216,12:10:17,1.55,50,340550
20240216,12:10:18,1.55,50,340550
20240216,12:10:19,1.55,50,340550
20240216,12:10:20,1.55,50,340550
20240216,12:10:21,1.55,50,340550
20240216,12:10:23,1.55,50,340550
20240216,12:10:24,1.55,50,340550
20240216,12:10:25,1.55,50,340550
20240216,12:10:28,1.55,50,340550
20240216,12:10:31,1.55,50,340550
20240216,12:10:32,1.55,50,340550
20240216,12:10:33,1.55,50,340550
20240216,12:10:34,1.55,50,340550
20240216,12:10:35,1.55,50,340550
20240216,12:10:36,1.55,50,340550
20240216,12:10:37,1.55,50,340550
20240216,12:10:38,1.55,50,340550
20240216,12:10:39,1.55,50,340550
20240216,12:10:44,1.55,50,340550
20240216,12:10:45,1.55,50,340550
20240216,12:11:42,1.5,200,340550
20240216,12:11:48,1.5,5050,340550
20240216,12:12:03,1.45,200,340550
20240216,12:12:04,1.5,50,340550
20240216,12:12:05,1.5,50,340550
20240216,12:12:06,1.5,50,340550
20240216,12:12:07,1.5,50,340550
20240216,12:12:08,1.5,50,340550
20240216,12:12:09,1.5,50,340550
20240216,12:12:10,1.5,50,340550
20240216,12:12:11,1.5,300,340550
20240216,12:12:12,1.5,250,340550
20240216,12:12:13,1.5,50,340550
20240216,12:12:14,1.5,50,340550
20240216,12:12:15,1.5,50,340550
20240216,12:12:16,1.5,50,340550
20240216,12:12:17,1.5,50,340550
20240216,12:12:18,1.5,50,340550
20240216,12:12:19,1.5,50,340550
20240216,12:12:20,1.5,50,340550
20240216,12:12:21,1.5,50,340550
20240216,12:12:22,1.5,50,340550
20240216,12:12:23,1.5,50,340550
20240216,12:12:24,1.5,50,340550
20240216,12:12:25,1.5,1650,340550
20240216,12:12:26,1.5,50,340550
20240216,12:12:27,1.5,50,340550
20240216,12:12:28,1.5,50,340550
20240216,12:12:29,1.5,50,340550
20240216,12:12:30,1.5,50,340550
20240216,12:12:36,1.5,250,340550
20240216,12:12:54,1.5,50,340550
20240216,12:12:55,1.5,50,337600
20240216,12:12:56,1.5,50,337600
20240216,12:12:57,1.5,50,337600
20240216,12:12:58,1.5,50,337600
20240216,12:12:59,1.5,50,337600
20240216,12:13:00,1.5,50,337600
20240216,12:13:01,1.5,50,337600
20240216,12:13:02,1.5,50,337600
20240216,12:13:03,1.5,250,337600
20240216,12:13:04,1.5,250,337600
20240216,12:13:05,1.5,50,337600
20240216,12:13:06,1.5,50,337600
20240216,12:13:07,1.5,50,337600
20240216,12:13:08,1.5,50,337600
20240216,12:13:09,1.5,250,337600
20240216,12:13:10,1.5,50,337600
20240216,12:13:11,1.45,200,337600
20240216,12:13:12,1.5,50,337600
20240216,12:13:13,1.5,1000,337600
20240216,12:13:14,1.5,50,337600
20240216,12:13:15,1.5,50,337600
20240216,12:13:16,1.5,50,337600
20240216,12:13:17,1.5,900,337600
20240216,12:13:18,1.5,50,337600
20240216,12:13:19,1.5,50,337600
20240216,12:13:20,1.5,50,337600
20240216,12:13:22,1.5,50,337600
20240216,12:13:23,1.5,50,337600
20240216,12:13:24,1.5,50,337600
20240216,12:13:25,1.5,50,337600
20240216,12:13:30,1.45,550,337600
20240216,12:15:04,1.45,200,337600
20240216,12:17:48,1.45,50,337600
20240216,12:18:22,1.5,50,335850
20240216,12:18:23,1.5,50,335850
20240216,12:18:24,1.5,50,335850
20240216,12:18:25,1.5,50,335850
20240216,12:18:26,1.5,50,335850
20240216,12:18:27,1.5,50,335850
20240216,12:18:28,1.5,50,335850
20240216,12:18:29,1.5,50,335850
20240216,12:18:30,1.5,50,335850
20240216,12:18:31,1.5,50,335850
20240216,12:18:32,1.5,50,335850
20240216,12:18:33,1.5,50,335850
20240216,12:18:34,1.5,50,335850
20240216,12:18:35,1.5,50,335850
20240216,12:18:36,1.5,50,335850
20240216,12:18:37,1.5,50,335850
20240216,12:18:38,1.5,50,335850
20240216,12:18:39,1.5,50,335850
20240216,12:18:40,1.5,50,335850
20240216,12:18:41,1.5,50,335850
20240216,12:18:42,1.5,50,335850
20240216,12:18:43,1.5,100,335850
20240216,12:18:44,1.5,100,335850
20240216,12:18:45,1.5,100,335850
20240216,12:19:36,1.5,300,337200
20240216,12:19:43,1.5,100,337200
20240216,12:19:45,1.5,100,337200
20240216,12:19:46,1.5,400,337200
20240216,12:19:57,1.45,1800,337200
20240216,12:19:58,1.45,1800,337200
20240216,12:20:00,1.45,5150,337200
20240216,12:20:02,1.45,250,337200
20240216,12:20:04,1.45,200,337200
20240216,12:20:11,1.45,200,337200
20240216,12:20:13,1.45,200,337200
20240216,12:20:16,1.45,200,337200
20240216,12:20:21,1.45,550,337200
20240216,12:20:33,1.45,550,337200
20240216,12:20:38,1.4,50,337200
20240216,12:20:39,1.4,50,337200
20240216,12:20:40,1.4,50,337200
20240216,12:20:41,1.4,50,337200
20240216,12:20:42,1.4,50,337200
20240216,12:20:43,1.4,50,337200
20240216,12:20:44,1.4,250,337200
20240216,12:20:45,1.4,50,337200
20240216,12:20:46,1.4,50,337200
20240216,12:20:47,1.4,50,337200
20240216,12:20:50,1.45,200,337200
20240216,12:20:52,1.4,250,337200
20240216,12:20:53,1.4,50,337200
20240216,12:20:54,1.4,50,337200
20240216,12:20:55,1.4,250,337200
20240216,12:20:56,1.4,50,337200
20240216,12:20:57,1.4,50,337200
20240216,12:20:58,1.4,50,337200
20240216,12:21:02,1.4,50,337200
20240216,12:21:03,1.4,50,337200
20240216,12:21:04,1.4,300,337200
20240216,12:21:05,1.4,200,337200
20240216,12:21:06,1.4,200,337200
20240216,12:21:10,1.45,550,337200
20240216,12:21:13,1.45,550,337200
20240216,12:21:27,1.45,200,337200
20240216,12:21:30,1.45,200,337200
20240216,12:21:35,1.45,550,337200
20240216,12:21:41,1.45,850,337200
20240216,12:22:44,1.45,1300,343050
20240216,12:22:55,1.4,50,343050
20240216,12:22:56,1.4,1450,343050
20240216,12:22:57,1.4,150,343050
20240216,12:22:58,1.4,150,343050
20240216,12:22:59,1.4,150,343050
20240216,12:23:06,1.4,50,343050
20240216,12:23:07,1.4,150,343050
20240216,12:23:08,1.4,150,343050
20240216,12:23:09,1.4,150,343050
20240216,12:23:17,1.4,150,343050
20240216,12:23:18,1.4,150,343050
20240216,12:23:24,1.45,150,343050
20240216,12:23:38,1.4,150,343050
20240216,12:23:39,1.4,150,343050
20240216,12:23:40,1.4,150,343050
