date,time,tick_price,volume,open_interest
20231215,09:15:07,57.35,50,50
20231215,09:18:17,38.6,200,50
20231215,09:18:32,37.25,250,50
20231215,09:18:37,36.95,500,50
20231215,09:18:43,36.65,150,50
20231215,09:18:52,36.55,100,50
20231215,09:19:00,36.4,150,50
20231215,09:19:26,34.9,100,50
20231215,09:19:34,34.9,100,50
20231215,09:19:51,35.75,50,50
20231215,09:19:52,35.75,50,50
20231215,09:19:56,35.75,50,50
20231215,09:20:17,35.5,50,50
20231215,09:20:18,35.5,50,50
20231215,09:21:04,36.0,50,1800
20231215,09:21:57,36.5,100,1800
20231215,09:22:34,36.0,150,1800
20231215,09:23:04,36.2,500,1800
20231215,09:23:08,36.0,50,1800
20231215,09:23:17,36.2,200,1800
20231215,09:23:57,35.85,50,2800
20231215,09:24:30,35.3,50,2800
20231215,09:24:57,35.0,150,2800
20231215,09:25:02,34.65,50,2800
20231215,09:25:38,34.65,50,2800
20231215,09:26:17,35.15,150,2800
20231215,09:27:06,35.5,50,3000
20231215,09:31:53,35.6,100,3050
20231215,09:32:25,35.6,50,3050
20231215,09:32:51,36.15,450,3100
20231215,09:33:00,36.55,100,3100
20231215,09:33:08,36.55,200,3100
20231215,09:33:17,36.55,1450,3100
20231215,09:33:26,36.35,200,3100
20231215,09:33:35,36.45,400,3100
20231215,09:34:18,36.8,200,3100
20231215,09:34:27,36.5,200,3100
20231215,09:34:36,36.45,300,3100
20231215,09:34:46,36.6,50,3100
20231215,09:34:53,36.6,200,3100
20231215,09:34:55,36.5,50,3100
20231215,09:35:35,37.1,50,6450
20231215,09:35:55,36.75,50,6450
20231215,09:36:21,36.65,100,6450
20231215,09:36:58,37.0,100,6450
20231215,09:38:44,36.5,250,6600
20231215,09:38:53,36.3,100,6600
20231215,09:39:02,36.5,500,6600
20231215,09:39:19,36.1,100,6600
20231215,09:39:28,35.75,200,6600
20231215,09:40:03,35.7,100,6600
20231215,09:40:57,36.2,300,6600
20231215,09:44:06,36.2,50,7550
20231215,09:45:13,36.3,150,7550
20231215,09:45:30,36.5,200,7550
20231215,09:46:06,37.0,100,7550
20231215,09:46:15,36.85,50,7550
20231215,09:46:24,37.45,50,7550
20231215,09:46:50,37.45,850,7550
20231215,09:46:58,37.0,100,7550
20231215,09:47:07,37.35,300,7550
20231215,09:47:58,37.35,50,8700
20231215,09:48:32,37.0,100,8700
20231215,09:49:13,37.15,100,8700
20231215,09:50:17,37.05,100,8700
20231215,09:50:43,37.0,250,8800
20231215,09:54:35,37.5,50,8800
20231215,09:54:44,37.05,50,8800
20231215,09:54:54,37.0,150,8800
20231215,09:56:22,37.2,100,8800
20231215,09:56:58,37.3,300,8650
20231215,09:57:06,37.3,400,8650
20231215,09:57:15,37.25,50,8650
20231215,09:57:31,37.3,950,8650
20231215,09:58:55,38.1,100,8650
20231215,10:00:39,38.7,350,9050
20231215,10:00:48,38.8,100,9050
20231215,10:01:33,39.1,300,9050
20231215,10:02:06,39.1,50,9050
20231215,10:02:15,39.2,50,9050
20231215,10:03:33,39.65,200,9100
20231215,10:04:08,40.1,150,9100
20231215,10:05:37,40.8,500,9250
20231215,10:05:55,40.7,150,9250
20231215,10:06:21,40.35,100,9250
20231215,10:06:48,40.5,50,9250
20231215,10:07:49,41.0,450,9250
20231215,10:08:05,41.0,250,9250
20231215,10:08:14,41.0,200,9250
20231215,10:11:11,41.3,650,10200
20231215,10:12:12,41.4,250,10200
20231215,10:14:08,42.0,350,10200
20231215,10:14:34,42.35,100,10150
20231215,10:14:43,42.5,100,10150
20231215,10:14:51,42.35,200,10150
20231215,10:15:00,42.65,100,10150
20231215,10:15:08,42.4,50,10150
20231215,10:15:25,42.55,100,10150
20231215,10:15:34,42.3,50,10150
20231215,10:16:00,42.6,100,10150
20231215,10:16:17,42.45,100,10150
20231215,10:16:51,42.6,400,10150
20231215,10:17:35,42.7,50,9700
20231215,10:17:44,42.7,2400,9700
20231215,10:18:28,42.6,50,9700
20231215,10:19:03,42.6,150,9700
20231215,10:19:12,42.5,100,9700
20231215,10:20:38,42.55,150,12050
20231215,10:22:08,43.2,300,12050
20231215,10:22:16,43.1,500,12050
20231215,10:22:25,43.25,350,12050
20231215,10:22:40,43.1,50,12050
20231215,10:25:10,44.5,200,12900
20231215,10:25:20,44.45,1650,12900
20231215,10:25:29,44.85,50,12900
20231215,10:25:56,44.2,3200,12900
20231215,10:26:05,43.9,6400,12900
20231215,10:26:14,44.15,50,12900
20231215,10:27:16,43.3,50,20550
20231215,10:27:33,43.3,50,20550
20231215,10:28:16,43.6,250,20550
20231215,10:28:25,43.3,250,20550
20231215,10:28:33,43.0,100,20550
20231215,10:28:42,43.15,600,20550
20231215,10:28:50,43.0,50,20550
20231215,10:29:24,43.15,250,20550
20231215,10:30:50,43.9,100,21050
20231215,10:31:07,44.0,100,21050
20231215,10:31:32,43.9,250,21050
20231215,10:31:41,43.85,100,21050
20231215,10:31:49,44.0,250,21050
20231215,10:32:06,44.0,50,21050
20231215,10:33:28,43.85,50,21050
20231215,10:33:54,43.95,50,21050
20231215,10:34:10,43.25,5150,21050
20231215,10:34:19,44.1,500,21050
20231215,10:34:29,43.8,300,21050
20231215,10:34:38,44.45,250,21050
20231215,10:34:46,44.4,650,21050
20231215,10:34:55,44.6,300,21050
20231215,10:35:12,45.4,700,21050
20231215,10:37:14,46.1,50,26700
20231215,10:37:30,46.0,50,26700
20231215,10:38:27,45.5,100,26700
20231215,10:38:36,45.0,100,26700
20231215,10:39:01,45.25,200,26700
20231215,10:39:19,44.65,50,26700
20231215,10:40:01,44.65,50,26700
20231215,10:41:31,44.2,50,26700
20231215,10:42:05,44.15,200,26600
20231215,10:42:38,43.9,100,26600
20231215,10:43:55,43.05,200,26600
20231215,10:44:21,42.85,50,26600
20231215,10:45:10,42.6,300,26250
20231215,10:45:18,42.55,100,26250
20231215,10:45:51,42.75,200,26250
20231215,10:46:16,42.55,50,26250
20231215,10:46:52,42.2,50,26250
20231215,10:47:45,41.65,100,26250
20231215,10:48:03,41.0,50,26600
20231215,10:48:13,40.3,100,26600
20231215,10:48:22,40.9,50,26600
20231215,10:49:08,41.2,200,26600
20231215,10:49:43,41.1,200,26600
20231215,10:50:10,41.05,100,26600
20231215,10:50:26,41.05,50,26600
20231215,10:50:35,41.05,250,26600
20231215,10:51:44,41.0,200,26800
20231215,10:52:02,41.2,100,26800
20231215,10:53:15,40.55,50,26800
20231215,10:53:24,40.45,50,26800
20231215,10:54:10,40.35,150,26500
20231215,10:54:19,40.1,250,26500
20231215,10:55:21,40.0,1000,26500
20231215,10:55:30,40.15,100,26500
20231215,10:55:57,40.3,50,26500
20231215,10:57:51,40.45,300,26650
20231215,10:58:09,40.75,50,26650
20231215,10:58:46,41.2,250,26650
20231215,10:59:30,41.95,100,26650
20231215,11:00:05,42.25,100,26900
20231215,11:02:12,42.6,250,26900
20231215,11:03:24,42.7,150,27150
20231215,11:03:33,42.75,100,27150
20231215,11:03:50,42.45,50,27150
20231215,11:03:58,42.6,500,27150
20231215,11:04:07,42.4,250,27150
20231215,11:04:16,42.1,250,27150
20231215,11:04:34,42.1,450,27150
20231215,11:04:52,41.7,100,27150
20231215,11:05:01,41.95,300,27150
20231215,11:05:19,41.9,100,27150
20231215,11:05:28,42.2,500,27150
20231215,11:06:02,42.55,100,29150
20231215,11:06:11,42.85,350,29150
20231215,11:06:19,43.0,300,29150
20231215,11:06:53,42.8,50,29150
20231215,11:07:01,42.95,100,29150
20231215,11:07:18,43.1,200,29150
20231215,11:07:34,43.1,50,29150
20231215,11:07:43,42.7,150,29150
20231215,11:07:52,42.6,250,29150
20231215,11:09:31,42.85,350,29900
20231215,11:10:44,43.0,50,29900
20231215,11:11:08,43.3,50,29900
20231215,11:11:16,43.3,50,29900
20231215,11:12:03,43.4,50,30250
20231215,11:13:07,43.25,200,30250
20231215,11:13:39,43.0,200,30250
20231215,11:17:18,43.15,100,30400
20231215,11:18:22,43.45,250,30300
20231215,11:18:31,43.45,50,30300
20231215,11:19:04,43.7,50,30300
20231215,11:19:37,43.55,50,30300
20231215,11:21:31,44.0,150,30650
20231215,11:21:39,43.9,50,30650
20231215,11:23:55,43.8,500,30750
20231215,11:25:11,43.85,50,30750
20231215,11:25:26,43.85,50,30750
20231215,11:25:48,44.0,50,30750
20231215,11:26:03,44.35,50,30750
20231215,11:27:34,44.4,50,30800
20231215,11:27:41,44.4,250,30800
20231215,11:28:49,44.25,50,30800
20231215,11:33:10,44.3,50,31050
20231215,11:37:02,44.0,50,31100
20231215,11:38:31,44.15,50,31100
20231215,11:39:03,44.15,100,31100
20231215,11:39:21,44.2,150,31050
20231215,11:40:09,44.5,1050,31050
20231215,11:40:25,44.15,50,31050
20231215,11:41:04,44.15,100,31050
20231215,11:41:19,44.05,400,31050
20231215,11:41:50,43.9,150,31050
20231215,11:42:13,43.9,50,31800
20231215,11:42:58,43.55,50,31800
20231215,11:43:13,43.45,200,31800
20231215,11:48:43,43.45,50,32000
20231215,11:50:04,43.25,100,32000
20231215,11:50:49,43.0,100,32050
20231215,11:51:34,43.1,100,32050
20231215,11:54:56,43.7,200,32000
20231215,11:56:14,43.7,50,32000
20231215,11:58:43,43.35,50,32150
20231215,11:59:15,43.05,50,32150
20231215,12:01:19,43.2,50,32100
20231215,12:01:27,43.25,50,32100
20231215,12:02:09,43.35,200,32100
20231215,12:03:27,43.1,200,32000
20231215,12:06:04,43.75,100,31800
20231215,12:06:55,43.75,200,31800
20231215,12:09:52,43.25,50,31800
20231215,12:11:02,43.45,50,31800
20231215,12:11:53,43.55,50,31850
20231215,12:13:27,43.55,50,31850
20231215,12:13:47,43.7,100,31850
20231215,12:15:59,42.85,100,31950
20231215,12:16:55,42.4,50,31950
20231215,12:17:44,42.0,100,31950
20231215,12:18:40,42.55,50,32100
20231215,12:20:44,43.35,100,32100
20231215,12:21:38,43.05,100,32100
20231215,12:24:17,43.4,750,32100
20231215,12:24:31,43.05,200,32100
20231215,12:31:47,44.55,50,32000
20231215,12:33:38,43.95,50,32000
20231215,12:38:14,44.0,50,32000
20231215,12:38:35,44.0,250,32000
20231215,12:40:01,43.7,50,32200
20231215,12:40:22,43.9,200,32200
20231215,12:40:29,44.0,350,32200
20231215,12:40:51,44.0,200,32200
20231215,12:40:58,43.8,50,32200
20231215,12:42:55,43.85,50,31900
20231215,12:44:43,44.25,50,31900
20231215,12:47:00,44.6,100,31900
20231215,12:48:04,44.6,350,31800
20231215,12:48:11,44.6,150,31800
20231215,12:50:41,44.6,200,31800
20231215,12:51:22,44.25,100,32100
20231215,12:53:32,44.25,50,32100
20231215,12:55:14,43.85,50,32150
20231215,12:56:23,43.8,50,32150
20231215,12:57:26,43.25,250,32200
20231215,12:57:33,43.55,250,32200
20231215,12:58:47,44.3,200,32200
20231215,12:59:47,44.55,50,32200
20231215,13:01:05,44.55,100,32200
20231215,13:01:12,44.2,50,32200
20231215,13:07:17,43.85,100,32200
20231215,13:09:44,43.65,50,32200
20231215,13:11:21,43.75,50,32200
20231215,13:13:03,43.65,50,32300
20231215,13:17:08,44.2,50,32350
20231215,13:19:53,44.0,50,32400
20231215,13:21:29,44.15,50,32400
20231215,13:22:32,44.4,50,32400
20231215,13:23:46,44.15,100,32400
20231215,13:26:36,43.9,100,32500
20231215,13:27:39,43.85,350,32500
20231215,13:31:09,44.0,100,32500
20231215,13:31:57,44.4,50,32750
20231215,13:32:36,44.7,200,32750
20231215,13:34:19,45.0,50,33100
20231215,13:34:26,44.9,250,33100
20231215,13:36:31,44.3,50,33050
20231215,13:40:02,44.8,50,33100
20231215,13:41:23,45.0,150,33100
20231215,13:41:30,44.9,200,33100
20231215,13:41:36,45.0,250,33100
20231215,13:42:29,45.0,50,33550
20231215,13:44:57,45.45,50,33550
20231215,13:45:11,45.35,200,33600
20231215,13:45:18,45.45,50,33600
20231215,13:45:32,45.3,50,33600
20231215,13:46:29,45.85,50,33600
20231215,13:47:17,45.25,50,33600
20231215,13:47:32,45.85,6200,33600
20231215,13:47:40,45.65,1800,33600
20231215,13:49:16,46.1,50,37250
20231215,13:49:58,46.0,100,37250
20231215,13:50:19,46.1,200,37250
20231215,13:50:47,46.2,100,37250
20231215,13:51:21,46.3,50,37550
20231215,13:52:10,46.55,300,37550
20231215,13:52:18,46.5,600,37550
20231215,13:53:52,46.7,50,37550
20231215,13:54:07,46.6,100,37550
20231215,13:54:15,46.7,50,37750
20231215,13:54:31,46.75,50,37750
20231215,13:57:13,46.55,50,37600
20231215,13:58:18,46.7,200,37600
20231215,13:59:15,47.45,250,37600
20231215,13:59:35,47.75,250,37600
20231215,13:59:55,47.95,50,37600
20231215,14:00:06,48.3,50,37600
20231215,14:00:29,48.05,50,37750
20231215,14:00:39,47.55,50,37750
20231215,14:02:12,47.7,50,37750
20231215,14:02:44,47.65,50,37750
20231215,14:03:25,47.5,100,37850
20231215,14:03:41,47.3,50,37850
20231215,14:04:15,47.55,50,37850
20231215,14:04:40,47.75,50,37850
20231215,14:05:31,47.6,6800,37850
20231215,14:05:40,47.55,6000,37850
20231215,14:05:49,47.55,200,37850
20231215,14:05:57,47.4,5450,37850
20231215,14:06:06,47.35,16800,37850
20231215,14:06:15,47.0,3850,63950
20231215,14:06:23,46.9,300,63950
20231215,14:06:32,46.65,600,63950
20231215,14:06:41,46.6,300,63950
20231215,14:06:49,46.85,50,63950
20231215,14:06:57,46.75,400,63950
20231215,14:07:06,46.65,50,63950
20231215,14:07:22,46.4,250,63950
20231215,14:07:30,46.45,50,63950
20231215,14:07:38,46.55,200,63950
20231215,14:08:25,46.6,400,63950
20231215,14:08:32,46.6,850,63950
20231215,14:08:40,46.65,5350,63950
20231215,14:09:04,46.6,250,63950
20231215,14:09:19,46.65,150,68200
20231215,14:09:28,46.6,3200,68200
20231215,14:09:36,46.65,350,68200
20231215,14:10:00,46.65,850,68200
20231215,14:10:08,46.65,350,68200
20231215,14:10:47,46.6,1850,68200
20231215,14:11:03,46.6,1800,68200
20231215,14:11:11,46.65,200,68200
20231215,14:11:19,46.65,200,68200
20231215,14:11:57,46.6,850,68200
20231215,14:12:05,46.6,550,68200
20231215,14:12:20,46.6,400,76450
20231215,14:12:43,46.6,250,76450
20231215,14:13:13,46.7,3000,76450
20231215,14:13:21,46.75,100,76450
20231215,14:13:36,46.6,350,76450
20231215,14:13:43,46.6,650,76450
20231215,14:13:50,46.6,250,76450
20231215,14:14:12,46.6,50,76450
20231215,14:14:20,46.6,150,76450
20231215,14:14:27,46.6,250,76450
20231215,14:14:34,46.65,250,76450
20231215,14:14:42,46.65,200,76450
20231215,14:14:50,46.6,250,76450
20231215,14:14:58,46.6,550,76450
20231215,14:15:06,46.6,250,76450
20231215,14:15:15,46.6,12250,88550
20231215,14:15:23,46.6,300,88550
20231215,14:15:32,46.6,1950,88550
20231215,14:15:40,46.6,300,88550
20231215,14:15:57,46.75,250,88550
20231215,14:16:05,46.7,250,88550
20231215,14:16:13,46.6,500,88550
20231215,14:16:36,46.6,250,88550
20231215,14:16:44,46.6,1200,88550
20231215,14:16:53,46.65,2100,88550
20231215,14:17:01,46.7,200,88550
20231215,14:17:25,46.7,350,88550
20231215,14:17:33,46.65,250,88550
20231215,14:18:04,46.65,500,88550
20231215,14:18:19,46.6,250,94300
20231215,14:19:05,46.8,3700,94300
20231215,14:19:21,46.8,100,94300
20231215,14:19:44,46.6,1800,94300
20231215,14:20:23,47.2,4550,94300
20231215,14:20:31,47.2,500,94300
20231215,14:20:38,47.2,350,94300
20231215,14:20:46,47.5,1450,94300
20231215,14:21:35,47.95,50,100050
20231215,14:21:43,47.85,700,100050
20231215,14:22:25,47.85,2100,100050
20231215,14:22:33,47.9,2050,100050
20231215,14:22:42,47.85,1750,100050
20231215,14:22:50,47.95,1150,100050
20231215,14:22:59,47.85,450,100050
20231215,14:23:07,47.85,300,100050
20231215,14:23:15,47.9,4500,100050
20231215,14:23:24,47.9,150,100050
20231215,14:23:32,47.85,1250,100050
20231215,14:23:40,47.85,5050,100050
20231215,14:23:49,47.9,350,100050
20231215,14:24:19,48.0,400,118050
20231215,14:24:34,48.0,100,118050
20231215,14:24:49,48.3,50,118050
20231215,14:25:48,48.3,250,118050
20231215,14:26:18,48.3,850,118050
20231215,14:26:25,48.3,900,118050
20231215,14:26:33,48.3,2950,118050
20231215,14:26:41,48.3,400,118050
20231215,14:26:48,48.3,300,118050
20231215,14:27:03,48.3,4250,118050
20231215,14:27:10,48.3,6450,118050
20231215,14:27:19,48.35,300,133950
20231215,14:27:50,48.3,300,133950
20231215,14:28:52,48.65,1000,133950
20231215,14:29:00,48.6,100,133950
20231215,14:29:15,48.4,250,133950
20231215,14:29:29,48.6,200,133950
20231215,14:29:50,48.65,550,133950
20231215,14:29:58,48.6,1200,133950
20231215,14:30:05,48.6,3900,133950
20231215,14:30:37,48.95,100,138850
20231215,14:30:53,49.0,200,138850
20231215,14:31:26,48.95,200,138850
20231215,14:31:34,49.0,50,138850
20231215,14:31:42,49.0,2400,138850
20231215,14:31:51,49.05,100,138850
20231215,14:31:59,49.05,200,138850
20231215,14:32:44,49.0,100,138850
20231215,14:32:52,49.0,4700,138850
20231215,14:33:00,49.05,1700,138850
20231215,14:33:08,49.05,50,138850
20231215,14:33:23,49.05,1850,148100
20231215,14:33:31,49.0,200,148100
20231215,14:33:39,49.05,100,148100
20231215,14:33:47,49.0,5800,148100
20231215,14:33:55,49.0,250,148100
20231215,14:34:03,49.0,3000,148100
20231215,14:34:18,49.0,1000,148100
20231215,14:34:26,49.0,150,148100
20231215,14:34:39,49.1,100,148100
20231215,14:34:46,49.15,50,148100
20231215,14:34:54,49.1,1050,148100
20231215,14:35:03,49.1,250,148100
20231215,14:35:11,49.2,250,148100
20231215,14:35:19,49.45,50,148100
20231215,14:35:27,49.45,650,148100
20231215,14:35:35,49.65,100,148100
20231215,14:35:43,49.6,100,148100
20231215,14:36:15,49.6,2150,158550
20231215,14:36:31,49.7,1850,158550
20231215,14:36:47,49.6,1850,158550
20231215,14:36:55,49.6,350,158550
20231215,14:37:09,49.6,3200,158550
20231215,14:37:17,49.6,4550,158550
20231215,14:37:24,49.7,200,158550
20231215,14:38:01,49.6,950,158550
20231215,14:38:09,49.6,150,158550
20231215,14:38:54,49.7,700,158550
20231215,14:39:17,49.65,150,172450
20231215,14:39:24,49.65,400,172450
20231215,14:39:38,49.65,350,172450
20231215,14:39:45,49.6,150,172450
20231215,14:40:15,49.65,100,172450
20231215,14:40:52,49.75,400,172450
20231215,14:41:00,49.8,800,172450
20231215,14:41:17,50.0,150,172450
20231215,14:41:26,49.95,100,172450
20231215,14:41:35,50.15,5800,172450
20231215,14:41:45,50.05,200,172450
20231215,14:41:54,50.05,100,172450
20231215,14:42:03,50.05,100,172450
20231215,14:42:12,50.1,300,172450
20231215,14:42:38,50.05,400,177200
20231215,14:42:46,50.05,600,177200
20231215,14:43:04,50.05,14650,177200
20231215,14:43:13,50.0,5550,177200
20231215,14:43:21,50.0,5550,177200
20231215,14:43:30,50.15,700,177200
20231215,14:44:01,50.0,50,177200
20231215,14:44:10,50.1,300,177200
20231215,14:44:18,50.05,400,177200
20231215,14:45:14,50.25,350,177200
20231215,14:45:22,50.1,250,203850
20231215,14:45:30,50.4,500,203850
20231215,14:45:39,50.25,150,203850
20231215,14:45:46,50.25,350,203850
20231215,14:45:54,50.25,250,203850
20231215,14:46:03,50.25,400,203850
20231215,14:46:35,50.3,150,203850
20231215,14:46:43,50.45,1050,203850
20231215,14:46:59,50.25,300,203850
20231215,14:47:15,50.25,50,203850
20231215,14:47:54,50.35,450,203850
20231215,14:48:01,50.25,800,203850
20231215,14:48:17,50.25,50,203850
20231215,14:48:25,50.3,200,206300
20231215,14:48:33,50.3,300,206300
20231215,14:48:49,50.45,200,206300
20231215,14:49:05,50.5,500,206300
20231215,14:49:14,50.55,1350,206300
20231215,14:49:23,50.4,100,206300
20231215,14:49:31,50.6,600,206300
20231215,14:49:40,50.5,200,206300
20231215,14:50:14,50.7,1050,206300
20231215,14:50:32,51.2,250,206300
20231215,14:50:50,51.5,50,206300
20231215,14:51:00,51.75,3450,206300
20231215,14:51:10,51.75,14800,206300
20231215,14:51:20,52.25,10050,220150
20231215,14:51:30,52.5,3850,220150
20231215,14:51:40,52.5,2550,220150
20231215,14:51:50,52.8,1850,220150
20231215,14:51:59,53.0,200,220150
20231215,14:52:09,53.85,1650,220150
20231215,14:52:20,54.75,800,220150
20231215,14:52:30,55.0,2250,220150
20231215,14:52:40,55.5,650,220150
20231215,14:53:22,56.05,600,220150
20231215,14:53:32,56.1,2400,220150
20231215,14:53:50,56.3,250,220150
20231215,14:54:00,56.75,300,220150
20231215,14:54:10,57.0,350,220150
20231215,14:54:20,57.5,100,209850
20231215,14:54:30,56.85,550,209850
20231215,14:54:39,56.25,200,209850
20231215,14:54:48,56.25,50,209850
20231215,14:54:57,56.3,100,209850
20231215,14:55:05,56.25,1050,209850
20231215,14:55:32,57.6,2850,209850
20231215,14:55:42,57.6,100,209850
20231215,14:56:02,58.25,550,209850
20231215,14:57:01,59.5,6400,209850
20231215,14:57:11,58.5,1300,209850
20231215,14:57:21,58.65,350,217250
20231215,14:57:30,59.65,5400,217250
20231215,14:57:41,59.0,2700,217250
20231215,14:57:50,59.0,2250,217250
20231215,14:58:00,59.1,14200,217250
20231215,14:58:09,59.15,100,217250
20231215,14:58:18,59.2,600,217250
20231215,14:58:27,59.1,700,217250
20231215,14:58:46,59.35,100,217250
20231215,14:58:56,59.15,800,217250
20231215,14:59:06,59.1,1400,217250
20231215,14:59:25,59.2,250,217250
20231215,14:59:45,60.05,1800,217250
20231215,14:59:55,60.35,3900,217250
20231215,15:00:05,59.4,1900,217250
20231215,15:00:15,60.4,100,217250
20231215,15:00:25,60.8,200,239700
20231215,15:00:35,61.6,6300,239700
20231215,15:00:41,62.0,50,239700
20231215,15:00:49,62.4,400,239700
20231215,15:01:11,64.05,100,239700
20231215,15:01:25,64.5,550,239700
20231215,15:01:33,65.4,5600,239700
20231215,15:01:51,65.35,100,239700
20231215,15:02:03,66.0,19500,239700
20231215,15:02:12,66.5,5400,239700
20231215,15:02:21,66.2,1700,239700
20231215,15:02:30,66.6,650,239700
20231215,15:02:41,66.6,6450,239700
20231215,15:02:52,66.3,2750,239700
20231215,15:03:02,67.0,350,239700
20231215,15:03:14,67.05,650,239700
20231215,15:03:25,67.25,550,274200
20231215,15:03:37,67.25,1000,274200
20231215,15:03:49,67.3,7550,274200
20231215,15:04:10,67.0,20950,274200
20231215,15:04:21,66.2,13650,274200
20231215,15:04:32,65.15,4650,274200
20231215,15:04:41,64.75,450,274200
20231215,15:04:51,64.2,1250,274200
20231215,15:05:01,63.85,800,274200
20231215,15:05:10,64.55,1150,274200
20231215,15:05:29,64.35,150,274200
20231215,15:05:38,64.35,700,274200
20231215,15:05:47,63.9,300,274200
20231215,15:05:56,63.85,300,274200
20231215,15:06:33,64.25,200,317950
20231215,15:06:42,64.4,150,317950
20231215,15:06:51,63.9,1500,317950
20231215,15:07:00,64.4,400,317950
20231215,15:07:18,63.95,2750,317950
20231215,15:07:27,63.55,10600,317950
20231215,15:07:36,63.4,5250,317950
20231215,15:07:45,63.45,2150,317950
20231215,15:07:53,63.3,200,317950
20231215,15:08:03,63.15,1650,317950
20231215,15:08:12,62.4,950,317950
20231215,15:08:21,62.75,13500,317950
20231215,15:08:39,62.8,1600,317950
20231215,15:08:48,63.0,4150,317950
20231215,15:08:57,62.9,1950,317950
20231215,15:09:06,62.75,650,317950
20231215,15:09:15,62.95,1200,317950
20231215,15:09:25,62.85,1000,332050
20231215,15:09:34,62.95,700,332050
20231215,15:09:43,63.0,6750,332050
20231215,15:09:52,63.0,4150,332050
20231215,15:10:01,63.0,5000,332050
20231215,15:10:11,62.75,2750,332050
20231215,15:10:19,62.65,900,332050
20231215,15:10:29,62.55,2850,332050
20231215,15:10:38,62.65,1750,332050
20231215,15:10:47,62.95,2400,332050
20231215,15:10:56,62.6,3850,332050
20231215,15:11:05,62.95,7950,332050
20231215,15:11:15,63.7,5750,332050
20231215,15:11:24,63.95,5050,332050
20231215,15:11:32,63.7,650,332050
20231215,15:11:41,63.6,250,332050
20231215,15:11:47,63.8,500,332050
20231215,15:11:51,63.9,250,332050
20231215,15:11:57,64.1,250,332050
20231215,15:12:00,63.9,50,332050
20231215,15:12:02,64.1,250,332050
20231215,15:12:04,63.85,250,332050
20231215,15:12:07,63.65,150,332050
20231215,15:12:19,63.7,50,346900
20231215,15:12:37,63.95,50,346900
20231215,15:12:53,64.65,450,346900
20231215,15:13:11,65.0,50,346900
20231215,15:13:20,65.0,100,346900
20231215,15:13:37,65.0,2500,346900
20231215,15:13:46,65.2,200,346900
20231215,15:13:56,65.75,350,346900
20231215,15:14:05,65.7,1050,346900
20231215,15:14:25,65.0,550,346900
20231215,15:14:35,65.0,1000,346900
20231215,15:14:45,65.1,500,346900
20231215,15:14:54,65.45,1200,346900
20231215,15:15:04,65.0,950,346900
20231215,15:15:23,65.05,350,351050
20231215,15:15:34,65.05,50,351050
20231215,15:15:46,64.6,900,351050
20231215,15:15:57,65.0,18350,351050
20231215,15:16:07,65.05,17700,351050
20231215,15:16:19,65.4,3100,351050
20231215,15:16:30,65.85,4250,351050
20231215,15:16:41,66.0,18400,351050
20231215,15:16:51,67.3,400,351050
20231215,15:17:02,67.4,550,351050
20231215,15:17:13,67.85,300,351050
20231215,15:17:44,69.35,1450,351050
20231215,15:17:54,69.8,1900,351050
20231215,15:18:05,70.05,1050,351050
20231215,15:18:26,70.05,500,304750
20231215,15:18:36,69.7,1150,304750
20231215,15:18:46,69.3,3400,304750
20231215,15:18:56,69.1,6150,304750
20231215,15:19:07,68.95,1450,304750
20231215,15:19:35,69.3,750,304750
20231215,15:19:45,69.75,500,304750
20231215,15:19:56,70.3,2100,304750
20231215,15:20:07,69.55,1050,304750
20231215,15:20:19,69.8,4400,304750
20231215,15:20:29,69.8,15350,304750
20231215,15:20:39,70.1,600,304750
20231215,15:20:49,70.05,750,304750
20231215,15:21:00,69.9,1700,304750
20231215,15:21:10,69.85,200,304750
20231215,15:21:20,69.8,650,304750
20231215,15:21:32,69.75,150,320350
20231215,15:21:44,68.65,4750,320350
20231215,15:21:55,68.3,250,320350
20231215,15:22:04,67.7,3400,320350
20231215,15:22:14,68.25,50,320350
20231215,15:22:24,68.0,1050,320350
20231215,15:22:34,68.75,950,320350
20231215,15:22:45,68.85,50,320350
20231215,15:22:54,68.95,4550,320350
20231215,15:23:04,68.0,50,320350
20231215,15:23:22,68.2,200,320350
20231215,15:23:31,68.45,350,320350
20231215,15:23:40,68.95,2950,320350
20231215,15:23:50,68.75,450,320350
20231215,15:23:59,68.95,1300,320350
20231215,15:24:09,68.85,10400,320350
20231215,15:24:18,68.85,3000,320350
20231215,15:24:27,68.85,4350,316050
20231215,15:24:37,68.85,10850,316050
20231215,15:24:46,68.85,5800,316050
20231215,15:25:05,68.85,5650,316050
20231215,15:25:15,68.85,2850,316050
20231215,15:25:24,68.85,10900,316050
20231215,15:25:34,68.85,6200,316050
20231215,15:25:46,68.85,1850,316050
20231215,15:25:57,68.4,8150,316050
20231215,15:26:07,68.85,1900,316050
20231215,15:26:27,68.85,900,316050
20231215,15:26:36,68.85,400,316050
20231215,15:26:45,68.8,5200,316050
20231215,15:26:55,68.8,1000,316050
20231215,15:27:05,68.85,250,316050
20231215,15:27:14,68.85,1750,316050
20231215,15:27:24,68.85,2050,264500
20231215,15:27:33,68.85,200,264500
20231215,15:27:42,68.8,850,264500
20231215,15:27:53,68.85,400,264500
20231215,15:28:14,71.5,50,264500
20231215,15:28:23,71.5,50,264500
20231215,15:28:43,70.0,100,264500
20231215,15:29:02,70.0,50,264500
20231215,15:29:11,70.0,100,264500
20231215,15:29:30,70.6,50,264500
20231215,15:29:39,70.6,1100,264500
20231215,15:29:49,70.6,450,264500
20231215,15:29:58,70.6,600,264500
20231215,15:30:03,70.6,400,264500
20231218,09:15:22,59.45,1,235750
20231218,09:15:22,59.45,50,235750
20231218,09:15:32,57.15,250,235750
20231218,09:15:40,57.15,1350,235750
20231218,09:16:06,57.5,850,235750
20231218,09:16:14,58.45,3950,235750
20231218,09:16:22,58.35,1900,235750
20231218,09:16:31,59.75,13100,235750
20231218,09:16:39,61.0,100,235750
20231218,09:16:56,61.0,400,235750
20231218,09:17:14,61.4,1500,235750
20231218,09:17:25,61.75,350,235750
20231218,09:17:47,62.35,50,230750
20231218,09:18:10,63.65,200,230750
20231218,09:18:22,64.15,300,230750
20231218,09:18:32,64.25,2350,230750
20231218,09:18:43,64.4,1500,230750
20231218,09:18:54,64.55,2200,230750
20231218,09:19:06,64.6,550,230750
20231218,09:19:18,64.6,1050,230750
20231218,09:19:30,64.75,2200,230750
20231218,09:19:40,64.05,3250,230750
20231218,09:19:51,64.8,9650,230750
20231218,09:20:03,63.95,8200,230750
20231218,09:20:14,63.95,13700,230750
20231218,09:20:25,63.75,3650,230750
20231218,09:20:36,63.3,2900,253950
20231218,09:20:46,63.0,1750,253950
20231218,09:20:57,62.5,4100,253950
20231218,09:21:09,62.25,5150,253950
20231218,09:21:19,62.35,2950,253950
20231218,09:21:29,62.1,3900,253950
20231218,09:21:39,62.3,1000,253950
20231218,09:21:50,61.25,150,253950
20231218,09:22:00,61.25,300,253950
20231218,09:22:12,61.95,1350,253950
20231218,09:22:24,63.3,1750,253950
20231218,09:22:34,62.95,100,253950
20231218,09:22:44,63.8,5000,253950
20231218,09:22:53,65.0,1600,253950
20231218,09:23:03,65.5,100,253950
20231218,09:23:24,66.7,50,253950
20231218,09:23:34,67.8,1150,258750
20231218,09:23:44,68.9,1100,258750
20231218,09:23:54,69.05,1200,258750
20231218,09:24:05,69.2,800,258750
20231218,09:24:27,70.65,500,258750
20231218,09:24:38,70.95,1550,258750
20231218,09:24:49,71.3,450,258750
20231218,09:25:00,71.4,100,258750
20231218,09:25:11,70.75,100,258750
20231218,09:25:21,70.25,4000,258750
20231218,09:25:32,71.45,250,258750
20231218,09:25:42,71.45,250,258750
20231218,09:25:52,71.95,2800,258750
20231218,09:26:12,73.0,500,258750
20231218,09:26:52,73.0,1800,259750
20231218,09:28:01,73.0,50,259750
20231218,09:28:29,72.05,450,259750
20231218,09:28:38,72.0,5400,259750
20231218,09:29:14,72.5,3650,259750
20231218,09:29:32,73.35,300,259750
20231218,09:29:41,73.6,100,248550
20231218,09:30:26,75.75,50,248550
20231218,09:30:45,75.75,650,248550
20231218,09:31:06,74.9,1450,248550
20231218,09:31:16,74.5,450,248550
20231218,09:31:35,73.1,600,248550
20231218,09:31:45,73.15,200,248550
20231218,09:31:55,71.85,300,248550
20231218,09:32:00,72.0,950,248550
20231218,09:32:01,72.2,500,248550
20231218,09:32:36,72.45,600,248150
20231218,09:33:19,71.8,400,248150
20231218,09:33:29,71.8,550,248150
20231218,09:33:57,71.6,650,248150
20231218,09:34:07,71.55,850,248150
20231218,09:34:36,70.0,11250,248150
20231218,09:34:46,70.0,3650,248150
20231218,09:35:05,68.8,1650,248150
20231218,09:35:15,68.7,650,248150
20231218,09:35:25,68.25,200,248150
20231218,09:35:35,68.55,2000,236500
20231218,09:35:44,68.2,600,236500
20231218,09:35:54,68.3,50,236500
20231218,09:36:03,68.55,16100,236500
20231218,09:36:13,69.2,300,236500
20231218,09:36:23,69.7,250,236500
20231218,09:36:33,70.0,5850,236500
20231218,09:36:45,70.2,9650,236500
20231218,09:36:57,69.6,3150,236500
20231218,09:37:07,69.8,250,236500
20231218,09:37:26,70.0,50,236500
20231218,09:37:35,69.95,400,236500
20231218,09:37:45,70.15,600,236500
20231218,09:37:54,70.1,1700,236500
20231218,09:38:03,70.05,100,236500
20231218,09:38:14,69.45,1000,236500
20231218,09:38:25,69.25,300,236500
20231218,09:38:36,69.05,1000,206300
20231218,09:38:47,68.2,850,206300
20231218,09:39:11,68.7,50,206300
20231218,09:39:22,69.05,100,206300
20231218,09:39:31,69.2,50,206300
20231218,09:40:09,69.5,150,206300
20231218,09:40:18,69.9,1800,206300
20231218,09:40:47,69.25,1800,206300
20231218,09:41:45,70.0,650,203400
20231218,09:41:56,69.75,550,203400
20231218,09:42:05,69.3,650,203400
20231218,09:42:33,69.0,1800,203400
20231218,09:42:42,68.9,300,203400
20231218,09:43:19,69.15,50,203400
20231218,09:43:28,69.35,50,203400
20231218,09:44:32,70.45,50,203400
20231218,09:44:42,70.65,200,204950
20231218,09:45:11,71.55,200,204950
20231218,09:45:20,71.2,500,204950
20231218,09:45:38,71.35,200,204950
20231218,09:46:16,71.0,250,204950
20231218,09:46:45,71.8,50,204950
20231218,09:47:13,71.15,400,204950
20231218,09:47:22,71.15,100,204950
20231218,09:47:30,70.8,150,204950
20231218,09:47:39,71.25,50,204950
20231218,09:47:48,70.85,50,204200
20231218,09:47:57,70.8,100,204200
20231218,09:48:42,71.25,100,204200
20231218,09:48:59,71.3,200,204200
20231218,09:49:26,71.05,50,204200
20231218,09:49:52,71.5,200,204200
20231218,09:50:09,71.5,550,204200
20231218,09:51:11,72.15,200,203550
20231218,09:51:38,72.0,600,203550
20231218,09:51:47,71.8,100,203550
20231218,09:52:23,72.35,100,203550
20231218,09:52:32,72.3,150,203550
20231218,09:52:40,71.85,1050,203550
20231218,09:52:49,71.35,2400,203550
20231218,09:52:58,70.8,1500,203550
20231218,09:53:07,70.8,1700,203550
20231218,09:53:43,70.2,100,206350
20231218,09:53:51,70.3,6400,206350
20231218,09:54:09,70.2,300,206350
20231218,09:54:18,70.5,1400,206350
20231218,09:54:27,70.5,300,206350
20231218,09:56:24,71.0,200,206350
20231218,09:56:33,71.8,200,206350
20231218,09:57:00,71.2,100,206850
20231218,09:57:18,70.4,1700,206850
20231218,09:57:35,70.6,350,206850
20231218,09:57:43,70.7,200,206850
20231218,09:58:00,70.6,50,206850
20231218,09:59:45,71.25,350,208100
20231218,09:59:54,71.0,200,208100
20231218,10:00:50,72.2,50,208100
20231218,10:01:31,71.7,50,208100
20231218,10:02:01,72.3,1200,208100
20231218,10:02:12,72.75,300,208100
20231218,10:02:33,73.3,100,208100
20231218,10:03:04,74.3,250,207650
20231218,10:03:13,74.45,50,207650
20231218,10:03:23,74.45,250,207650
20231218,10:03:33,74.75,150,207650
20231218,10:03:43,74.4,500,207650
20231218,10:03:53,74.7,500,207650
20231218,10:04:03,74.65,2350,207650
20231218,10:04:13,74.05,400,207650
20231218,10:04:32,74.5,1800,207650
20231218,10:04:51,74.8,250,207650
20231218,10:05:01,74.55,400,207650
20231218,10:05:11,74.55,50,207650
20231218,10:06:50,73.0,250,206250
20231218,10:07:00,73.65,200,206250
20231218,10:07:18,73.5,200,206250
20231218,10:07:37,73.5,500,206250
20231218,10:08:41,74.0,50,206250
20231218,10:11:37,73.95,4250,205300
20231218,10:11:46,73.95,1150,208550
20231218,10:12:36,74.1,50,208550
20231218,10:12:45,74.1,500,208550
20231218,10:13:13,73.8,100,208550
20231218,10:13:50,73.75,100,208550
20231218,10:14:17,74.1,100,208550
20231218,10:15:27,74.4,100,206900
20231218,10:15:36,74.85,50,206900
20231218,10:15:56,75.05,450,206900
20231218,10:16:06,74.9,250,206900
20231218,10:16:25,74.7,500,206900
20231218,10:16:54,75.25,450,206900
20231218,10:17:04,75.15,50,206900
20231218,10:17:14,75.15,300,206900
20231218,10:17:34,75.05,50,206900
20231218,10:18:29,73.8,50,207700
20231218,10:18:47,73.4,50,207700
20231218,10:19:23,73.5,500,207700
20231218,10:19:32,73.45,50,207700
20231218,10:20:43,73.5,50,207700
20231218,10:21:10,73.9,50,207550
20231218,10:21:38,73.8,50,207550
20231218,10:21:47,73.5,50,207550
20231218,10:22:22,74.0,400,207550
20231218,10:22:32,73.5,750,207550
20231218,10:23:35,73.75,200,207550
20231218,10:23:45,73.75,50,208050
20231218,10:23:54,73.8,50,208050
20231218,10:24:04,73.75,550,208050
20231218,10:24:13,74.05,200,208050
20231218,10:25:10,74.0,300,208050
20231218,10:25:50,74.55,150,208050
20231218,10:26:38,75.25,250,208050
20231218,10:27:15,75.5,850,208900
20231218,10:27:42,75.8,450,208900
20231218,10:27:52,75.75,450,208900
20231218,10:28:01,76.0,2200,208900
20231218,10:28:47,76.3,50,208900
20231218,10:28:57,76.85,200,208900
20231218,10:29:08,77.25,950,208900
20231218,10:29:29,78.0,1000,208900
20231218,10:29:38,78.0,50,208900
20231218,10:29:49,77.95,200,214000
20231218,10:30:09,77.8,350,214000
20231218,10:30:19,77.75,900,214000
20231218,10:30:38,77.75,1050,214000
20231218,10:30:48,77.8,600,214000
20231218,10:30:57,77.95,2050,214000
20231218,10:31:07,78.25,14250,214000
20231218,10:31:17,78.3,1450,214000
20231218,10:31:27,78.5,50,214000
20231218,10:32:16,78.5,200,214000
20231218,10:32:25,78.75,800,214000
20231218,10:32:34,79.05,200,214000
20231218,10:32:42,79.05,200,214000
20231218,10:32:51,79.25,650,202250
20231218,10:33:00,78.75,1250,202250
20231218,10:34:37,79.5,1050,202250
20231218,10:34:54,79.5,950,202250
20231218,10:35:03,79.5,250,202250
20231218,10:35:12,78.5,100,202250
20231218,10:35:59,78.0,450,205900
20231218,10:36:08,78.0,200,205900
20231218,10:36:20,77.25,2400,205900
20231218,10:36:31,77.5,450,205900
20231218,10:36:41,77.4,600,205900
20231218,10:38:07,76.0,4000,205900
20231218,10:38:17,74.9,450,205900
20231218,10:38:27,74.7,1000,205900
20231218,10:39:12,74.75,1150,207350
20231218,10:39:21,74.7,250,207350
20231218,10:39:31,75.0,50,207350
20231218,10:40:37,74.05,400,207350
20231218,10:40:47,74.25,1500,207350
20231218,10:40:56,74.4,250,207350
20231218,10:41:05,74.5,1700,207350
20231218,10:41:23,75.1,1750,207350
20231218,10:41:32,74.3,500,207350
20231218,10:42:08,74.9,50,207750
20231218,10:42:43,74.8,300,207750
20231218,10:44:43,74.3,300,207750
20231218,10:44:53,74.75,200,208150
20231218,10:45:02,74.75,3800,208150
20231218,10:45:20,74.5,600,208150
20231218,10:45:37,74.0,1800,208150
20231218,10:45:46,73.85,200,208150
20231218,10:45:55,74.2,2100,208150
20231218,10:46:13,73.5,1800,208150
20231218,10:47:02,73.8,250,208150
20231218,10:47:35,73.3,700,208150
20231218,10:49:06,73.85,400,208050
20231218,10:49:15,73.9,200,208050
20231218,10:50:41,74.4,200,208050
20231218,10:52:54,74.8,50,207450
20231218,10:53:04,74.65,4700,207450
20231218,10:53:13,74.75,900,207450
20231218,10:53:31,74.75,7300,207450
20231218,10:53:40,74.75,2500,207450
20231218,10:53:49,74.8,200,197300
20231218,10:53:58,74.7,1350,197300
20231218,10:54:15,74.7,200,197300
20231218,10:54:24,74.75,450,197300
20231218,10:54:33,74.8,800,197300
20231218,10:54:42,74.8,200,197300
20231218,10:54:51,74.8,1600,197300
20231218,10:55:35,75.9,50,197300
20231218,10:56:09,75.4,300,197300
20231218,10:56:26,75.3,150,197300
20231218,10:56:35,75.1,150,197300
20231218,10:57:01,75.0,50,194600
20231218,10:58:36,75.0,450,194600
20231218,10:58:45,75.0,1800,194600
20231218,10:59:18,74.85,650,194600
20231218,10:59:44,74.8,1400,194600
20231218,10:59:53,74.65,600,195650
20231218,11:00:11,74.9,250,195650
20231218,11:00:45,74.9,200,195650
20231218,11:01:10,75.0,5000,195650
20231218,11:01:27,75.0,2000,195650
20231218,11:02:25,75.15,200,195650
20231218,11:02:33,74.85,150,195650
20231218,11:02:42,75.1,200,195650
20231218,11:02:50,74.85,50,189850
20231218,11:03:15,74.75,100,189850
20231218,11:03:48,74.7,450,189850
20231218,11:04:05,74.6,300,189850
20231218,11:04:30,74.9,200,189850
20231218,11:05:02,75.1,200,189850
20231218,11:05:11,74.95,200,189850
20231218,11:05:44,75.3,200,189850
20231218,11:06:23,75.1,400,188700
20231218,11:07:03,75.6,200,188700
20231218,11:07:44,75.25,50,188700
20231218,11:08:00,75.3,100,188700
20231218,11:08:31,75.25,150,188700
20231218,11:08:39,75.2,100,188700
20231218,11:08:48,75.8,500,187950
20231218,11:08:57,75.9,800,187950
20231218,11:09:07,76.5,800,187950
20231218,11:09:26,76.05,600,187950
20231218,11:09:35,75.7,100,187950
20231218,11:10:04,75.0,50,187950
20231218,11:10:32,75.6,100,187950
20231218,11:10:41,75.1,1200,187950
20231218,11:10:50,75.5,450,187950
20231218,11:11:08,76.2,150,187950
20231218,11:11:17,76.2,100,187950
20231218,11:12:47,76.0,300,183700
20231218,11:13:30,76.5,200,183700
20231218,11:13:47,76.3,100,183700
20231218,11:14:03,76.2,400,183700
20231218,11:14:29,76.3,1000,183700
20231218,11:14:53,76.5,400,183150
20231218,11:15:10,76.5,300,183150
20231218,11:15:19,76.5,13500,183150
20231218,11:15:46,76.85,50,183150
20231218,11:16:03,76.85,50,183150
20231218,11:16:20,76.8,150,183150
20231218,11:17:11,76.3,450,183150
20231218,11:17:54,76.3,7200,170150
20231218,11:18:02,76.2,900,170150
20231218,11:18:11,76.3,6500,170150
20231218,11:18:19,76.3,1550,170150
20231218,11:18:36,76.3,2750,170150
20231218,11:20:41,76.3,5400,170150
20231218,11:20:49,76.3,4800,151200
20231218,11:20:58,76.25,450,151200
20231218,11:21:06,76.3,2600,151200
20231218,11:21:23,76.2,200,151200
20231218,11:21:31,76.2,1550,151200
20231218,11:21:39,76.2,2250,151200
20231218,11:21:47,76.2,1800,151200
20231218,11:22:28,76.05,50,151200
20231218,11:22:37,76.0,1850,151200
20231218,11:22:46,76.05,5850,151200
20231218,11:23:03,76.05,3100,151200
20231218,11:24:12,75.75,50,132650
20231218,11:24:21,75.5,100,132650
20231218,11:24:47,75.7,17650,132650
20231218,11:24:55,75.65,1150,132650
20231218,11:25:04,75.9,1550,132650
20231218,11:25:12,75.95,450,132650
20231218,11:25:21,76.0,350,132650
20231218,11:25:29,76.05,1550,132650
20231218,11:25:46,75.75,150,132650
20231218,11:25:55,75.9,800,132650
20231218,11:26:11,75.55,150,132650
20231218,11:26:27,75.5,1250,132650
20231218,11:26:35,75.6,250,132650
20231218,11:26:43,75.9,250,132650
20231218,11:26:51,76.05,1350,120300
20231218,11:26:59,76.05,1750,120300
20231218,11:27:08,76.05,300,120300
20231218,11:28:24,76.05,1800,120300
20231218,11:28:55,76.05,50,120300
20231218,11:29:03,76.05,1500,120300
20231218,11:29:28,76.05,2300,120300
20231218,11:29:37,76.2,2000,120300
20231218,11:29:45,76.2,200,120300
20231218,11:30:27,76.15,50,109150
20231218,11:30:44,76.2,6550,109150
20231218,11:30:53,76.2,550,109150
20231218,11:31:10,76.05,200,109150
20231218,11:31:18,76.2,450,109150
20231218,11:31:27,76.2,50,109150
20231218,11:31:43,76.2,250,109150
20231218,11:31:51,76.2,500,109150
20231218,11:32:08,76.05,200,109150
20231218,11:32:41,76.0,250,109150
20231218,11:33:05,76.1,200,104700
20231218,11:33:13,76.2,650,104700
20231218,11:33:21,76.2,50,104700
20231218,11:33:29,76.2,450,104700
20231218,11:33:37,76.2,300,104700
20231218,11:33:45,76.05,200,104700
20231218,11:33:53,76.2,250,104700
20231218,11:34:01,76.2,50,104700
20231218,11:34:15,76.15,250,104700
20231218,11:34:39,76.55,2000,104700
20231218,11:36:08,76.7,200,102250
20231218,11:36:16,77.05,200,102250
20231218,11:38:18,76.9,100,102250
20231218,11:38:58,77.0,200,102000
20231218,11:39:07,77.05,150,102000
20231218,11:39:17,76.85,600,102000
20231218,11:39:26,76.95,200,102000
20231218,11:39:45,76.8,350,102000
20231218,11:39:54,76.75,300,102000
20231218,11:40:55,76.35,200,102000
20231218,11:41:03,76.3,3450,102000
20231218,11:41:12,76.3,1850,102000
20231218,11:41:28,76.25,450,102000
20231218,11:41:36,76.3,250,102000
20231218,11:41:51,76.25,450,102000
20231218,11:41:59,76.1,250,99400
20231218,11:42:07,76.3,200,99400
20231218,11:42:30,76.3,650,99400
20231218,11:49:04,75.45,100,98750
20231218,11:49:45,75.45,1200,98750
20231218,11:49:53,75.45,500,98750
20231218,11:50:10,75.45,1650,98750
20231218,11:50:19,75.4,2550,98750
20231218,11:50:53,74.9,150,98750
20231218,11:52:07,75.45,1700,94650
20231218,11:52:15,75.45,450,94650
20231218,11:52:31,75.35,200,94650
20231218,11:53:03,75.35,50,94650
20231218,11:53:11,75.45,1450,94650
20231218,11:53:19,75.45,250,94650
20231218,11:53:27,75.45,50,94650
20231218,11:53:43,75.35,200,94650
20231218,11:53:51,75.45,2400,94650
20231218,11:53:59,75.3,100,92800
20231218,11:54:01,75.35,200,92800
20231218,11:54:25,75.45,450,92800
20231218,11:54:27,75.45,450,92800
20231218,11:56:09,75.25,250,92800
20231218,11:56:18,75.25,400,92800
20231218,11:56:35,75.4,100,92800
20231218,11:56:43,75.0,200,92800
20231218,11:57:01,75.25,50,92350
20231218,11:58:51,74.55,100,92350
20231218,11:59:24,74.35,200,92350
20231218,11:59:30,74.05,400,92350
20231218,11:59:56,74.0,450,91900
20231218,11:59:57,74.0,350,91900
20231218,12:00:03,74.0,300,91900
20231218,12:00:22,74.0,2850,91900
20231218,12:00:41,73.95,400,91900
20231218,12:00:50,74.0,4350,91900
20231218,12:01:00,73.65,2600,91900
20231218,12:01:09,74.0,1800,91900
20231218,12:01:26,74.0,450,91900
20231218,12:01:34,74.0,250,91900
20231218,12:01:42,73.9,250,91900
20231218,12:01:51,74.0,1250,91900
20231218,12:02:07,74.25,200,91900
20231218,12:02:51,74.2,50,91900
20231218,12:03:08,74.0,50,88450
20231218,12:04:11,74.1,50,88450
20231218,12:04:33,74.35,200,88450
20231218,12:05:23,74.9,200,88450
20231218,12:06:39,75.15,50,88300
20231218,12:07:21,74.8,50,88300
20231218,12:07:29,74.65,550,88300
20231218,12:07:37,74.6,200,88300
20231218,12:07:52,74.65,200,88300
20231218,12:08:00,74.75,400,88300
20231218,12:08:18,74.45,50,88300
20231218,12:09:15,74.0,100,89550
20231218,12:09:24,74.0,100,89550
20231218,12:09:50,73.7,200,89550
20231218,12:10:51,74.0,50,89550
20231218,12:12:10,73.7,100,89350
20231218,12:13:35,73.9,500,89350
20231218,12:13:44,74.1,50,89350
20231218,12:16:38,75.4,300,88950
20231218,12:18:42,74.2,150,88950
20231218,12:18:58,74.4,200,88950
20231218,12:19:51,74.3,200,88950
20231218,12:19:59,74.3,200,88950
20231218,12:21:51,74.7,250,89150
20231218,12:22:01,74.2,50,89150
20231218,12:26:19,73.75,200,88950
20231218,12:27:53,74.3,600,88950
20231218,12:28:41,73.4,400,88950
20231218,12:29:04,73.2,450,88950
20231218,12:29:14,72.9,200,88950
20231218,12:29:44,72.75,400,88950
20231218,12:29:55,71.75,1250,88950
20231218,12:30:16,71.75,50,90400
20231218,12:30:26,72.3,450,90400
20231218,12:31:40,73.0,300,90400
20231218,12:31:58,73.0,100,90400
20231218,12:36:42,73.35,50,90250
20231218,12:39:55,73.0,50,90250
20231218,12:42:26,72.9,50,90250
20231218,12:43:00,73.0,550,90250
20231218,12:43:27,72.25,100,90250
20231218,12:44:08,72.85,100,90250
20231218,12:45:13,72.8,200,90200
20231218,12:45:29,72.65,50,90200
20231218,12:46:09,73.15,250,90200
20231218,12:46:18,73.45,100,90200
20231218,12:46:27,73.05,300,90200
20231218,12:46:44,73.35,100,90200
20231218,12:47:58,73.25,250,90200
20231218,12:48:13,72.6,50,90650
20231218,12:49:14,71.95,50,90650
20231218,12:50:53,71.65,50,90650
20231218,12:51:43,70.65,800,90700
20231218,12:51:58,70.5,450,90700
20231218,12:54:30,70.9,250,90350
20231218,12:54:58,70.95,600,90350
20231218,12:56:24,70.5,200,90350
20231218,13:00:04,70.0,200,89700
20231218,13:00:26,70.5,200,89900
20231218,13:01:12,70.0,100,89900
20231218,13:01:20,70.0,200,89900
20231218,13:03:05,69.6,50,90000
20231218,13:03:27,69.35,300,90000
20231218,13:03:36,69.2,50,90000
20231218,13:03:54,69.4,350,90000
20231218,13:04:02,69.2,150,90000
20231218,13:04:10,69.75,50,90000
20231218,13:06:10,68.65,50,89650
20231218,13:08:04,68.65,400,89650
20231218,13:08:21,68.65,100,89650
20231218,13:09:21,68.35,500,89700
20231218,13:12:34,68.5,50,90100
20231218,13:13:06,68.4,100,90100
20231218,13:13:33,67.25,1750,90100
20231218,13:13:42,67.95,2150,90100
20231218,13:13:50,68.0,100,90100
20231218,13:13:58,67.15,1750,90100
20231218,13:14:47,67.5,300,90100
20231218,13:15:36,68.5,2100,93850
20231218,13:16:15,68.95,200,93850
20231218,13:16:47,68.8,50,93850
20231218,13:17:44,68.5,3450,93850
20231218,13:21:26,70.75,200,97700
20231218,13:23:49,70.5,400,97700
20231218,13:24:49,70.25,1700,97300
20231218,13:26:10,70.95,200,97300
20231218,13:26:26,70.95,100,97300
20231218,13:28:19,70.85,250,97100
20231218,13:30:56,71.85,50,96850
20231218,13:32:14,71.35,250,96850
20231218,13:32:31,70.9,50,96850
20231218,13:33:11,70.85,100,96700
20231218,13:33:26,71.05,200,96700
20231218,13:33:34,70.75,350,96700
20231218,13:34:51,71.0,50,96700
20231218,13:36:36,70.05,100,96350
20231218,13:36:44,70.2,400,96350
20231218,13:40:33,71.25,500,96150
20231218,13:41:13,71.3,50,96150
20231218,13:44:10,70.9,150,96200
20231218,13:44:49,71.3,200,96200
20231218,13:44:57,71.25,200,96200
20231218,13:46:29,71.95,150,96350
20231218,13:47:01,71.65,50,96350
20231218,13:51:33,71.65,50,96350
20231218,13:52:04,71.35,200,96350
20231218,13:53:28,71.25,50,96350
20231218,13:53:35,71.25,200,96350
20231218,13:55:13,71.3,50,95850
20231218,13:57:28,71.95,50,95850
20231218,13:58:11,72.0,50,95850
20231218,13:58:26,71.4,150,95850
20231218,13:59:25,71.0,100,95850
20231218,14:00:31,71.4,100,95850
20231218,14:02:00,71.7,50,95900
20231218,14:02:17,72.0,50,95900
20231218,14:02:34,72.45,250,95900
20231218,14:04:07,72.75,400,95800
20231218,14:04:15,72.75,400,95800
20231218,14:04:24,72.75,100,95800
20231218,14:06:58,72.0,250,94900
20231218,14:08:37,71.95,200,94900
20231218,14:09:21,71.8,200,94450
20231218,14:09:35,71.4,250,94450
20231218,14:09:43,71.4,600,94450
20231218,14:09:51,71.25,200,94450
20231218,14:09:59,71.5,200,94450
20231218,14:10:07,71.2,200,94450
20231218,14:10:14,71.1,100,94450
20231218,14:10:22,71.4,500,94450
20231218,14:10:30,71.5,200,94450
20231218,14:10:47,71.85,400,94450
20231218,14:13:50,72.7,150,94700
20231218,14:14:35,73.3,350,94700
20231218,14:15:17,72.95,50,94850
20231218,14:15:34,73.2,100,94850
20231218,14:16:57,72.7,250,94850
20231218,14:19:17,72.0,200,95000
20231218,14:22:21,72.0,500,95050
20231218,14:22:29,72.45,150,95050
20231218,14:24:35,72.4,100,94550
20231218,14:31:36,74.0,50,94550
20231218,14:33:29,75.25,100,94500
20231218,14:35:41,75.55,50,94500
20231218,14:35:49,75.95,50,94500
20231218,14:36:32,75.3,400,94450
20231218,14:37:44,75.55,200,94450
20231218,14:38:23,75.7,50,94450
20231218,14:39:04,75.4,50,94450
20231218,14:39:53,74.5,1200,94250
20231218,14:46:06,72.4,50,94750
20231218,14:47:18,72.0,500,94750
20231218,14:47:49,71.6,400,94750
20231218,14:51:19,72.25,400,94500
20231218,14:51:36,72.0,350,94900
20231218,14:54:30,72.75,600,94550
20231218,14:54:56,71.25,350,94550
20231218,14:57:43,72.0,50,94150
20231218,14:57:52,72.0,100,94150
20231218,14:58:01,72.0,600,94150
20231218,14:59:00,71.45,1150,94150
20231218,14:59:53,70.2,250,94150
20231218,15:00:47,70.6,250,94900
20231218,15:01:32,70.0,500,94900
20231218,15:01:42,69.45,200,94900
20231218,15:03:18,69.75,100,94900
20231218,15:03:46,69.55,200,95150
20231218,15:04:04,69.4,50,95150
20231218,15:04:40,69.3,50,95150
20231218,15:07:26,70.8,250,95250
20231218,15:07:59,70.7,50,95250
20231218,15:08:33,70.55,950,95250
20231218,15:08:50,69.15,350,95250
20231218,15:09:09,69.25,1650,95250
20231218,15:09:18,69.8,400,95250
20231218,15:09:35,69.3,1200,96850
20231218,15:10:10,70.25,650,96850
20231218,15:10:19,70.55,150,96850
20231218,15:10:28,70.5,150,96850
20231218,15:10:53,71.0,2050,96850
20231218,15:11:55,70.15,50,96850
20231218,15:13:21,69.8,500,96500
20231218,15:13:38,69.75,450,96500
20231218,15:15:52,69.6,50,97450
20231218,15:16:50,68.5,800,97450
20231218,15:18:15,68.3,50,97450
20231218,15:19:43,68.5,200,97450
20231218,15:20:24,68.95,50,97450
20231218,15:20:50,68.95,50,97450
20231218,15:21:08,69.0,500,97450
20231218,15:22:11,69.0,500,97750
20231218,15:22:29,68.35,500,97750
20231218,15:24:32,67.6,200,97650
20231218,15:24:52,67.6,100,97650
20231218,15:25:01,67.6,200,97650
20231218,15:25:19,67.9,200,97650
20231218,15:25:37,67.35,50,97650
20231218,15:25:57,67.25,600,97650
20231218,15:26:26,66.7,100,97650
20231218,15:26:35,67.25,500,97650
20231218,15:27:13,67.6,100,97650
20231218,15:27:33,67.45,1800,97800
20231218,15:28:00,67.65,500,97800
20231218,15:28:19,67.6,350,97800
20231218,15:28:28,67.55,100,97800
20231218,15:29:51,66.75,200,97800
20231219,09:15:13,70.0,1,96800
20231219,09:15:13,70.0,50,96800
20231219,09:15:35,69.0,3050,96800
20231219,09:15:45,69.25,500,96800
20231219,09:16:03,70.55,2250,96800
20231219,09:16:13,71.4,500,96800
20231219,09:16:31,71.4,150,96800
20231219,09:16:39,70.75,100,96800
20231219,09:16:48,70.0,100,96800
20231219,09:16:57,69.6,350,96800
20231219,09:17:06,69.7,400,96800
20231219,09:17:15,69.45,400,96800
20231219,09:17:24,69.05,250,96800
20231219,09:17:33,69.05,200,96800
20231219,09:17:52,69.05,150,101250
20231219,09:18:19,69.05,100,101250
20231219,09:18:27,70.0,100,101250
20231219,09:18:46,70.5,300,101250
20231219,09:18:55,70.5,100,101250
20231219,09:19:04,70.0,400,101250
20231219,09:19:48,69.2,200,101250
20231219,09:20:06,69.3,150,101250
20231219,09:20:16,68.75,300,101250
20231219,09:20:34,68.75,150,101250
20231219,09:21:01,69.25,200,101650
20231219,09:21:58,69.3,800,101650
20231219,09:22:39,69.65,450,101650
20231219,09:23:40,69.75,400,101650
20231219,09:23:58,69.6,100,101800
20231219,09:24:07,69.7,50,101800
20231219,09:24:16,69.5,50,101800
20231219,09:25:49,70.0,100,101800
20231219,09:26:43,69.75,50,101800
20231219,09:27:02,69.75,300,101900
20231219,09:27:42,69.6,150,101900
20231219,09:29:00,70.0,50,101900
20231219,09:30:06,70.85,950,101900
20231219,09:30:26,70.4,450,101900
20231219,09:31:04,69.75,50,101900
20231219,09:31:14,70.05,150,101900
20231219,09:31:23,70.15,50,101900
20231219,09:31:33,70.25,100,101900
20231219,09:31:41,70.35,50,101900
20231219,09:32:25,70.0,50,101900
20231219,09:34:09,70.3,250,102450
20231219,09:34:44,70.0,350,102450
20231219,09:34:53,70.0,400,102450
20231219,09:35:02,70.0,350,102450
20231219,09:35:21,69.75,1550,102450
20231219,09:35:50,69.5,900,105250
20231219,09:36:00,69.15,100,105250
20231219,09:36:11,68.75,100,105250
20231219,09:36:32,69.0,200,105250
20231219,09:36:41,68.95,50,105250
20231219,09:36:50,68.75,50,105250
20231219,09:37:36,69.2,450,105250
20231219,09:37:56,69.1,500,105250
20231219,09:38:06,69.15,450,105250
20231219,09:38:35,68.05,850,105250
20231219,09:38:45,68.2,100,106450
20231219,09:38:56,67.65,50,106450
20231219,09:39:08,67.2,50,106450
20231219,09:39:18,66.55,300,106450
20231219,09:39:28,66.8,50,106450
20231219,09:39:38,66.8,50,106450
20231219,09:39:49,66.3,50,106450
20231219,09:39:59,66.3,500,106450
20231219,09:40:40,65.0,50,106450
20231219,09:41:02,64.5,50,106450
20231219,09:41:23,63.9,450,106450
20231219,09:41:33,63.6,350,106450
20231219,09:41:42,63.55,1050,106450
20231219,09:42:01,64.35,1000,107250
20231219,09:42:21,64.05,1050,107250
20231219,09:42:31,63.95,50,107250
20231219,09:42:41,64.2,1000,107250
20231219,09:42:51,63.75,1000,107250
20231219,09:43:01,63.1,450,107250
20231219,09:43:13,62.6,50,107250
20231219,09:43:24,62.6,50,107250
20231219,09:43:34,62.5,150,107250
20231219,09:43:45,62.5,350,107250
20231219,09:43:55,62.4,200,107250
20231219,09:44:06,62.35,50,107250
20231219,09:45:20,61.35,100,109400
20231219,09:45:31,61.35,200,109400
20231219,09:45:41,61.5,50,109400
20231219,09:45:51,61.7,150,109400
20231219,09:46:30,61.7,50,109400
20231219,09:46:40,61.75,350,109400
20231219,09:47:18,61.25,50,109400
20231219,09:47:37,61.1,550,109400
20231219,09:47:46,61.55,600,109400
20231219,09:47:54,61.4,50,110700
20231219,09:48:03,61.5,50,110700
20231219,09:48:13,61.5,50,110700
20231219,09:48:31,61.75,50,110700
20231219,09:48:58,61.75,150,110700
20231219,09:49:16,61.85,450,110700
20231219,09:50:00,62.15,100,110700
20231219,09:50:10,62.4,600,110700
20231219,09:50:38,62.0,1000,110700
20231219,09:50:48,62.1,300,110800
20231219,09:50:57,61.8,250,110800
20231219,09:51:06,62.2,500,110800
20231219,09:51:35,61.9,50,110800
20231219,09:51:44,62.0,50,110800
20231219,09:52:31,62.05,50,110800
20231219,09:52:39,62.1,50,110800
20231219,09:52:48,62.2,450,110800
20231219,09:52:57,62.0,650,110800
20231219,09:53:16,61.75,450,110800
20231219,09:53:44,60.9,850,110800
20231219,09:54:03,60.9,50,111650
20231219,09:54:12,60.85,50,111650
20231219,09:54:21,60.85,500,111650
20231219,09:54:30,60.95,700,111650
20231219,09:54:38,61.0,200,111650
20231219,09:54:47,60.75,1800,111650
20231219,09:54:56,60.85,50,111650
20231219,09:55:04,60.75,100,111650
20231219,09:55:22,60.55,50,111650
20231219,09:55:41,60.45,100,111650
20231219,09:55:50,60.45,100,111650
20231219,09:56:09,60.75,100,111650
20231219,09:56:18,60.95,50,111650
20231219,09:57:33,61.15,50,111700
20231219,09:57:41,61.4,450,111700
20231219,09:57:58,61.8,50,111700
20231219,09:58:15,62.1,150,111700
20231219,09:58:32,62.25,1000,111700
20231219,09:58:40,61.85,100,111700
20231219,09:58:49,61.85,50,111700
20231219,09:58:57,61.85,350,111700
20231219,09:59:06,61.85,50,111700
20231219,09:59:58,62.0,300,112600
20231219,10:00:32,61.8,50,112600
20231219,10:02:22,61.65,200,112600
20231219,10:02:47,61.6,50,112600
20231219,10:03:03,61.55,100,112700
20231219,10:03:36,61.6,450,112700
20231219,10:03:52,61.9,50,112700
20231219,10:04:00,62.0,300,112700
20231219,10:04:17,61.8,250,112700
20231219,10:04:44,61.8,850,112700
20231219,10:04:54,61.25,600,112700
20231219,10:05:05,61.55,800,112700
20231219,10:05:15,61.85,1550,112700
20231219,10:05:34,61.8,2100,112700
20231219,10:05:43,62.0,200,112700
20231219,10:05:52,62.6,2000,113150
20231219,10:06:01,62.1,700,113150
20231219,10:06:10,62.2,150,113150
20231219,10:06:19,62.2,300,113150
20231219,10:06:28,62.05,100,113150
20231219,10:06:37,61.65,550,113150
20231219,10:06:47,61.75,1700,113150
20231219,10:06:56,61.2,100,113150
20231219,10:07:05,61.35,550,113150
20231219,10:07:15,61.0,350,113150
20231219,10:07:24,61.15,50,113150
20231219,10:07:33,61.45,600,113150
20231219,10:07:51,61.25,1150,113150
20231219,10:08:00,61.1,100,113150
20231219,10:08:11,60.75,100,113150
20231219,10:08:21,61.1,350,113150
20231219,10:08:30,60.4,150,113150
20231219,10:08:40,60.25,400,113150
20231219,10:08:49,60.15,600,113150
20231219,10:08:59,60.35,300,113800
20231219,10:09:09,60.05,50,113800
20231219,10:09:28,59.75,50,113800
20231219,10:09:38,59.75,550,113800
20231219,10:10:07,59.95,150,113800
20231219,10:10:16,59.7,2650,113800
20231219,10:10:24,59.6,3750,113800
20231219,10:10:42,58.95,550,113800
20231219,10:10:51,58.95,2300,113800
20231219,10:10:59,59.2,50,113800
20231219,10:11:17,59.05,100,113800
20231219,10:11:26,59.05,150,113800
20231219,10:11:35,59.0,500,113800
20231219,10:11:44,59.0,100,113800
20231219,10:11:52,59.15,50,114750
20231219,10:12:09,59.25,50,114750
20231219,10:12:18,59.25,150,114750
20231219,10:12:27,59.5,250,114750
20231219,10:12:36,59.5,200,114750
20231219,10:12:45,59.5,500,114750
20231219,10:13:11,59.4,200,114750
20231219,10:13:29,59.7,150,114750
20231219,10:13:54,60.05,400,114750
20231219,10:14:10,60.4,250,114750
20231219,10:14:27,60.3,300,114750
20231219,10:14:35,60.5,300,114750
20231219,10:15:00,60.55,500,115650
20231219,10:15:17,60.65,200,115650
20231219,10:15:25,60.3,50,115650
20231219,10:15:34,60.7,50,115650
20231219,10:15:42,60.8,50,115650
20231219,10:15:51,60.8,50,115650
20231219,10:16:09,61.0,150,115650
20231219,10:16:18,61.5,950,115650
20231219,10:16:27,61.5,450,115650
20231219,10:16:35,61.5,50,115650
20231219,10:16:44,61.4,50,115650
20231219,10:17:01,61.55,50,115650
20231219,10:17:18,61.75,400,115650
20231219,10:17:35,61.6,50,115650
20231219,10:17:52,61.8,50,115650
20231219,10:18:02,62.05,100,117800
20231219,10:18:11,62.1,200,117800
20231219,10:18:29,62.25,100,117800
20231219,10:19:05,63.0,2300,117800
20231219,10:20:00,63.2,150,117800
20231219,10:20:10,63.35,350,117800
20231219,10:20:19,63.2,200,117800
20231219,10:20:28,63.05,100,117800
20231219,10:20:37,63.0,100,117800
20231219,10:20:45,63.4,300,117800
20231219,10:21:01,63.5,100,117200
20231219,10:21:54,63.5,100,117200
20231219,10:23:26,63.3,550,117200
20231219,10:23:43,62.95,100,117200
20231219,10:24:58,61.8,400,116650
20231219,10:25:06,61.75,100,116650
20231219,10:25:24,61.9,100,116650
20231219,10:25:50,62.0,50,116650
20231219,10:27:28,61.85,400,116250
20231219,10:29:44,61.05,100,116250
20231219,10:30:42,60.85,500,115800
20231219,10:30:59,61.2,100,115800
20231219,10:31:15,61.4,100,115800
20231219,10:32:40,60.85,500,115800
20231219,10:35:35,63.0,200,116250
20231219,10:37:28,63.0,100,116400
20231219,10:39:58,62.25,50,116300
20231219,10:41:26,62.85,50,116300
20231219,10:42:46,63.05,50,116300
20231219,10:43:45,64.95,100,116300
20231219,10:44:51,64.55,50,116300
20231219,10:45:00,64.45,100,116300
20231219,10:45:19,64.3,50,116500
20231219,10:45:47,64.0,400,116500
20231219,10:47:03,64.65,250,116500
20231219,10:47:53,65.1,100,116500
20231219,10:48:54,64.7,50,116550
20231219,10:50:39,64.7,200,116550
20231219,10:51:49,64.3,300,116550
20231219,10:53:25,64.75,350,116550
20231219,10:55:06,65.45,200,116700
20231219,10:56:55,65.95,100,116700
20231219,10:58:40,66.55,100,116800
20231219,11:02:02,67.05,350,116900
20231219,11:02:11,67.55,600,116900
20231219,11:02:20,67.35,250,116900
20231219,11:02:29,67.25,150,116900
20231219,11:02:38,67.4,850,116900
20231219,11:02:47,67.4,200,116900
20231219,11:02:55,67.45,50,116900
20231219,11:03:29,67.1,100,115500
20231219,11:03:39,66.95,200,115500
20231219,11:03:55,67.1,200,115500
20231219,11:04:02,67.05,100,115500
20231219,11:04:08,67.05,350,115500
20231219,11:04:31,66.8,100,115500
20231219,11:09:38,68.35,200,114650
20231219,11:09:48,67.95,150,114650
20231219,11:09:57,68.25,500,114650
20231219,11:10:08,68.2,100,114650
20231219,11:12:03,68.0,750,113900
20231219,11:12:13,68.2,100,113900
20231219,11:12:22,69.0,1000,113900
20231219,11:12:40,68.95,400,113900
20231219,11:14:32,68.95,300,113900
20231219,11:14:41,68.75,100,113900
20231219,11:14:50,68.65,100,113900
20231219,11:18:57,67.8,50,112250
20231219,11:20:23,66.3,300,112250
20231219,11:20:42,66.95,350,112250
20231219,11:21:27,67.05,100,111900
20231219,11:22:47,67.0,100,111900
20231219,11:23:57,66.6,300,111900
20231219,11:27:33,67.25,500,111800
20231219,11:28:07,67.05,200,111800
20231219,11:28:40,67.75,200,111800
20231219,11:30:29,67.75,100,112000
20231219,11:30:45,67.85,200,112000
20231219,11:31:02,68.15,700,112000
20231219,11:31:37,68.6,50,112000
20231219,11:36:11,67.35,50,112300
20231219,11:39:16,69.4,50,112250
20231219,11:40:08,69.4,100,112250
20231219,11:40:17,69.4,200,112250
20231219,11:40:48,69.0,200,112250
20231219,11:41:08,69.7,50,112250
20231219,11:42:04,70.0,50,112550
20231219,11:42:49,71.55,50,112550
20231219,11:43:00,71.75,400,112550
20231219,11:43:12,71.75,50,112550
20231219,11:43:34,72.25,50,112550
20231219,11:50:00,75.0,550,112550
20231219,11:50:11,75.0,150,112550
20231219,11:51:07,76.7,750,112550
20231219,11:51:40,77.4,150,111850
20231219,11:52:01,77.65,1000,111850
20231219,11:52:22,77.65,600,111850
20231219,11:52:43,77.0,250,111850
20231219,11:52:53,76.05,700,111850
20231219,11:53:43,75.0,50,111850
20231219,11:54:02,74.2,3600,111850
20231219,11:54:11,74.95,200,115350
20231219,11:54:21,74.15,3800,115350
20231219,11:54:31,75.75,450,115350
20231219,11:54:50,75.6,200,115350
20231219,11:54:59,75.7,200,115350
20231219,11:55:08,75.75,250,115350
20231219,11:55:37,76.6,200,115350
20231219,11:55:47,76.85,50,115350
20231219,11:55:56,76.25,400,115350
20231219,11:56:38,76.0,1200,115350
20231219,11:56:44,76.0,50,115350
20231219,11:56:52,76.0,50,115350
20231219,11:57:09,75.6,2300,118750
20231219,11:58:00,76.05,50,118750
20231219,11:58:37,75.8,250,118750
20231219,11:59:43,75.05,100,118750
20231219,12:00:12,75.3,200,120800
20231219,12:00:21,75.3,50,120800
20231219,12:02:07,73.6,250,120800
20231219,12:02:16,73.5,3650,120800
20231219,12:03:03,73.65,50,120800
20231219,12:03:12,73.65,250,124750
20231219,12:03:21,73.25,200,124750
20231219,12:03:31,72.75,300,124750
20231219,12:04:36,73.6,200,124750
20231219,12:05:12,73.55,200,124750
20231219,12:05:40,74.15,250,124750
20231219,12:06:52,73.6,200,124950
20231219,12:08:44,72.7,2700,124950
20231219,12:08:53,72.7,200,124950
20231219,12:10:51,73.6,100,127050
20231219,12:12:04,74.1,50,127050
20231219,12:18:39,75.0,200,126950
20231219,12:21:50,74.45,250,126950
20231219,12:24:44,75.5,50,127050
20231219,12:26:28,76.0,5350,127050
20231219,12:26:37,76.05,50,127050
20231219,12:27:31,75.95,250,122750
20231219,12:27:57,76.2,300,122750
20231219,12:28:06,76.3,100,122750
20231219,12:28:23,75.85,650,122750
20231219,12:28:32,75.8,450,122750
20231219,12:28:59,75.85,200,122750
20231219,12:29:07,76.05,250,122750
20231219,12:30:34,75.45,50,121750
20231219,12:30:52,76.0,300,121750
20231219,12:31:45,76.85,5250,121750
20231219,12:32:02,76.7,50,121750
20231219,12:32:43,76.25,250,121750
20231219,12:32:52,76.05,200,121750
20231219,12:33:50,76.25,50,117450
20231219,12:34:36,77.0,500,117450
20231219,12:35:43,77.1,150,117450
20231219,12:37:56,77.1,350,117350
20231219,12:38:22,77.25,200,117350
20231219,12:39:48,77.7,50,116800
20231219,12:40:17,77.75,350,116800
20231219,12:40:37,78.35,550,116800
20231219,12:40:58,78.35,150,116800
20231219,12:41:45,77.5,150,116800
20231219,12:42:11,77.25,50,115900
20231219,12:42:37,77.25,50,115900
20231219,12:43:05,77.45,200,115900
20231219,12:46:02,77.35,50,115750
20231219,12:47:01,77.65,50,115750
20231219,12:47:09,76.9,200,115750
20231219,12:47:18,76.95,150,115750
20231219,12:47:36,76.45,500,115750
20231219,12:47:45,76.4,100,115750
20231219,12:50:02,76.95,50,115200
20231219,12:50:27,76.9,250,115200
20231219,12:51:09,76.9,50,115200
20231219,12:51:17,76.95,200,115150
20231219,12:51:27,77.0,50,115150
20231219,12:51:35,76.85,100,115150
20231219,12:51:44,77.6,250,115150
20231219,12:54:27,77.25,250,115000
20231219,12:55:30,76.95,100,115000
20231219,12:56:16,77.0,600,115000
20231219,12:58:03,78.0,500,114400
20231219,12:58:40,78.65,200,114400
20231219,12:59:28,79.0,500,114400
20231219,13:00:08,79.0,250,114400
20231219,13:01:55,77.5,500,114250
20231219,13:02:39,77.6,300,114250
20231219,13:03:24,77.25,50,114550
20231219,13:04:59,77.15,100,114550
20231219,13:05:36,76.6,200,114550
20231219,13:06:26,76.6,50,114500
20231219,13:06:46,76.15,50,114500
20231219,13:07:41,76.25,200,114500
20231219,13:07:48,76.6,100,114500
20231219,13:08:00,76.05,200,114500
20231219,13:08:30,76.5,200,114500
20231219,13:10:44,77.5,50,114500
20231219,13:14:05,76.75,200,114500
20231219,13:15:12,76.75,50,114500
20231219,13:15:36,77.2,250,114500
20231219,13:15:44,77.15,50,114500
20231219,13:17:38,77.05,50,114500
20231219,13:21:13,76.75,200,114250
20231219,13:22:29,76.75,150,114250
20231219,13:24:16,76.35,50,114250
20231219,13:24:25,76.3,100,114250
20231219,13:25:09,75.55,50,114250
20231219,13:26:19,75.7,200,114250
20231219,13:28:17,76.95,50,114100
20231219,13:31:15,76.4,200,114150
20231219,13:38:51,77.55,50,114100
20231219,13:41:59,78.4,50,114100
20231219,13:43:48,78.55,50,114150
20231219,13:44:34,78.5,50,114150
20231219,13:45:09,78.65,400,114150
20231219,13:51:32,79.7,100,113900
20231219,13:51:52,79.7,100,113900
20231219,13:52:12,79.7,100,113900
20231219,13:56:58,79.3,50,113900
20231219,13:57:27,79.4,50,113850
20231219,13:57:57,80.0,100,113850
20231219,13:58:06,80.0,400,113850
20231219,13:58:16,80.0,50,113850
20231219,13:58:25,80.45,50,113850
20231219,13:59:02,80.45,250,113850
20231219,13:59:12,80.0,150,113850
20231219,13:59:21,80.0,50,113850
20231219,13:59:54,80.2,200,113850
20231219,14:00:03,80.45,300,113850
20231219,14:00:19,80.0,50,113850
20231219,14:02:06,80.55,400,113750
20231219,14:02:30,80.5,100,113750
20231219,14:02:38,80.75,50,113750
20231219,14:02:47,81.0,500,113750
20231219,14:03:39,82.0,1100,113950
20231219,14:03:56,82.0,50,113950
20231219,14:04:04,82.0,600,113950
20231219,14:04:12,81.45,150,113950
20231219,14:04:21,81.5,200,113950
20231219,14:04:29,81.55,1350,113950
20231219,14:05:13,80.6,50,113950
20231219,14:06:08,81.75,100,113950
20231219,14:06:49,81.8,200,112150
20231219,14:07:08,82.25,50,112150
20231219,14:07:26,82.25,100,112150
20231219,14:07:35,82.25,400,112150
20231219,14:07:44,81.75,700,112150
20231219,14:10:22,83.0,500,112300
20231219,14:10:26,83.0,1250,112300
20231219,14:11:03,83.4,50,112300
20231219,14:12:13,83.9,50,112300
20231219,14:12:23,84.0,500,112300
20231219,14:12:53,84.6,50,112100
20231219,14:13:13,84.6,300,112100
20231219,14:13:40,83.8,50,112100
20231219,14:15:10,83.05,500,112100
20231219,14:16:11,81.75,50,111250
20231219,14:16:30,81.8,50,111250
20231219,14:16:49,81.8,50,111250
20231219,14:17:07,81.8,50,111250
20231219,14:17:17,82.25,50,111250
20231219,14:17:26,82.1,500,111250
20231219,14:19:17,82.95,50,110750
20231219,14:19:26,83.35,50,110750
20231219,14:20:37,83.35,50,110750
20231219,14:22:39,83.35,50,110800
20231219,14:25:31,82.8,100,110800
20231219,14:25:39,82.75,100,110800
20231219,14:26:14,83.35,50,110800
20231219,14:27:06,83.55,200,110800
20231219,14:27:58,83.85,50,110900
20231219,14:28:25,83.9,200,110900
20231219,14:29:10,84.0,500,110900
20231219,14:31:04,84.4,100,110700
20231219,14:31:44,85.0,550,110700
20231219,14:32:42,85.2,50,110700
20231219,14:32:51,85.2,700,110700
20231219,14:34:15,86.0,50,110650
20231219,14:34:25,86.0,1050,110650
20231219,14:35:24,86.0,50,110650
20231219,14:36:02,87.0,500,110650
20231219,14:36:33,87.25,50,110450
20231219,14:36:53,87.25,50,110450
20231219,14:37:11,87.25,100,110450
20231219,14:37:58,86.95,200,110450
20231219,14:38:16,87.0,50,110450
20231219,14:38:44,87.25,50,110450
20231219,14:38:53,86.55,50,110450
20231219,14:39:02,86.5,50,110450
20231219,14:39:38,86.4,50,110550
20231219,14:39:46,86.45,50,110550
20231219,14:40:40,85.75,950,110550
20231219,14:41:05,85.75,200,110550
20231219,14:41:40,85.8,50,110550
20231219,14:41:56,85.75,50,110550
20231219,14:42:04,86.45,100,110550
20231219,14:42:42,85.75,150,110600
20231219,14:42:53,85.95,50,110600
20231219,14:43:11,85.2,850,110600
20231219,14:43:20,85.2,200,110600
20231219,14:43:29,84.95,200,110600
20231219,14:44:04,84.25,700,110600
20231219,14:44:22,84.7,50,110600
20231219,14:44:31,84.85,100,110600
20231219,14:44:52,85.2,200,110600
20231219,14:45:00,85.3,100,110600
20231219,14:45:09,85.65,100,110600
20231219,14:45:33,85.85,200,110650
20231219,14:45:42,85.85,50,110650
20231219,14:47:16,83.75,500,110650
20231219,14:48:12,83.0,1500,110650
20231219,14:48:22,83.0,1000,110650
20231219,14:49:45,80.55,50,110250
20231219,14:49:56,81.25,50,110250
20231219,14:50:06,80.95,300,110250
20231219,14:50:34,81.05,50,110250
20231219,14:50:53,81.95,50,110250
20231219,14:54:54,78.85,50,110250
20231219,14:55:13,79.5,50,110250
20231219,14:55:52,79.35,200,110250
20231219,14:56:40,79.4,150,110250
20231219,14:56:49,79.35,1000,110250
20231219,14:56:59,78.8,350,110250
20231219,14:57:18,78.25,500,110250
20231219,14:57:37,78.3,50,110650
20231219,14:58:11,77.0,150,110650
20231219,14:58:22,76.6,1100,110650
20231219,14:58:32,76.75,50,110650
20231219,14:59:36,74.55,50,110650
20231219,15:00:43,73.45,200,110650
20231219,15:00:54,72.95,300,110650
20231219,15:02:15,74.9,50,110650
20231219,15:03:07,75.55,500,110650
20231219,15:03:27,75.55,750,110650
20231219,15:03:37,75.95,100,110650
20231219,15:03:47,75.8,1050,110150
20231219,15:04:16,75.45,50,110150
20231219,15:04:26,75.15,950,110150
20231219,15:04:46,75.0,50,110150
20231219,15:05:46,75.0,50,110150
20231219,15:06:26,75.5,3600,110150
20231219,15:07:05,75.9,3600,107300
20231219,15:07:43,76.25,3650,107300
20231219,15:08:03,76.8,350,107300
20231219,15:08:14,77.05,200,107300
20231219,15:08:24,77.15,4050,107300
20231219,15:08:34,77.2,1250,107300
20231219,15:10:09,77.3,600,98300
20231219,15:10:19,77.3,2100,98300
20231219,15:10:29,77.3,1300,98300
20231219,15:10:38,77.3,2500,98300
20231219,15:10:58,77.5,200,98300
20231219,15:11:07,77.25,650,98300
20231219,15:11:17,76.8,150,98300
20231219,15:11:45,77.2,350,98300
20231219,15:11:54,77.25,100,98300
20231219,15:12:03,77.5,300,98300
20231219,15:12:21,77.2,150,98300
20231219,15:12:41,77.0,250,99600
20231219,15:12:59,77.25,750,99600
20231219,15:13:08,77.25,250,99600
20231219,15:13:17,77.1,100,99600
20231219,15:13:26,77.05,200,99600
20231219,15:13:35,77.0,100,99600
20231219,15:15:11,75.95,100,99600
20231219,15:15:20,75.7,50,99600
20231219,15:15:29,76.1,150,99600
20231219,15:17:06,75.8,50,98600
20231219,15:17:24,75.8,250,98600
20231219,15:17:43,76.0,350,98600
20231219,15:18:12,74.8,250,98600
20231219,15:18:50,74.7,50,98150
20231219,15:19:00,74.85,250,98150
20231219,15:20:14,74.3,300,98150
20231219,15:20:25,74.0,100,98150
20231219,15:20:35,73.9,100,98150
20231219,15:21:23,73.2,1500,98150
20231219,15:21:50,72.9,1000,99350
20231219,15:22:08,73.5,150,99350
20231219,15:22:17,73.45,300,99350
20231219,15:22:26,73.45,100,99350
20231219,15:22:44,73.25,150,99350
20231219,15:23:58,73.35,200,99350
20231219,15:24:17,73.05,100,99350
20231219,15:24:47,73.05,150,100200
20231219,15:25:34,73.05,50,100200
20231219,15:26:01,73.1,550,100200
20231219,15:26:10,73.6,50,100200
20231219,15:26:19,73.2,450,100200
20231219,15:26:37,73.2,150,100200
20231219,15:26:46,73.9,550,100200
20231219,15:26:55,74.2,100,100200
20231219,15:27:42,74.4,1000,101250
20231219,15:27:54,74.55,1750,101250
20231219,15:28:03,74.65,950,101250
20231219,15:28:12,74.7,350,101250
20231219,15:28:32,74.55,100,101250
20231219,15:29:00,74.55,50,101250
20231219,15:29:09,74.75,50,101250
20231219,15:29:31,75.05,200,101250
20231219,15:29:44,75.15,150,101250
20231219,15:29:56,76.15,100,101250
20231220,09:15:10,83.1,1,98850
20231220,09:15:10,82.1,200,98850
20231220,09:15:20,88.75,1300,98850
20231220,09:15:35,88.75,50,98850
20231220,09:15:42,86.95,100,98850
20231220,09:15:57,88.0,50,98850
20231220,09:16:12,87.35,400,98850
20231220,09:16:26,87.95,350,98850
20231220,09:16:53,87.9,50,98850
20231220,09:17:00,88.0,350,98850
20231220,09:17:14,88.0,100,98850
20231220,09:17:35,87.7,50,98850
20231220,09:18:33,87.7,250,99600
20231220,09:18:46,87.65,100,99600
20231220,09:18:58,88.45,150,99600
20231220,09:19:37,87.75,150,99600
20231220,09:19:43,87.7,250,99600
20231220,09:20:15,88.05,50,99600
20231220,09:20:23,88.05,100,99600
20231220,09:20:47,87.6,100,99500
20231220,09:21:03,87.7,200,99500
20231220,09:21:11,87.45,300,99500
20231220,09:21:27,87.1,600,99500
20231220,09:21:35,87.1,250,99500
20231220,09:21:43,87.3,100,99500
20231220,09:21:51,87.25,50,99500
20231220,09:22:04,87.05,50,99500
20231220,09:22:27,87.75,50,99500
20231220,09:22:31,88.1,100,99500
20231220,09:22:32,88.1,50,99500
20231220,09:22:58,88.85,1800,99500
20231220,09:23:15,89.75,100,99500
20231220,09:23:23,89.75,300,99500
20231220,09:23:39,89.55,100,99500
20231220,09:23:46,90.0,500,101350
20231220,09:23:54,90.3,700,101350
20231220,09:24:03,90.2,350,101350
20231220,09:24:11,90.5,300,101350
20231220,09:24:19,91.25,350,101350
20231220,09:24:28,92.1,1500,101350
20231220,09:24:46,91.7,100,101350
20231220,09:24:54,91.6,500,101350
20231220,09:25:10,91.55,250,101350
20231220,09:25:35,91.3,50,101350
20231220,09:25:51,91.15,50,101350
20231220,09:26:24,91.65,50,101350
20231220,09:26:42,91.15,50,101350
20231220,09:27:01,91.1,150,100250
20231220,09:27:18,90.95,350,100250
20231220,09:27:26,91.15,1000,100250
20231220,09:27:34,91.0,50,100250
20231220,09:27:42,91.5,200,100250
20231220,09:27:59,91.85,50,100250
20231220,09:28:07,91.55,100,100250
20231220,09:28:32,92.0,300,100250
20231220,09:28:40,92.5,200,100250
20231220,09:28:54,91.55,600,100250
20231220,09:28:55,91.55,1100,100250
20231220,09:28:56,91.55,100,100250
20231220,09:29:03,92.15,150,100250
20231220,09:29:05,92.35,50,100250
20231220,09:29:09,91.45,600,100250
20231220,09:29:10,91.5,600,100250
20231220,09:29:15,92.15,100,100250
20231220,09:29:16,92.25,50,100250
20231220,09:29:28,91.5,700,100250
20231220,09:29:29,91.4,300,100250
20231220,09:29:31,91.5,400,100250
20231220,09:29:48,91.25,1150,103800
20231220,09:30:05,91.15,1000,103800
20231220,09:30:22,92.25,50,103800
20231220,09:30:47,92.25,50,103800
20231220,09:31:11,92.25,200,103800
20231220,09:31:19,91.85,1000,103800
20231220,09:31:28,91.7,350,103800
20231220,09:31:44,92.0,250,103800
20231220,09:31:52,92.35,2500,103800
20231220,09:32:00,92.75,100,103800
20231220,09:32:08,92.95,1100,103800
20231220,09:32:16,93.0,200,103800
20231220,09:32:25,93.45,250,103800
20231220,09:32:33,93.55,1600,103800
20231220,09:32:50,93.65,400,109650
20231220,09:32:58,92.6,1000,109650
20231220,09:33:06,93.0,350,109650
20231220,09:33:15,92.5,1150,109650
20231220,09:33:23,93.4,50,109650
20231220,09:33:31,93.0,1200,109650
20231220,09:33:39,93.8,900,109650
20231220,09:33:43,93.95,50,109650
20231220,09:33:53,94.0,200,109650
20231220,09:33:54,94.0,200,109650
20231220,09:33:55,94.1,50,109650
20231220,09:33:56,94.1,700,109650
20231220,09:33:57,94.0,300,109650
20231220,09:33:59,94.5,250,109650
20231220,09:34:03,94.85,100,109650
20231220,09:34:06,94.85,1000,109650
20231220,09:34:07,94.6,1000,109650
20231220,09:34:08,94.35,900,109650
20231220,09:34:09,94.4,100,109650
20231220,09:34:48,94.5,50,109650
20231220,09:34:56,94.45,100,109650
20231220,09:35:05,94.7,200,109650
20231220,09:35:45,95.15,50,109650
20231220,09:35:53,95.15,200,116650
20231220,09:36:01,95.15,1000,116650
20231220,09:36:34,96.0,200,116650
20231220,09:36:43,96.0,400,116650
20231220,09:37:00,96.3,250,116650
20231220,09:37:18,97.0,100,116650
20231220,09:37:27,97.0,100,116650
20231220,09:37:35,97.25,100,116650
20231220,09:37:43,97.45,450,116650
20231220,09:37:51,96.9,150,116650
20231220,09:38:17,97.1,1000,116650
20231220,09:38:26,97.5,200,116650
20231220,09:38:43,97.5,50,116650
20231220,09:39:16,97.45,50,117800
20231220,09:39:44,97.85,200,117800
20231220,09:40:44,97.65,50,117800
20231220,09:40:47,97.8,50,117800
20231220,09:40:52,97.6,550,117800
20231220,09:40:58,97.0,150,117800
20231220,09:41:08,97.25,500,117800
20231220,09:41:09,96.9,50,117800
20231220,09:41:12,96.9,200,117800
20231220,09:41:13,96.6,200,117800
20231220,09:41:14,96.9,50,117800
20231220,09:41:18,96.9,200,117800
20231220,09:41:31,97.6,100,117800
20231220,09:41:34,97.5,150,117800
20231220,09:41:35,97.45,100,117800
20231220,09:41:41,97.6,50,117800
20231220,09:41:59,97.0,150,117950
20231220,09:42:32,97.3,100,117950
20231220,09:43:05,96.45,50,117950
20231220,09:43:13,96.8,100,117950
20231220,09:43:39,96.35,50,117950
20231220,09:44:19,96.6,1900,117950
20231220,09:44:35,95.95,400,117950
20231220,09:44:59,96.45,50,116100
20231220,09:45:07,96.75,100,116100
20231220,09:45:15,96.75,700,116100
20231220,09:45:40,95.95,600,116100
20231220,09:45:48,95.85,200,116100
20231220,09:45:57,95.0,100,116100
20231220,09:46:05,95.0,600,116100
20231220,09:46:22,94.95,100,116100
20231220,09:46:39,94.55,50,116100
20231220,09:46:47,94.95,150,116100
20231220,09:47:20,95.1,50,116100
20231220,09:47:36,95.75,150,116100
20231220,09:48:00,95.5,100,115650
20231220,09:48:34,94.6,100,115650
20231220,09:49:48,94.95,50,115650
20231220,09:50:51,95.75,100,115650
20231220,09:51:08,95.75,50,115650
20231220,09:51:16,95.5,50,115650
20231220,09:51:32,95.6,50,115650
20231220,09:52:00,95.6,50,115650
20231220,09:52:19,95.6,700,115650
20231220,09:52:28,96.0,200,115650
20231220,09:53:01,95.5,50,115650
20231220,09:53:10,95.6,50,115650
20231220,09:53:26,96.2,100,115650
20231220,09:53:34,96.2,50,115650
20231220,09:53:43,96.2,100,115650
20231220,09:54:07,95.75,150,115800
20231220,09:54:15,96.05,550,115800
20231220,09:54:23,96.0,50,115800
20231220,09:54:48,95.5,150,115800
20231220,09:55:04,95.45,50,115800
20231220,09:56:03,95.55,150,115800
20231220,09:56:35,95.4,50,115800
20231220,09:57:08,95.0,250,116200
20231220,09:57:49,95.5,250,116200
20231220,09:57:58,95.6,150,116200
20231220,09:58:40,95.25,100,116200
20231220,09:59:12,95.0,250,116200
20231220,10:00:06,95.5,200,116500
20231220,10:00:14,95.5,100,116500
20231220,10:00:30,95.35,50,116500
20231220,10:00:55,94.55,300,116500
20231220,10:01:04,94.85,100,116500
20231220,10:01:44,94.75,200,116500
20231220,10:02:25,94.05,50,116500
20231220,10:02:44,94.25,200,116500
20231220,10:02:56,93.15,50,116750
20231220,10:03:15,92.05,100,116750
20231220,10:03:33,91.7,100,116750
20231220,10:04:49,91.4,550,116750
20231220,10:04:57,91.8,50,116750
20231220,10:05:14,91.75,200,116750
20231220,10:05:47,91.3,500,116750
20231220,10:07:10,91.05,200,117350
20231220,10:07:55,90.0,350,117350
20231220,10:08:33,89.15,50,117350
20231220,10:08:42,88.55,1050,117350
20231220,10:08:59,88.5,250,118450
20231220,10:09:08,88.5,50,118450
20231220,10:09:25,88.5,50,118450
20231220,10:09:32,88.95,50,118450
20231220,10:09:40,89.0,350,118450
20231220,10:09:49,89.2,300,118450
20231220,10:10:30,89.1,150,118450
20231220,10:11:29,90.0,100,118450
20231220,10:11:37,90.1,50,118450
20231220,10:11:46,89.95,50,118450
20231220,10:11:54,89.55,200,118400
20231220,10:12:12,89.15,100,118400
20231220,10:13:02,89.25,1100,118400
20231220,10:14:39,90.05,1000,118400
20231220,10:15:14,90.6,300,119600
20231220,10:15:31,90.75,450,119600
20231220,10:15:57,91.25,250,119600
20231220,10:16:48,91.05,100,119600
20231220,10:18:05,91.55,500,119600
20231220,10:18:22,91.65,500,119600
20231220,10:18:30,91.7,300,119600
20231220,10:19:12,91.85,100,119600
20231220,10:19:29,92.25,650,119600
20231220,10:19:46,92.5,1000,119600
20231220,10:20:02,92.35,100,119600
20231220,10:20:59,91.75,50,120650
20231220,10:23:27,91.7,400,120650
20231220,10:24:47,92.3,200,120300
20231220,10:25:13,92.8,200,120300
20231220,10:25:24,92.4,50,120300
20231220,10:25:41,92.4,200,120300
20231220,10:26:15,93.25,250,120300
20231220,10:27:42,93.25,350,120450
20231220,10:27:50,93.25,150,120450
20231220,10:28:52,92.45,100,120450
20231220,10:29:17,92.4,150,120450
20231220,10:30:00,91.7,50,120850
20231220,10:30:18,92.15,250,120850
20231220,10:30:26,92.2,50,120850
20231220,10:31:00,92.0,300,120850
20231220,10:33:34,92.05,450,121100
20231220,10:34:23,91.8,50,121100
20231220,10:34:39,91.15,550,121100
20231220,10:35:11,91.05,50,121100
20231220,10:35:19,91.4,250,121100
20231220,10:35:42,91.25,150,121100
20231220,10:36:48,92.15,1300,121450
20231220,10:38:58,93.35,100,121750
20231220,10:39:06,94.0,1200,121750
20231220,10:40:54,93.3,50,121750
20231220,10:41:02,93.3,50,121750
20231220,10:41:17,93.3,300,121750
20231220,10:41:34,93.95,450,121750
20231220,10:43:08,94.2,50,120950
20231220,10:43:31,94.2,200,120950
20231220,10:44:05,94.4,500,120950
20231220,10:44:39,94.75,1000,120950
20231220,10:44:56,94.2,200,120950
20231220,10:45:12,94.8,200,121350
20231220,10:45:31,95.15,200,121350
20231220,10:46:38,95.15,100,121350
20231220,10:47:21,95.95,150,121350
20231220,10:47:38,95.75,200,121350
20231220,10:47:45,95.45,50,121350
20231220,10:47:54,95.8,550,121300
20231220,10:48:53,95.5,200,121300
20231220,10:50:20,95.75,150,121300
20231220,10:52:46,93.9,50,121350
20231220,10:53:15,94.15,50,121350
20231220,10:54:44,94.1,50,121300
20231220,10:56:56,94.55,100,121350
20231220,10:59:57,95.95,50,121350
20231220,11:00:11,96.0,200,121450
20231220,11:00:19,96.45,50,121450
20231220,11:02:26,96.5,250,121450
20231220,11:04:10,96.5,100,121300
20231220,11:07:16,96.9,100,121300
20231220,11:10:56,96.0,450,121400
20231220,11:15:11,95.5,350,121800
20231220,11:15:28,95.4,50,121800
20231220,11:15:46,95.7,100,121800
20231220,11:15:54,95.7,150,121800
20231220,11:16:02,95.4,100,121800
20231220,11:16:18,95.7,150,121800
20231220,11:16:27,96.15,50,121800
20231220,11:17:46,96.0,500,121800
20231220,11:19:05,95.0,150,121250
20231220,11:19:56,94.55,150,121250
20231220,11:20:14,94.55,100,121250
20231220,11:20:55,94.5,150,121250
20231220,11:22:37,95.5,50,121350
20231220,11:22:46,95.55,50,121350
20231220,11:22:54,95.35,50,121350
20231220,11:23:59,95.2,250,121350
20231220,11:24:07,95.55,250,121650
20231220,11:25:15,95.35,50,121650
20231220,11:25:24,95.45,50,121650
20231220,11:25:32,94.85,50,121650
20231220,11:25:40,95.45,100,121650
20231220,11:25:48,95.35,250,121650
20231220,11:26:36,96.2,100,121650
20231220,11:30:11,94.85,300,121550
20231220,11:31:14,94.0,500,121550
20231220,11:31:22,94.5,50,121550
20231220,11:31:40,93.45,200,121550
20231220,11:31:49,93.85,200,121550
20231220,11:32:57,93.75,50,121550
20231220,11:33:06,93.05,100,121350
20231220,11:33:14,93.0,100,121350
20231220,11:33:33,91.9,200,121350
20231220,11:34:17,91.6,150,121350
20231220,11:34:26,92.0,250,121350
20231220,11:38:04,93.05,200,121250
20231220,11:38:22,92.45,100,121250
20231220,11:39:18,92.15,100,121350
20231220,11:40:58,92.25,450,121350
20231220,11:41:16,92.15,150,121350
20231220,11:41:26,91.95,150,121350
20231220,11:42:13,91.7,100,121750
20231220,11:43:15,90.55,200,121750
20231220,11:43:34,90.05,50,121750
20231220,11:43:43,90.0,650,121750
20231220,11:44:09,90.05,350,121750
20231220,11:44:19,88.5,50,121750
20231220,11:44:37,89.0,200,121750
20231220,11:44:47,89.7,100,121750
20231220,11:45:05,90.2,50,122800
20231220,11:45:14,90.75,150,122800
20231220,11:45:40,91.6,100,122800
20231220,11:46:55,91.6,150,122800
20231220,11:47:29,91.1,200,122800
20231220,11:47:46,90.65,50,122800
20231220,11:48:04,91.1,50,122800
20231220,11:48:40,90.25,1200,122400
20231220,11:50:15,90.25,50,122400
20231220,11:50:21,90.25,450,122400
20231220,11:50:57,90.15,50,122400
20231220,11:51:01,90.0,50,122300
20231220,11:51:29,89.75,200,122300
20231220,11:52:01,89.95,150,122300
20231220,11:52:48,88.0,50,122300
20231220,11:53:19,88.05,50,122300
20231220,11:53:48,88.05,50,122300
20231220,11:54:43,87.8,50,122000
20231220,11:56:11,89.45,50,122000
20231220,11:57:20,90.65,50,122000
20231220,11:57:46,91.4,100,122000
20231220,11:57:54,91.4,50,122000
20231220,11:59:04,91.5,50,122000
20231220,11:59:21,91.8,50,122000
20231220,12:00:22,92.25,450,121950
20231220,12:01:19,92.2,50,121950
20231220,12:03:37,92.2,50,121950
20231220,12:03:45,91.55,50,121950
20231220,12:04:03,91.5,50,121950
20231220,12:05:02,92.7,50,121950
20231220,12:05:11,92.75,250,121950
20231220,12:05:28,92.75,450,121950
20231220,12:06:09,93.05,150,121950
20231220,12:08:05,92.1,50,121700
20231220,12:09:52,91.6,200,121700
20231220,12:10:01,91.75,450,121700
20231220,12:11:12,90.55,200,121700
20231220,12:11:21,90.55,300,121700
20231220,12:12:53,90.3,200,122350
20231220,12:15:45,90.2,50,122550
20231220,12:15:53,90.15,200,122550
20231220,12:16:01,90.6,1800,122550
20231220,12:16:19,90.05,100,122550
20231220,12:16:27,90.1,200,122550
20231220,12:20:29,88.5,150,122400
20231220,12:23:18,89.2,100,122250
20231220,12:23:23,89.25,200,122250
20231220,12:23:36,89.25,400,122250
20231220,12:23:38,88.8,100,122250
20231220,12:23:39,89.45,300,122250
20231220,12:24:33,89.2,50,122100
20231220,12:24:36,89.0,50,122100
20231220,12:24:51,89.35,50,122100
20231220,12:25:00,89.45,50,122100
20231220,12:25:08,89.3,50,122100
20231220,12:25:16,89.5,100,122100
20231220,12:25:32,89.15,50,122100
20231220,12:25:48,89.65,500,122100
20231220,12:27:47,89.05,50,121650
20231220,12:27:55,89.1,450,121650
20231220,12:28:03,88.85,100,121650
20231220,12:28:12,89.15,400,121650
20231220,12:28:20,88.85,100,121650
20231220,12:29:10,89.0,50,121650
20231220,12:30:49,88.65,50,122000
20231220,12:30:58,88.35,100,122000
20231220,12:31:07,88.15,100,122000
20231220,12:33:55,87.85,100,122050
20231220,12:34:19,88.1,200,122050
20231220,12:34:35,88.6,250,122050
20231220,12:34:43,88.5,150,122050
20231220,12:35:32,89.3,100,122050
20231220,12:35:49,89.0,200,122050
20231220,12:36:05,88.8,300,122050
20231220,12:36:13,88.95,100,121950
20231220,12:36:21,89.55,200,121950
20231220,12:37:39,88.85,50,121950
20231220,12:39:04,89.45,150,121950
20231220,12:39:52,90.15,50,121800
20231220,12:41:02,90.4,100,121800
20231220,12:42:40,91.2,100,121850
20231220,12:43:53,91.35,50,121850
20231220,12:47:55,91.25,300,121850
20231220,12:50:49,92.15,100,121900
20231220,12:52:14,92.0,50,121900
20231220,12:59:47,90.45,50,121900
20231220,13:03:19,88.6,50,121900
20231220,13:08:06,89.45,400,121850
20231220,13:08:39,88.85,100,121850
20231220,13:09:04,88.8,50,121850
20231220,13:09:13,88.65,200,121750
20231220,13:09:42,87.65,150,121750
20231220,13:10:02,86.75,300,121750
20231220,13:10:11,86.8,400,121750
20231220,13:11:36,85.0,50,121750
20231220,13:11:47,84.8,50,121750
20231220,13:13:09,85.9,150,121300
20231220,13:13:29,84.75,150,121300
20231220,13:13:38,84.6,200,121300
20231220,13:13:48,84.5,500,121300
20231220,13:14:08,84.2,200,121300
20231220,13:16:17,84.25,300,121750
20231220,13:16:26,85.3,400,121750
20231220,13:16:44,86.0,4000,121750
20231220,13:17:13,84.75,1050,121750
20231220,13:18:01,83.35,250,121750
20231220,13:18:11,82.75,450,121750
20231220,13:18:30,82.95,200,124400
20231220,13:18:58,83.3,500,124400
20231220,13:19:08,83.05,50,124400
20231220,13:19:18,81.9,150,124400
20231220,13:19:39,81.0,50,124400
20231220,13:19:50,81.0,300,124400
20231220,13:20:00,80.65,50,124400
20231220,13:20:21,80.65,50,124400
20231220,13:20:49,81.5,100,124400
20231220,13:21:08,81.85,50,124400
20231220,13:21:18,82.0,500,124400
20231220,13:21:27,82.0,50,123950
20231220,13:21:57,83.0,50,123950
20231220,13:22:53,83.0,150,123950
20231220,13:23:21,83.2,50,123950
20231220,13:23:58,82.35,50,123950
20231220,13:24:08,82.25,50,123950
20231220,13:24:18,82.45,50,123950
20231220,13:24:29,81.55,100,124050
20231220,13:24:39,81.35,50,124050
20231220,13:26:00,80.65,200,124050
20231220,13:26:31,80.0,200,124050
20231220,13:27:44,77.45,450,123900
20231220,13:28:05,76.85,50,123900
20231220,13:28:27,75.25,300,123900
20231220,13:28:39,75.0,50,123900
20231220,13:28:49,75.0,50,123900
20231220,13:28:59,74.8,350,123900
20231220,13:29:18,74.8,550,123900
20231220,13:29:28,76.0,1250,123900
20231220,13:29:37,76.25,250,123900
20231220,13:29:47,76.45,50,123900
20231220,13:29:57,76.05,200,123900
20231220,13:30:06,76.1,100,123900
20231220,13:30:16,77.0,500,123900
20231220,13:30:25,76.7,50,124450
20231220,13:30:37,76.9,150,124450
20231220,13:30:57,76.65,850,124450
20231220,13:31:16,76.4,300,124450
20231220,13:31:28,76.45,200,124450
20231220,13:31:39,76.75,500,124450
20231220,13:31:50,76.6,100,124450
20231220,13:32:00,76.0,50,124450
20231220,13:32:30,74.7,200,124450
20231220,13:33:18,73.0,300,124600
20231220,13:33:27,72.9,150,124600
20231220,13:33:36,72.9,12950,124600
20231220,13:33:45,76.55,350,124600
20231220,13:34:02,76.8,900,124600
20231220,13:34:10,77.1,150,124600
20231220,13:34:19,77.05,400,124600
20231220,13:34:29,76.95,250,124600
20231220,13:34:49,77.2,550,124600
20231220,13:34:59,76.5,550,124600
20231220,13:35:08,76.65,450,124600
20231220,13:35:17,76.65,50,124600
20231220,13:35:27,76.35,550,124600
20231220,13:35:37,76.25,700,124600
20231220,13:35:47,76.35,250,124600
20231220,13:35:56,75.95,50,124600
20231220,13:36:34,74.9,200,124900
20231220,13:36:54,74.1,50,124900
20231220,13:37:14,71.7,800,124900
20231220,13:37:32,73.0,100,124900
20231220,13:37:41,73.2,50,124900
20231220,13:38:00,73.75,350,124900
20231220,13:38:18,73.9,100,124900
20231220,13:38:28,74.75,600,124900
20231220,13:38:37,75.35,300,124900
20231220,13:38:46,75.5,950,124900
20231220,13:38:55,76.5,400,124900
20231220,13:39:04,76.0,3400,124900
20231220,13:39:13,75.0,700,124900
20231220,13:39:32,75.75,200,128800
20231220,13:39:54,76.3,250,128800
20231220,13:40:05,76.95,250,128800
20231220,13:40:15,76.8,50,128800
20231220,13:40:25,77.95,50,128800
20231220,13:40:34,77.15,350,128800
20231220,13:40:44,76.8,450,128800
20231220,13:41:22,77.4,350,128800
20231220,13:42:01,78.35,250,128800
20231220,13:42:11,78.35,100,128800
20231220,13:42:20,78.75,300,129450
20231220,13:42:30,79.15,350,129450
20231220,13:42:39,78.95,300,129450
20231220,13:42:48,78.45,450,129450
20231220,13:42:58,78.5,400,129450
20231220,13:43:17,79.3,100,129450
20231220,13:43:26,79.55,300,129450
20231220,13:43:35,79.75,50,129450
20231220,13:44:11,80.45,200,129450
20231220,13:44:56,80.5,150,129450
20231220,13:46:11,79.3,50,129100
20231220,13:47:22,77.7,50,129100
20231220,13:47:31,76.45,100,129100
20231220,13:47:41,76.75,350,129100
20231220,13:47:50,76.0,600,129100
20231220,13:48:08,75.45,100,129100
20231220,13:48:16,75.45,50,129100
20231220,13:48:34,75.75,50,129150
20231220,13:48:51,75.6,200,129150
20231220,13:49:08,74.4,250,129150
20231220,13:49:34,74.85,50,129150
20231220,13:49:42,74.6,650,129150
20231220,13:49:51,74.55,600,129150
20231220,13:50:25,73.95,550,129150
20231220,13:50:55,72.45,200,129150
20231220,13:51:05,71.95,500,129150
20231220,13:51:14,72.1,550,129150
20231220,13:51:24,72.0,150,130400
20231220,13:51:34,72.5,1100,130400
20231220,13:51:43,73.6,200,130400
20231220,13:51:53,73.65,200,130400
20231220,13:52:02,73.45,150,130400
20231220,13:52:11,74.4,800,130400
20231220,13:52:20,74.45,600,130400
20231220,13:52:29,74.25,500,130400
20231220,13:52:38,74.55,200,130400
20231220,13:52:46,74.9,50,130400
20231220,13:53:47,75.3,50,130400
20231220,13:54:05,75.35,200,130400
20231220,13:54:16,75.45,250,130400
20231220,13:54:55,75.8,450,129650
20231220,13:55:04,75.95,50,129650
20231220,13:55:41,75.65,300,129650
20231220,13:56:34,74.55,150,129650
20231220,13:57:01,74.75,50,129650
20231220,13:57:10,74.8,50,129650
20231220,13:58:04,74.7,200,130300
20231220,13:58:13,75.25,550,130300
20231220,13:58:22,74.8,350,130300
20231220,13:58:30,74.4,100,130300
20231220,13:58:39,74.35,150,130300
20231220,13:58:56,74.25,50,130300
20231220,13:59:13,74.35,200,130300
20231220,14:00:32,74.25,50,131200
20231220,14:00:59,74.7,100,131200
20231220,14:01:26,74.95,50,131200
20231220,14:01:34,74.85,100,131200
20231220,14:02:00,74.5,150,131200
20231220,14:02:09,74.25,200,131200
20231220,14:02:19,74.3,50,131200
20231220,14:02:28,73.8,50,131200
20231220,14:02:48,72.95,350,131200
20231220,14:02:58,73.05,100,131200
20231220,14:03:26,72.9,150,130600
20231220,14:03:36,72.7,100,130600
20231220,14:03:47,71.9,150,130600
20231220,14:03:58,71.1,200,130600
20231220,14:04:09,70.75,700,130600
20231220,14:04:20,70.55,350,130600
20231220,14:04:29,70.1,100,130600
20231220,14:04:39,69.85,50,130600
20231220,14:05:00,68.8,300,130600
20231220,14:05:11,67.9,350,130600
20231220,14:05:22,67.65,250,130600
20231220,14:05:33,67.7,100,130600
20231220,14:05:52,67.35,400,130600
20231220,14:06:01,67.3,50,130600
20231220,14:06:10,66.45,50,130600
20231220,14:06:19,66.0,200,130600
20231220,14:06:38,65.95,100,131100
20231220,14:06:48,64.7,850,131100
20231220,14:06:58,64.4,550,131100
20231220,14:07:07,65.25,550,131100
20231220,14:07:17,64.55,500,131100
20231220,14:07:28,64.4,50,131100
20231220,14:07:50,64.15,100,131100
20231220,14:08:00,64.0,500,131100
20231220,14:08:09,63.95,100,131100
20231220,14:08:19,64.7,50,131100
20231220,14:08:28,64.4,150,131100
20231220,14:08:37,64.65,200,131100
20231220,14:08:46,64.4,1250,131100
20231220,14:08:55,64.5,50,131100
20231220,14:09:05,65.0,450,131100
20231220,14:09:16,65.15,350,131100
20231220,14:09:37,65.7,100,131150
20231220,14:09:46,65.8,200,131150
20231220,14:09:55,65.9,200,131150
20231220,14:10:05,65.85,1000,131150
20231220,14:10:23,66.7,150,131150
20231220,14:10:52,67.1,100,131150
20231220,14:11:01,67.8,150,131150
20231220,14:11:10,67.65,600,131150
20231220,14:11:36,67.8,150,131150
20231220,14:11:54,68.4,500,131150
20231220,14:12:04,67.65,250,131150
20231220,14:12:13,68.3,100,131150
20231220,14:12:22,68.3,350,131150
20231220,14:12:31,68.2,100,131850
20231220,14:13:05,68.1,100,131850
20231220,14:13:48,70.05,800,131850
20231220,14:14:14,72.45,600,131850
20231220,14:14:23,72.8,600,131850
20231220,14:14:32,73.2,150,131850
20231220,14:14:49,73.7,500,131850
20231220,14:14:57,73.75,400,131850
20231220,14:15:33,72.3,50,132350
20231220,14:15:42,71.7,300,132350
20231220,14:16:01,72.2,150,132350
20231220,14:16:09,72.85,200,132350
20231220,14:16:27,73.05,100,132350
20231220,14:16:55,74.75,950,132350
20231220,14:17:05,76.65,1250,132350
20231220,14:17:16,76.65,250,132350
20231220,14:17:26,75.9,450,132350
20231220,14:17:37,76.25,900,132350
20231220,14:17:48,76.65,200,132350
20231220,14:17:57,76.1,150,132350
20231220,14:18:24,74.7,100,132350
20231220,14:18:33,73.8,150,132700
20231220,14:18:42,73.65,50,132700
20231220,14:18:51,74.1,300,132700
20231220,14:19:08,74.95,50,132700
20231220,14:19:26,76.0,600,132700
20231220,14:19:43,75.95,650,132700
20231220,14:20:00,76.05,250,132700
20231220,14:20:51,75.6,50,132700
20231220,14:21:09,75.6,50,132700
20231220,14:21:17,76.2,650,132700
20231220,14:21:26,75.9,100,132700
20231220,14:21:35,75.75,50,131850
20231220,14:22:03,75.8,150,131850
20231220,14:22:23,74.55,50,131850
20231220,14:22:42,74.55,150,131850
20231220,14:23:40,72.0,100,131850
20231220,14:24:08,72.9,50,131850
20231220,14:25:02,71.5,50,131750
20231220,14:25:11,71.45,200,131750
20231220,14:25:21,71.45,950,131750
20231220,14:25:30,71.65,150,131750
20231220,14:25:39,71.15,700,131750
20231220,14:26:09,70.15,300,131750
20231220,14:26:37,70.5,550,131750
20231220,14:27:21,71.0,100,131750
20231220,14:27:47,70.75,150,133400
20231220,14:28:05,70.8,50,133400
20231220,14:28:24,70.95,50,133400
20231220,14:29:20,74.1,50,133400
20231220,14:29:30,76.9,3100,133400
20231220,14:29:40,78.7,200,133400
20231220,14:29:49,79.0,1500,133400
20231220,14:29:58,79.0,50,133400
20231220,14:30:16,79.55,100,133400
20231220,14:30:25,79.5,100,133400
20231220,14:30:35,79.0,150,133900
20231220,14:31:30,73.95,150,133900
20231220,14:31:51,74.4,100,133900
20231220,14:32:35,73.65,50,133900
20231220,14:32:44,72.0,350,133900
20231220,14:32:54,70.95,1500,133900
20231220,14:33:03,70.75,500,133900
20231220,14:33:13,70.75,50,133900
20231220,14:33:23,69.25,250,133900
20231220,14:33:32,68.85,200,133150
20231220,14:33:41,68.95,250,133150
20231220,14:33:50,68.75,50,133150
20231220,14:34:09,67.05,500,133150
20231220,14:34:19,66.35,1000,133150
20231220,14:34:28,66.8,100,133150
20231220,14:34:38,67.2,50,133150
20231220,14:34:47,66.0,150,133150
20231220,14:35:16,66.75,1050,133150
20231220,14:35:36,65.7,400,133150
20231220,14:35:45,65.6,1900,133150
20231220,14:36:04,65.7,200,133150
20231220,14:36:22,64.65,150,133150
20231220,14:36:31,63.75,950,134300
20231220,14:36:40,63.75,50,134300
20231220,14:36:49,64.05,50,134300
20231220,14:36:58,64.1,50,134300
20231220,14:37:25,65.35,100,134300
20231220,14:37:34,66.25,100,134300
20231220,14:37:43,66.75,150,134300
20231220,14:37:53,66.45,100,134300
20231220,14:38:11,67.0,400,134300
20231220,14:38:49,67.6,50,134300
20231220,14:39:17,67.65,200,134300
20231220,14:39:45,67.0,50,135150
20231220,14:41:01,66.75,500,135150
20231220,14:41:19,66.6,200,135150
20231220,14:41:38,66.35,100,135150
20231220,14:42:10,65.55,250,135150
20231220,14:42:30,65.4,100,135150
20231220,14:42:40,65.4,50,135900
20231220,14:42:50,65.4,150,135900
20231220,14:43:21,64.7,100,135900
20231220,14:43:31,64.1,150,135900
20231220,14:43:55,63.0,250,135900
20231220,14:44:06,62.25,100,135900
20231220,14:44:19,62.25,50,135900
20231220,14:44:31,63.0,250,135900
20231220,14:45:23,62.65,50,135900
20231220,14:45:33,62.65,100,135900
20231220,14:45:42,62.55,50,136550
20231220,14:46:01,63.0,400,136550
20231220,14:46:21,62.95,200,136550
20231220,14:46:30,62.95,200,136550
20231220,14:46:39,63.05,250,136550
20231220,14:46:48,62.95,400,136550
20231220,14:46:58,63.05,400,136550
20231220,14:47:08,63.0,150,136550
20231220,14:47:26,62.45,50,136550
20231220,14:47:36,63.0,150,136550
20231220,14:48:03,63.0,50,136550
20231220,14:48:12,62.95,250,136550
20231220,14:48:50,61.95,400,138200
20231220,14:49:28,61.75,800,138200
20231220,14:49:38,61.85,100,138200
20231220,14:49:57,61.8,250,138200
20231220,14:50:06,61.8,500,138200
20231220,14:50:24,61.9,100,138200
20231220,14:50:44,61.75,150,138200
20231220,14:50:54,60.75,100,138200
20231220,14:52:00,60.75,550,139450
20231220,14:52:20,61.0,50,139450
20231220,14:52:50,60.95,50,139450
20231220,14:53:18,60.0,50,139450
20231220,14:53:28,59.85,50,139450
20231220,14:53:38,59.85,200,139450
20231220,14:53:48,61.1,300,139450
20231220,14:54:07,61.9,50,139450
20231220,14:54:27,62.1,50,139450
20231220,14:54:56,62.05,50,139850
20231220,14:55:16,62.9,50,139850
20231220,14:55:37,64.25,400,139850
20231220,14:55:48,64.45,50,139850
20231220,14:56:27,64.0,550,139850
20231220,14:56:36,63.5,50,139850
20231220,14:57:34,64.1,50,139950
20231220,14:58:20,63.5,450,139950
