date,time,tick_price,volume,open_interest
20240215,13:55:03,1.5,1800,1800
20240215,13:55:19,1.55,1400,1800
20240215,13:56:18,1.6,400,1800
20240215,14:15:00,2.0,50,1800
20240215,14:17:22,2.0,50,1850
20240215,14:20:28,1.9,200,1850
20240215,14:20:43,1.65,150,1850
20240215,14:35:16,1.35,100,2200
20240215,14:47:35,1.35,50,2100
20240215,14:51:32,1.45,150,2150
20240215,14:54:34,1.45,50,2000
20240215,14:56:16,1.45,100,1950
20240215,14:56:43,1.75,500,1950
20240215,14:56:50,1.65,500,1950
20240215,14:57:02,1.7,300,1950
20240215,14:57:14,1.75,300,1950
20240215,14:57:21,1.75,300,1950
20240215,14:57:29,1.55,1150,1950
20240215,14:57:36,1.7,600,1950
20240215,14:57:43,1.25,2250,1950
20240215,14:58:23,1.25,50,1950
20240215,15:10:11,1.45,550,2550
20240215,15:15:43,1.6,50,3000
20240215,15:15:50,1.6,50,3000
20240215,15:17:23,1.6,50,3100
20240215,15:18:15,1.6,500,3100
20240215,15:26:53,1.65,200,3150
20240215,15:27:06,1.65,100,3150
20240216,09:15:03,1.7,1,2850
20240216,09:15:03,1.7,100,2850
20240216,09:15:06,1.7,50,2850
20240216,09:16:02,1.5,50,2950
20240216,09:16:27,1.35,550,2950
20240216,09:16:50,1.3,400,2950
20240216,09:16:58,1.3,200,2950
20240216,09:17:23,1.45,450,2950
20240216,09:18:00,1.4,250,2950
20240216,09:18:05,1.45,50,2950
20240216,09:19:17,1.35,1800,3900
20240216,09:19:39,1.45,50,3900
20240216,09:20:14,1.45,50,3900
20240216,09:20:22,1.4,50,3900
20240216,09:20:41,1.4,50,3900
20240216,09:21:52,1.35,50,5150
20240216,09:23:24,1.4,50,5150
20240216,09:24:32,1.35,100,5150
20240216,09:24:49,1.4,100,5150
20240216,09:26:10,1.35,300,5150
20240216,09:27:18,1.2,2050,5150
20240216,09:27:20,1.25,1750,5150
20240216,09:27:21,1.25,200,5150
20240216,09:27:23,1.35,50,5150
20240216,09:27:35,1.3,50,5150
20240216,09:27:38,1.3,100,8250
20240216,09:27:39,1.3,50,8250
20240216,09:27:41,1.3,50,8250
20240216,09:27:43,1.3,50,8250
20240216,09:28:40,1.35,500,8250
20240216,09:28:48,1.3,350,8250
20240216,09:29:08,1.3,50,8250
20240216,09:29:24,1.35,50,8250
20240216,09:29:26,1.35,100,8250
20240216,09:29:28,1.35,100,8250
20240216,09:29:32,1.35,50,8250
20240216,09:29:51,1.35,50,8250
20240216,09:29:57,1.4,100,8250
20240216,09:30:02,1.4,650,8250
20240216,09:30:36,1.45,100,8250
20240216,09:30:38,1.35,550,8950
20240216,09:30:52,1.4,50,8950
20240216,09:30:56,1.4,600,8950
20240216,09:31:19,1.4,50,8950
20240216,09:31:25,1.4,50,8950
20240216,09:31:27,1.35,50,8950
20240216,09:31:34,1.4,50,8950
20240216,09:32:11,1.35,50,8950
20240216,09:32:34,1.35,50,8950
20240216,09:33:43,1.4,50,8950
20240216,09:33:58,1.4,50,9100
20240216,09:34:09,1.4,50,9100
20240216,09:37:01,1.35,150,9100
20240216,09:37:02,1.3,1800,9100
20240216,09:37:14,1.3,100,9100
20240216,09:37:24,1.35,50,9100
20240216,09:37:31,1.3,50,9100
20240216,09:37:33,1.3,150,9100
20240216,09:37:41,1.3,1550,9100
20240216,09:37:51,1.25,50,9100
20240216,09:38:16,1.2,1950,9100
20240216,09:38:19,1.3,1000,9100
20240216,09:38:20,1.3,50,9100
20240216,09:38:26,1.25,50,9100
20240216,09:38:29,1.25,900,9100
20240216,09:38:33,1.2,600,9100
20240216,09:39:04,1.2,200,9100
20240216,09:39:07,1.15,1850,9100
20240216,09:39:10,1.15,1800,9100
20240216,09:39:27,1.2,1250,9100
20240216,09:39:29,1.25,250,16000
20240216,09:40:42,1.2,50,16000
20240216,09:40:56,1.2,50,16000
20240216,09:41:36,1.15,350,16000
20240216,09:41:56,1.2,50,16000
20240216,09:42:05,1.2,50,16000
20240216,09:42:35,1.2,100,15650
20240216,09:42:42,1.2,100,15650
20240216,09:42:44,1.2,200,15650
20240216,09:42:45,1.2,50,15650
20240216,09:42:53,1.2,50,15650
20240216,09:43:03,1.2,1250,15650
20240216,09:43:13,1.2,1450,15650
20240216,09:43:26,1.2,100,15650
20240216,09:44:16,1.2,50,15650
20240216,09:45:01,1.2,50,15650
20240216,09:45:52,1.15,1000,15600
20240216,09:46:25,1.15,50,15600
20240216,09:47:10,1.2,200,15600
20240216,09:47:22,1.15,50,15600
20240216,09:47:33,1.15,300,15600
20240216,09:47:58,1.15,1800,15600
20240216,09:47:59,1.1,650,15600
20240216,09:48:03,1.1,100,15600
20240216,09:48:05,1.2,1350,15600
20240216,09:48:06,1.2,250,15600
20240216,09:48:07,1.1,700,15600
20240216,09:48:08,1.15,1100,15600
20240216,09:48:10,1.15,1000,15600
20240216,09:48:27,1.15,1400,15600
20240216,09:48:28,1.15,200,15600
20240216,09:54:04,1.1,50,15600
20240216,09:55:18,1.2,100,19900
20240216,09:55:53,1.15,50,19900
20240216,09:57:26,1.2,800,19900
20240216,09:57:51,1.25,50,19900
20240216,09:58:23,1.25,1900,19950
20240216,09:58:23,1.3,3400,19950
20240216,09:58:56,1.25,100,19950
20240216,09:58:57,1.25,50,19950
20240216,09:59:10,1.3,2150,19950
20240216,09:59:38,1.3,50,19950
20240216,10:01:49,1.3,50,15750
20240216,10:01:56,1.25,100,15750
20240216,10:02:48,1.3,700,15750
20240216,10:04:05,1.25,50,15750
20240216,10:04:21,1.25,50,15550
20240216,10:06:44,1.3,50,15550
20240216,10:06:57,1.25,350,15450
20240216,10:06:58,1.3,50,15450
20240216,10:07:40,1.25,800,15450
20240216,10:07:40,1.25,450,15450
20240216,10:07:42,1.3,250,15450
20240216,10:08:06,1.25,450,15450
20240216,10:09:55,1.25,50,15450
20240216,10:10:09,1.3,700,13850
20240216,10:10:10,1.3,250,13850
20240216,10:10:12,1.3,350,13850
20240216,10:11:11,1.3,350,13850
20240216,10:11:26,1.3,50,13850
20240216,10:11:51,1.3,200,13850
20240216,10:12:46,1.3,300,13850
20240216,10:13:12,1.35,1800,13550
20240216,10:13:13,1.35,1950,13550
20240216,10:15:09,1.35,50,13550
20240216,10:15:44,1.35,50,12600
20240216,10:15:47,1.35,100,12600
20240216,10:17:28,1.35,100,12600
20240216,10:19:44,1.3,250,12600
20240216,10:21:42,1.3,50,12700
20240216,10:23:40,1.35,50,12700
20240216,10:32:12,1.3,150,12700
20240216,10:43:45,1.35,50,12750
20240216,10:43:57,1.35,50,12750
20240216,10:44:52,1.3,200,12750
20240216,10:45:10,1.3,50,12750
20240216,10:45:26,1.3,1000,12750
20240216,10:47:07,1.35,250,12750
20240216,10:50:29,1.3,50,12650
20240216,10:50:30,1.3,50,12650
20240216,10:50:57,1.35,50,12650
20240216,10:50:59,1.4,2800,12650
20240216,10:51:27,1.3,100,12650
20240216,10:53:49,1.35,300,13150
20240216,10:53:50,1.35,100,13150
20240216,10:53:51,1.35,50,13150
20240216,10:55:08,1.3,50,12900
20240216,10:56:37,1.3,50,12900
20240216,11:00:49,1.3,400,12950
20240216,11:00:49,1.3,50,12950
20240216,11:01:16,1.35,300,12950
20240216,11:01:24,1.25,1800,12950
20240216,11:01:39,1.25,250,12950
20240216,11:01:40,1.25,250,12950
20240216,11:01:41,1.25,50,12950
20240216,11:01:43,1.25,200,12950
20240216,11:02:54,1.2,2350,12950
20240216,11:02:54,1.2,50,12950
20240216,11:03:02,1.2,100,12950
20240216,11:04:03,1.25,100,12400
20240216,11:04:28,1.25,200,12400
20240216,11:05:23,1.25,100,12400
20240216,11:06:33,1.25,100,12400
20240216,11:06:34,1.2,1850,12400
20240216,11:06:35,1.2,250,12400
20240216,11:06:38,1.25,50,12400
20240216,11:06:39,1.25,50,12400
20240216,11:06:54,1.2,150,13700
20240216,11:08:10,1.25,50,13700
20240216,11:08:24,1.25,50,13700
20240216,11:08:45,1.25,50,13700
20240216,11:09:46,1.2,50,13500
20240216,11:09:51,1.2,700,13500
20240216,11:11:03,1.2,1300,13500
20240216,11:11:04,1.15,2100,13500
20240216,11:11:05,1.15,100,13500
20240216,11:11:35,1.2,100,13500
20240216,11:13:04,1.15,1150,13500
20240216,11:15:31,1.2,400,15650
20240216,11:15:40,1.2,50,15650
20240216,11:16:23,1.25,50,15650
20240216,11:20:08,1.25,50,16500
20240216,11:22:11,1.25,50,16500
20240216,11:26:19,1.2,250,16500
20240216,11:27:52,1.2,50,16250
20240216,11:31:11,1.25,150,16250
20240216,11:33:21,1.2,200,16250
20240216,11:33:42,1.25,50,16250
20240216,11:33:58,1.25,50,16250
20240216,11:34:50,1.15,1350,16250
20240216,11:35:08,1.25,1500,16250
20240216,11:35:24,1.15,1800,16250
20240216,11:35:27,1.15,4750,16250
20240216,11:35:27,1.15,5400,16250
20240216,11:36:15,1.15,2600,16250
20240216,11:36:16,1.1,1850,16250
20240216,11:37:14,1.2,150,27550
20240216,11:37:25,1.2,300,27550
20240216,11:37:46,1.15,50,27550
20240216,11:38:04,1.2,150,27550
20240216,11:38:24,1.2,450,27550
20240216,11:39:04,1.2,50,27550
20240216,11:39:35,1.15,50,27550
20240216,11:39:44,1.2,300,27550
20240216,11:39:47,1.15,100,27900
20240216,11:40:04,1.2,250,27900
20240216,11:40:40,1.15,50,27900
20240216,11:40:44,1.15,50,27900
20240216,11:40:57,1.2,150,27900
20240216,11:40:59,1.15,50,27900
20240216,11:41:20,1.15,50,27900
20240216,11:43:14,1.15,50,28050
20240216,11:43:25,1.2,100,28050
20240216,11:43:29,1.2,100,28050
20240216,11:43:53,1.2,100,28050
20240216,11:44:14,1.2,100,28050
20240216,11:45:02,1.2,50,28050
20240216,11:45:22,1.2,100,28050
20240216,11:51:27,1.2,2650,28050
20240216,11:51:46,1.2,400,28050
20240216,11:51:49,1.2,100,28050
20240216,11:55:46,1.2,50,28250
20240216,11:55:52,1.2,50,28250
20240216,11:56:23,1.15,50,28250
20240216,11:57:21,1.15,50,28250
20240216,12:02:35,1.2,300,28250
20240216,12:12:00,1.2,750,28250
20240216,12:13:16,1.15,500,28400
20240216,12:20:05,1.15,300,29150
20240216,12:20:44,1.15,1850,29050
20240216,12:20:45,1.15,450,29050
20240216,12:21:10,1.1,50,29050
20240216,12:21:11,1.1,50,29050
20240216,12:21:12,1.1,450,29050
20240216,12:21:13,1.1,250,29050
20240216,12:21:17,1.1,100,29050
20240216,12:22:32,1.1,3550,31300
20240216,12:22:55,1.05,5450,31300
20240216,12:22:56,1.05,3050,31300
20240216,12:22:57,1.1,2500,31300
20240216,12:23:00,1.1,950,31300
20240216,12:23:01,1.1,50,31300
20240216,12:23:34,1.05,100,31300
20240216,12:24:19,1.15,50,31300
20240216,12:25:03,1.05,50,38150
20240216,12:25:36,1.05,100,38150
20240216,12:25:49,1.15,1550,38150
20240216,12:27:50,1.15,300,38150
20240216,12:28:07,1.05,1800,38200
20240216,12:28:11,1.1,50,38200
20240216,12:28:13,1.1,50,38200
20240216,12:28:22,1.1,1700,38200
20240216,12:28:32,1.1,4050,38200
20240216,12:28:42,1.1,1300,38200
20240216,12:28:49,1.1,50,38200
20240216,12:30:12,1.05,2700,38200
20240216,12:30:13,1.1,2350,38200
20240216,12:30:14,1.1,50,38200
20240216,12:30:17,1.1,2000,38200
20240216,12:30:22,1.1,1000,38200
20240216,12:30:23,1.1,350,38200
20240216,12:30:25,1.1,500,38200
20240216,12:30:29,1.1,100,38200
20240216,12:30:47,1.05,250,38200
20240216,12:31:16,1.1,250,38200
20240216,12:31:42,1.05,250,48350
20240216,12:32:48,1.1,750,48350
20240216,12:32:50,1.1,500,48350
20240216,12:33:00,1.1,500,48350
20240216,12:33:01,1.05,100,48350
20240216,12:33:03,1.1,350,48350
20240216,12:33:04,1.1,350,48350
20240216,12:33:08,1.1,350,48350
20240216,12:33:13,1.05,700,48350
20240216,12:33:17,1.05,800,48350
20240216,12:33:51,1.1,150,48350
20240216,12:33:55,1.05,50,48350
20240216,12:34:12,1.05,300,48350
20240216,12:34:30,1.1,100,48350
20240216,12:35:10,1.1,250,48350
20240216,12:36:11,1.1,50,48350
20240216,12:36:22,1.1,550,48350
20240216,12:36:55,1.05,350,48350
20240216,12:38:41,1.1,250,48350
20240216,12:38:48,1.1,250,48350
20240216,12:41:12,1.1,250,48350
20240216,12:42:38,1.1,200,48350
20240216,12:43:09,1.1,1250,48350
20240216,12:43:17,1.1,50,48350
20240216,12:43:48,1.1,750,48350
20240216,12:43:58,1.1,250,48350
20240216,12:44:35,1.1,100,48350
20240216,12:45:48,1.1,50,48350
20240216,12:45:51,1.1,250,48350
20240216,12:46:11,1.1,1000,48350
20240216,12:48:41,1.1,50,48600
20240216,12:49:20,1.1,50,48550
20240216,12:49:57,1.1,500,48550
20240216,12:50:04,1.15,500,48550
20240216,12:52:00,1.1,50,48550
20240216,12:55:48,1.15,250,48550
20240216,12:58:46,1.1,250,48550
20240216,13:00:48,1.15,300,48550
20240216,13:18:47,1.1,50,48550
20240216,13:19:17,1.1,50,48800
20240216,13:21:55,1.1,600,48750
20240216,13:22:15,1.1,200,48800
20240216,13:22:17,1.1,50,48800
20240216,13:22:19,1.1,50,48800
20240216,13:30:09,1.05,1750,48800
20240216,13:30:42,1.05,250,48800
20240216,13:30:52,1.05,100,48800
20240216,13:30:55,1.05,50,48800
20240216,13:31:16,1.05,450,50600
20240216,13:32:07,1.0,1800,50600
20240216,13:32:08,1.0,50,50600
20240216,13:32:14,1.0,250,50600
20240216,13:35:07,0.95,3650,51700
20240216,13:35:08,0.95,2300,51700
20240216,13:35:10,1.05,100,51700
20240216,13:35:29,1.0,350,51700
20240216,13:35:30,1.0,50,51700
20240216,13:35:38,1.0,50,51700
20240216,13:36:02,1.0,50,51700
20240216,13:36:12,1.0,1500,51700
20240216,13:36:12,1.0,50,51700
20240216,13:36:40,1.0,1000,51700
20240216,13:39:04,1.0,50,57250
20240216,13:39:05,1.0,50,57250
20240216,13:39:43,1.0,50,57250
20240216,13:39:49,1.0,3300,57250
20240216,13:40:31,1.05,50,57250
20240216,13:41:15,1.0,50,57250
20240216,13:41:25,1.05,900,57250
20240216,13:41:37,1.05,750,57250
20240216,13:43:52,1.0,50,57450
20240216,13:44:05,1.0,50,57450
20240216,13:45:14,1.05,100,57450
20240216,13:45:38,1.05,250,57450
20240216,13:46:32,1.05,400,57450
20240216,13:47:10,1.05,250,57450
20240216,13:47:12,1.0,1800,57450
20240216,13:47:12,1.0,4900,57450
20240216,13:48:23,1.05,3850,57450
20240216,13:49:06,1.0,1800,57450
20240216,13:49:07,1.0,2350,61650
20240216,13:56:48,1.0,250,65750
20240216,13:57:50,0.95,50,65750
20240216,14:00:05,0.95,1800,65750
20240216,14:02:03,1.0,500,65750
20240216,14:02:06,1.0,50,67550
20240216,14:03:54,1.0,200,67550
20240216,14:05:04,0.95,1450,67550
20240216,14:10:35,1.0,500,69000
20240216,14:12:34,1.0,50,69000
20240216,14:13:50,0.95,50,69000
20240216,14:14:01,1.0,500,68500
20240216,14:14:10,1.0,1700,68500
20240216,14:14:53,0.95,50,68500
20240216,14:15:00,1.0,250,68500
20240216,14:15:32,0.95,100,68500
20240216,14:15:58,1.0,50,68500
20240216,14:16:24,1.0,50,68500
20240216,14:16:25,1.0,100,68300
20240216,14:22:07,1.0,50,68300
20240216,14:29:04,1.0,2050,68300
20240216,14:29:17,1.0,1800,68300
20240216,14:30:19,1.0,50,68300
20240216,14:30:52,1.0,1800,68300
20240216,14:30:53,1.1,10950,68300
20240216,14:30:54,1.1,14950,68300
20240216,14:30:55,1.1,6550,68300
20240216,14:30:56,1.1,350,68300
20240216,14:30:59,1.2,100,68300
20240216,14:31:01,1.1,250,68300
20240216,14:31:10,1.15,1000,68300
20240216,14:31:26,1.1,100,68300
20240216,14:31:28,1.05,150,77350
20240216,14:31:51,1.1,50,77350
20240216,14:32:05,1.05,1400,77350
20240216,14:32:06,1.05,250,77350
20240216,14:32:07,1.05,400,77350
20240216,14:32:19,1.05,1500,77350
20240216,14:32:26,1.05,1550,77350
20240216,14:32:46,1.1,100,77350
20240216,14:33:06,1.05,450,77350
20240216,14:33:12,1.05,450,77350
20240216,14:33:32,1.05,100,77350
20240216,14:33:40,1.05,250,77350
20240216,14:34:39,1.05,50,78750
20240216,14:35:28,1.05,1800,78750
20240216,14:35:35,1.0,750,78750
20240216,14:35:50,1.0,50,78750
20240216,14:35:51,1.1,1800,78750
20240216,14:36:09,1.0,50,78750
20240216,14:36:14,1.1,1800,78750
20240216,14:36:45,1.05,100,78750
20240216,14:36:46,1.1,4550,78750
20240216,14:36:47,1.05,8350,78750
20240216,14:36:48,1.0,9000,78750
20240216,14:36:49,1.0,5750,78750
20240216,14:36:50,1.05,350,78750
20240216,14:37:53,1.05,50,74050
20240216,14:38:19,1.0,50,74050
20240216,14:39:22,1.05,300,74050
20240216,14:41:16,1.05,50,73700
20240216,14:41:34,1.0,9700,73700
20240216,14:41:34,1.0,100,73700
20240216,14:41:39,1.05,250,73700
20240216,14:42:32,1.05,250,73700
20240216,14:42:34,1.0,2150,73700
20240216,14:44:05,1.05,50,71500
20240216,14:44:54,1.0,1250,71500
20240216,14:45:21,1.0,250,71500
20240216,14:45:25,1.0,50,71500
20240216,14:45:36,1.0,500,71500
20240216,14:45:38,1.0,50,71500
20240216,14:45:57,1.0,50,71500
20240216,14:46:00,1.0,50,71500
20240216,14:46:15,1.0,50,71500
20240216,14:46:16,1.0,500,71500
20240216,14:46:31,1.0,50,71500
20240216,14:47:13,1.0,400,71500
20240216,14:48:34,0.95,850,71500
20240216,14:48:41,0.95,100,71500
20240216,14:49:02,1.0,50,71500
20240216,14:49:29,1.0,50,71500
20240216,14:49:36,1.0,50,71500
20240216,14:50:56,0.95,50,71500
20240216,14:50:57,0.95,100,71500
20240216,14:50:57,0.95,50,71500
20240216,14:51:10,0.95,50,71500
20240216,14:52:07,0.9,50,71500
20240216,14:52:13,0.9,250,71550
20240216,14:53:02,0.9,50,71550
20240216,14:54:09,0.95,50,71550
20240216,14:54:11,0.95,50,71550
20240216,14:54:14,0.95,100,71550
20240216,14:56:15,0.9,50,71550
20240216,14:58:08,0.95,100,71550
20240216,14:58:08,0.95,500,71550
20240216,14:58:11,0.95,250,71550
20240216,14:58:21,0.95,100,71550
20240216,15:00:00,0.9,100,71550
20240216,15:00:23,0.95,50,71550
20240216,15:00:26,0.9,50,71550
20240216,15:00:28,0.9,100,71550
20240216,15:00:33,0.95,50,71550
20240216,15:00:47,0.95,50,71550
20240216,15:01:03,0.95,1000,71550
20240216,15:01:12,0.9,50,71550
20240216,15:03:09,0.95,50,71600
20240216,15:05:36,0.95,500,71600
20240216,15:06:59,0.95,100,71600
20240216,15:07:55,0.95,50,71600
20240216,15:09:17,0.95,50,71600
20240216,15:09:29,0.95,50,71600
20240216,15:10:53,0.95,500,71600
20240216,15:11:35,0.9,500,71600
20240216,15:11:41,0.95,550,71600
20240216,15:11:45,0.95,50,71600
20240216,15:12:43,0.9,50,71600
20240216,15:12:48,0.9,50,71600
20240216,15:12:58,0.9,50,71600
20240216,15:14:07,0.95,250,71500
20240216,15:14:32,0.9,50,71500
20240216,15:14:37,0.95,250,71500
20240216,15:14:51,0.9,50,71500
20240216,15:15:02,0.9,250,71500
20240216,15:15:19,0.9,500,71500
20240216,15:15:36,0.9,50,71500
20240216,15:15:52,0.85,900,71500
20240216,15:15:53,0.85,900,71500
20240216,15:15:54,0.85,900,71500
20240216,15:15:55,0.85,900,71500
20240216,15:15:56,0.85,150,71500
20240216,15:15:57,0.85,50,71500
20240216,15:16:07,0.9,500,71500
20240216,15:16:45,0.9,1350,71000
20240216,15:16:47,0.9,550,71000
20240216,15:17:33,0.85,50,71000
20240216,15:17:34,0.9,3600,71000
20240216,15:18:47,0.85,50,71000
20240216,15:19:25,0.85,750,71000
20240216,15:19:42,0.9,100,71050
20240216,15:19:43,0.85,50,71050
20240216,15:20:19,0.9,50,71050
20240216,15:20:37,0.9,4350,71050
20240216,15:22:12,0.9,250,71050
20240216,15:22:54,0.9,1650,71050
20240216,15:23:05,0.9,1250,69750
20240216,15:23:24,0.9,500,69750
20240216,15:23:26,0.9,1900,69750
20240216,15:24:16,0.95,50,69750
20240216,15:24:41,0.85,50,69750
20240216,15:25:07,0.95,750,69750
20240216,15:25:45,0.95,200,67750
20240216,15:26:15,0.85,950,67750
20240216,15:26:19,0.95,250,67750
20240216,15:26:34,0.9,2200,67750
20240216,15:26:35,0.9,50,67750
20240216,15:26:38,0.9,250,67750
20240216,15:26:41,0.9,500,67750
20240216,15:26:47,0.85,1500,67750
20240216,15:26:49,0.95,500,67750
20240216,15:26:59,0.95,1500,67750
20240216,15:27:09,0.9,50,67750
20240216,15:27:10,0.9,100,67750
20240216,15:27:18,0.9,1650,67750
20240216,15:27:31,0.95,500,67750
20240216,15:27:40,0.9,750,67750
20240216,15:27:41,1.0,50,67750
20240216,15:27:46,0.9,900,67750
20240216,15:27:55,0.9,100,67750
20240216,15:27:56,1.0,1500,67750
20240216,15:28:00,0.9,200,67750
20240216,15:28:12,0.9,1000,67750
20240216,15:28:15,1.0,250,67750
20240216,15:28:21,0.95,100,67350
20240216,15:28:22,0.9,100,67350
20240216,15:28:26,0.9,100,67350
20240216,15:28:30,0.9,1150,67350
20240216,15:28:35,0.95,100,67350
20240216,15:28:46,1.0,500,67350
20240216,15:28:49,1.0,450,67350
20240216,15:28:50,0.9,450,67350
20240216,15:28:53,0.9,500,67350
20240216,15:28:54,0.95,100,67350
20240216,15:29:30,0.9,400,67350
20240216,15:29:38,0.95,100,67350
20240216,15:29:46,0.85,800,67350
20240216,15:29:49,0.85,200,67350
20240216,15:29:49,0.9,100,67350
20240216,15:29:50,0.9,100,67350
20240216,15:29:52,0.9,200,67350
20240216,15:29:54,1.0,50,67350
20240216,15:29:57,0.85,200,67350
20240219,09:15:09,0.9,1,67350
20240219,09:15:09,0.95,200,67350
20240219,09:15:17,0.95,100,67350
20240219,09:15:21,0.95,100,67350
20240219,09:15:23,0.9,100,67350
20240219,09:15:32,0.9,150,67350
20240219,09:15:32,0.9,250,67350
20240219,09:15:44,1.0,150,67350
20240219,09:15:54,1.0,50,67350
20240219,09:16:05,0.95,1400,67350
20240219,09:16:21,0.9,50,67350
20240219,09:16:29,0.9,50,67350
20240219,09:16:29,0.9,150,67350
20240219,09:16:33,0.9,50,67350
20240219,09:16:43,0.9,150,67350
20240219,09:16:44,0.85,150,67350
20240219,09:17:05,0.85,100,67350
20240219,09:17:07,0.85,50,67350
20240219,09:17:09,0.85,1350,67350
20240219,09:17:15,0.9,100,67350
20240219,09:17:18,0.9,50,67350
20240219,09:17:30,0.9,50,67350
20240219,09:18:00,0.9,50,67350
20240219,09:18:13,0.9,50,67350
20240219,09:19:19,0.9,50,67350
20240219,09:19:43,0.9,50,68600
20240219,09:21:05,0.85,500,68600
20240219,09:21:19,0.9,350,68600
20240219,09:21:30,0.9,50,68600
20240219,09:21:51,0.85,250,68550
20240219,09:21:55,0.9,800,68550
20240219,09:22:31,0.95,50,68550
20240219,09:22:48,0.95,150,68550
20240219,09:23:14,0.85,300,68550
20240219,09:24:17,0.9,400,68550
20240219,09:24:54,0.9,50,69150
20240219,09:25:27,0.95,2250,69150
20240219,09:25:30,0.9,250,69150
20240219,09:25:46,1.0,50,69150
20240219,09:25:52,1.0,50,69150
20240219,09:25:54,0.95,3300,69150
20240219,09:26:02,0.95,150,69150
20240219,09:26:33,0.95,150,69150
20240219,09:26:35,0.95,2150,69150
20240219,09:26:41,1.0,100,69150
20240219,09:27:13,1.0,50,69150
20240219,09:27:28,1.0,1700,69150
20240219,09:27:38,1.0,250,70950
20240219,09:27:38,0.95,50,70950
20240219,09:27:41,0.95,250,70950
20240219,09:27:49,0.9,100,70950
20240219,09:27:55,0.9,550,70950
20240219,09:27:58,1.0,50,70950
20240219,09:28:04,0.95,350,70950
20240219,09:28:13,0.95,50,70950
20240219,09:28:21,1.0,150,70950
20240219,09:28:26,1.0,400,70950
20240219,09:28:38,0.95,50,70950
20240219,09:28:49,1.0,150,70950
20240219,09:28:52,0.95,350,70950
20240219,09:28:54,1.0,50,70950
20240219,09:28:57,1.0,50,70950
20240219,09:29:08,0.95,1500,70950
20240219,09:29:12,1.05,50,70950
20240219,09:29:13,1.05,50,70950
20240219,09:29:22,1.05,250,70950
20240219,09:29:26,0.95,50,70950
20240219,09:29:27,1.0,100,70950
20240219,09:29:31,1.0,50,70950
20240219,09:29:35,0.95,500,70950
20240219,09:29:36,0.9,3650,70950
20240219,09:29:37,0.9,3600,70950
20240219,09:29:38,1.0,50,70950
20240219,09:29:48,0.95,300,70950
20240219,09:29:51,0.95,50,70950
20240219,09:29:54,0.95,500,70950
20240219,09:29:56,0.95,50,70950
20240219,09:30:00,0.95,250,70950
20240219,09:30:02,0.9,200,70950
20240219,09:30:04,0.95,50,70950
20240219,09:30:06,0.95,1800,70950
20240219,09:30:13,0.9,1000,70950
20240219,09:30:17,0.95,50,70950
20240219,09:30:31,0.95,50,70950
20240219,09:30:39,0.95,50,70950
20240219,09:30:42,0.95,150,78500
20240219,09:30:47,0.95,50,78500
20240219,09:30:48,0.95,100,78500
20240219,09:30:51,0.9,550,78500
20240219,09:30:52,0.85,1800,78500
20240219,09:30:54,0.85,3150,78500
20240219,09:30:55,0.85,1300,78500
20240219,09:30:57,0.85,2450,78500
20240219,09:30:58,0.9,1000,78500
20240219,09:30:59,0.95,500,78500
20240219,09:31:11,0.95,50,78500
20240219,09:31:15,0.95,50,78500
20240219,09:31:52,0.9,50,78500
20240219,09:32:06,0.9,100,78500
20240219,09:32:08,0.9,50,78500
20240219,09:32:10,0.9,50,78500
20240219,09:32:45,0.9,50,78500
20240219,09:32:46,0.85,50,78500
20240219,09:33:05,0.9,50,78500
20240219,09:33:23,0.85,50,78500
20240219,09:33:31,0.85,50,78500
20240219,09:33:42,0.85,1200,78500
20240219,09:33:44,0.8,5400,85050
20240219,09:33:48,0.8,300,85050
20240219,09:33:54,0.85,50,85050
20240219,09:33:55,0.85,50,85050
20240219,09:34:01,0.85,50,85050
20240219,09:34:12,0.85,50,85050
20240219,09:34:24,0.85,1650,85050
20240219,09:34:26,0.85,200,85050
20240219,09:34:29,0.85,100,85050
20240219,09:35:02,0.8,200,85050
20240219,09:35:54,0.8,1850,85050
20240219,09:35:55,0.8,1800,85050
20240219,09:35:59,0.8,50,85050
20240219,09:36:15,0.8,1800,85050
20240219,09:36:22,0.8,150,85050
20240219,09:36:50,0.8,50,95750
20240219,09:37:13,0.85,150,95750
20240219,09:37:19,0.8,50,95750
20240219,09:37:34,0.8,2550,95750
20240219,09:37:36,0.8,1500,95750
20240219,09:37:36,0.75,4500,95750
20240219,09:37:41,0.75,1450,95750
20240219,09:37:42,0.8,100,95750
20240219,09:37:44,0.75,50,95750
20240219,09:37:50,0.75,1800,95750
20240219,09:38:29,0.75,100,95750
20240219,09:38:32,0.8,50,95750
20240219,09:38:32,0.8,100,95750
20240219,09:38:49,0.75,50,95750
20240219,09:38:55,0.8,900,95750
20240219,09:39:00,0.8,100,95750
20240219,09:39:17,0.8,50,95750
20240219,09:39:19,0.75,50,95750
20240219,09:40:34,0.8,50,95750
20240219,09:41:01,0.75,150,99050
20240219,09:41:23,0.75,50,99050
20240219,09:44:06,0.8,1850,99050
20240219,09:44:07,0.75,2500,99050
20240219,09:44:08,0.7,1800,99050
20240219,09:44:19,0.7,1700,99050
20240219,09:44:24,0.75,1150,99050
20240219,09:44:24,0.75,650,99050
20240219,09:44:29,0.7,100,99050
20240219,09:44:30,0.7,50,99050
20240219,09:44:45,0.75,50,99050
20240219,09:45:22,0.7,1800,99050
20240219,09:48:04,0.7,50,99050
20240219,09:49:35,0.7,50,106950
20240219,09:49:54,0.75,250,106950
20240219,09:51:02,0.7,50,106950
20240219,09:52:02,0.7,100,106750
20240219,09:53:30,0.7,50,106750
20240219,09:54:47,0.75,200,106750
20240219,09:56:22,0.75,50,106750
20240219,09:58:15,0.75,50,106750
20240219,09:58:41,0.75,50,106750
20240219,09:59:39,0.7,50,106750
20240219,10:00:15,0.7,100,106750
20240219,10:01:44,0.75,50,106750
20240219,10:03:14,0.7,250,106750
20240219,10:03:31,0.7,50,106750
20240219,10:03:37,0.7,50,106750
20240219,10:04:12,0.7,100,107000
20240219,10:04:19,0.7,250,107000
20240219,10:04:30,0.75,250,107000
20240219,10:04:43,0.75,250,107000
20240219,10:04:48,0.75,4250,107000
20240219,10:04:49,0.75,50,107000
20240219,10:04:53,0.75,1300,107000
20240219,10:04:54,0.75,50,107000
20240219,10:04:55,0.75,50,107000
20240219,10:05:46,0.75,250,107000
20240219,10:08:30,0.75,50,107150
20240219,10:09:24,0.75,250,107150
20240219,10:09:58,0.75,100,107000
20240219,10:11:23,0.75,400,107000
20240219,10:11:53,0.75,50,107000
20240219,10:12:05,0.8,50,107000
20240219,10:16:57,0.8,1200,107000
20240219,10:18:30,0.75,50,107000
20240219,10:20:23,0.8,100,107000
20240219,10:22:44,0.8,50,107200
20240219,10:25:04,0.75,100,107200
20240219,10:25:16,0.8,1800,107200
20240219,10:26:07,0.8,250,107200
20240219,10:26:15,0.8,50,107200
20240219,10:27:08,0.8,200,107200
20240219,10:27:09,0.8,500,107200
20240219,10:28:07,0.8,650,107200
20240219,10:29:40,0.8,400,105400
20240219,10:29:54,0.85,5700,105400
20240219,10:29:55,0.85,6750,105400
20240219,10:30:02,0.9,250,105400
20240219,10:30:10,0.85,2000,105400
20240219,10:30:36,0.8,300,105400
20240219,10:31:01,0.8,1150,105400
20240219,10:31:17,0.85,50,108450
20240219,10:31:40,0.85,50,108450
20240219,10:33:14,0.85,50,108450
20240219,10:33:28,0.8,50,108450
20240219,10:34:22,0.85,50,107650
20240219,10:34:28,0.8,400,107650
20240219,10:35:09,0.8,50,107650
20240219,10:35:10,0.8,100,107650
20240219,10:35:11,0.8,100,107650
20240219,10:36:09,0.8,300,107650
20240219,10:36:18,0.8,250,107650
20240219,10:36:29,0.8,50,107650
20240219,10:36:35,0.85,50,107650
20240219,10:38:14,0.8,50,106450
20240219,10:40:46,0.8,50,106450
20240219,10:40:47,0.8,100,106400
20240219,10:49:34,0.85,50,106400
20240219,10:50:26,0.85,100,106400
20240219,10:51:12,0.8,50,106400
20240219,10:53:39,0.8,1000,106400
20240219,10:53:49,0.8,50,106400
20240219,10:54:30,0.8,250,106400
20240219,10:55:52,0.8,900,106400
20240219,10:56:32,0.8,200,106400
20240219,10:56:47,0.75,100,106400
20240219,10:57:05,0.85,50,106400
20240219,10:57:06,0.85,1800,106400
20240219,10:57:07,0.85,900,106400
20240219,10:58:16,0.8,50,104450
20240219,10:58:21,0.8,100,104450
20240219,10:58:41,0.85,1000,104450
20240219,10:58:50,0.85,50,104450
20240219,10:58:54,0.85,50,104450
20240219,10:59:06,0.9,900,104450
20240219,10:59:32,0.95,50,104450
20240219,10:59:50,0.95,50,104450
20240219,10:59:59,0.95,500,104450
20240219,11:00:06,0.95,500,104450
20240219,11:00:07,0.95,100,104450
20240219,11:00:12,0.9,950,104450
20240219,11:00:35,0.9,50,104450
20240219,11:00:46,0.9,50,104100
20240219,11:01:28,0.9,250,104100
20240219,11:01:36,0.9,3600,104100
20240219,11:01:42,0.9,100,104100
20240219,11:01:43,0.9,50,104100
20240219,11:01:44,0.9,50,104100
20240219,11:01:45,0.9,50,104100
20240219,11:03:00,0.9,50,104100
20240219,11:03:19,0.8,1100,104100
20240219,11:03:54,0.85,50,104100
20240219,11:03:56,0.85,50,103250
20240219,11:04:38,0.8,150,103250
20240219,11:04:48,0.8,50,103250
20240219,11:05:12,0.85,100,103250
20240219,11:05:27,0.8,1850,103250
20240219,11:05:27,0.8,1100,103250
20240219,11:05:33,0.85,50,103250
20240219,11:05:44,0.85,50,103250
20240219,11:05:53,0.85,50,103250
20240219,11:07:18,0.8,250,103250
20240219,11:08:15,0.8,1800,103250
20240219,11:08:16,0.8,3700,103250
20240219,11:08:22,0.8,50,103250
20240219,11:08:23,0.8,50,103250
20240219,11:08:24,0.8,50,103250
20240219,11:08:45,0.8,250,103250
20240219,11:08:59,0.8,50,103250
20240219,11:10:16,0.8,50,106450
20240219,11:10:26,0.8,50,106450
20240219,11:13:30,0.8,50,106450
20240219,11:13:52,0.75,50,106450
20240219,11:14:30,0.8,250,106450
20240219,11:14:44,0.8,7500,106450
20240219,11:15:06,0.85,50,106450
20240219,11:15:20,0.85,250,106450
20240219,11:16:41,0.85,1150,106450
20240219,11:16:42,0.9,2150,108700
20240219,11:16:43,0.9,4850,108700
20240219,11:16:45,0.9,1900,108700
20240219,11:16:47,0.95,1050,108700
20240219,11:16:48,0.95,100,108700
20240219,11:17:14,0.9,1000,108700
20240219,11:17:14,0.95,3450,108700
20240219,11:17:15,0.9,1850,108700
20240219,11:17:41,0.9,50,108700
20240219,11:17:47,0.95,100,108700
20240219,11:18:50,0.95,1800,99650
20240219,11:18:52,1.05,7400,99650
20240219,11:18:53,0.9,850,99650
20240219,11:19:01,1.0,200,99650
20240219,11:19:25,1.05,50,99650
20240219,11:20:20,0.95,100,99650
20240219,11:21:03,1.05,50,99650
20240219,11:21:47,1.05,50,99650
20240219,11:21:48,1.05,50,99650
20240219,11:22:23,1.05,50,99650
20240219,11:22:23,0.95,50,100150
20240219,11:22:28,1.05,50,100150
20240219,11:22:40,0.95,3100,100150
20240219,11:22:55,0.95,250,100150
20240219,11:23:00,0.95,2000,100150
20240219,11:23:54,1.0,50,100150
20240219,11:24:05,0.9,250,100150
20240219,11:24:07,1.0,50,100150
20240219,11:24:29,0.9,1750,100150
20240219,11:24:31,1.0,500,100150
20240219,11:24:34,0.9,1750,100150
20240219,11:24:41,1.0,50,100150
20240219,11:24:47,0.9,550,100150
20240219,11:24:50,0.9,600,97500
20240219,11:25:29,0.95,100,97500
20240219,11:25:35,0.9,500,97500
20240219,11:26:32,0.9,50,97500
20240219,11:26:37,0.95,300,97500
20240219,11:26:59,0.9,250,97500
20240219,11:27:03,0.95,50,97500
20240219,11:27:16,0.95,250,97500
20240219,11:27:21,0.9,50,97500
20240219,11:27:25,0.95,950,97500
20240219,11:27:40,0.95,850,97500
20240219,11:28:54,0.95,150,97500
20240219,11:29:08,0.95,50,97800
20240219,11:29:25,0.95,50,97800
20240219,11:29:56,0.95,100,97800
20240219,11:29:57,0.9,600,97800
20240219,11:31:55,0.95,50,97800
20240219,11:32:07,0.95,100,97700
20240219,11:32:32,0.9,100,97700
20240219,11:33:59,0.95,250,97700
20240219,11:34:03,0.95,550,97700
20240219,11:34:38,0.95,50,97700
20240219,11:35:49,0.95,50,97700
20240219,11:35:52,0.95,50,97700
20240219,11:36:01,0.95,50,97700
20240219,11:36:39,0.9,50,97700
20240219,11:36:53,0.9,1000,97700
20240219,11:37:18,0.9,1200,97650
20240219,11:38:33,0.95,450,97650
20240219,11:38:44,0.95,600,97650
20240219,11:38:50,0.9,100,97650
20240219,11:40:09,0.9,350,97650
20240219,11:41:56,0.9,850,97750
20240219,11:47:26,0.85,1750,97750
20240219,11:47:35,0.9,450,97750
20240219,11:50:03,0.85,50,97100
20240219,11:50:36,0.9,250,97100
20240219,11:50:57,0.9,250,97100
20240219,11:51:07,0.9,250,97100
20240219,11:51:17,0.85,50,97100
20240219,11:51:50,0.9,100,97100
20240219,11:52:47,0.85,50,96900
20240219,11:53:14,0.85,100,96900
20240219,11:54:38,0.9,250,96900
20240219,11:54:54,0.85,50,96900
20240219,11:55:55,0.9,50,96900
20240219,11:57:19,0.9,50,96900
20240219,11:58:26,0.9,1200,96900
20240219,11:58:48,0.9,50,96900
20240219,12:01:56,0.95,50,96900
20240219,12:02:36,0.9,100,97150
20240219,12:02:46,0.9,1000,97150
20240219,12:04:40,0.95,50,97150
20240219,12:05:06,0.85,50,97000
20240219,12:07:33,0.95,250,97000
20240219,12:09:47,0.95,100,97000
20240219,12:11:12,0.95,50,97000
20240219,12:12:06,0.95,50,97000
20240219,12:12:40,0.95,50,97000
20240219,12:13:12,0.95,50,97000
20240219,12:14:19,0.95,100,97000
20240219,12:14:22,0.95,100,97000
20240219,12:15:36,0.95,250,97000
20240219,12:15:40,0.95,50,97000
20240219,12:16:23,0.95,50,97000
20240219,12:16:28,0.95,50,96900
20240219,12:17:14,0.95,50,96900
20240219,12:17:40,0.95,400,96900
20240219,12:17:52,0.95,50,96900
20240219,12:18:03,1.0,2800,96900
20240219,12:18:11,1.0,1700,96900
20240219,12:18:12,1.0,50,96900
20240219,12:18:13,1.0,50,96900
20240219,12:18:14,1.0,50,96900
20240219,12:18:15,1.0,100,96900
20240219,12:18:16,1.0,50,96900
20240219,12:18:24,1.0,50,96900
20240219,12:18:37,1.0,50,96900
20240219,12:18:43,1.0,50,96900
20240219,12:18:49,1.0,50,96900
20240219,12:18:55,1.0,50,96900
20240219,12:19:08,1.0,50,97100
20240219,12:19:49,1.0,50,97100
20240219,12:20:38,1.0,250,97100
20240219,12:20:41,1.05,250,97100
20240219,12:20:51,1.05,250,97100
20240219,12:21:13,1.05,250,97100
20240219,12:21:25,1.05,50,97100
20240219,12:21:48,1.0,300,97100
20240219,12:22:17,1.0,250,97600
20240219,12:23:17,1.05,50,97600
20240219,12:23:34,1.0,250,97600
20240219,12:24:00,1.0,50,97600
20240219,12:24:14,1.05,50,97600
20240219,12:25:34,1.0,250,97550
20240219,12:25:41,1.0,50,97550
20240219,12:25:45,1.0,250,97550
20240219,12:26:05,1.05,250,97550
20240219,12:26:13,1.0,50,97550
20240219,12:27:12,1.0,250,97550
20240219,12:27:43,1.05,50,97550
20240219,12:28:00,1.0,50,97550
20240219,12:28:51,1.05,50,97900
20240219,12:29:03,1.05,50,97900
20240219,12:29:10,1.0,50,97900
20240219,12:30:03,1.0,50,97900
20240219,12:30:21,1.05,50,97900
20240219,12:30:30,1.0,50,97900
20240219,12:32:46,1.05,50,97900
20240219,12:32:50,1.0,50,97900
20240219,12:33:25,1.0,50,97900
20240219,12:33:27,1.0,50,97900
20240219,12:33:55,1.0,1200,97900
20240219,12:35:02,1.0,100,97900
20240219,12:36:01,1.0,1000,97900
20240219,12:36:27,1.05,50,97900
20240219,12:37:33,1.0,50,97900
20240219,12:37:40,1.05,100,97900
20240219,12:38:09,1.05,100,97900
20240219,12:41:16,1.0,100,97900
20240219,12:42:21,1.0,50,97900
20240219,12:43:42,1.0,150,97900
20240219,12:43:50,1.05,100,97900
20240219,12:44:16,1.0,200,97900
20240219,12:49:34,1.05,50,97900
20240219,12:54:12,1.0,400,97900
20240219,12:55:31,1.05,50,97900
20240219,12:56:06,1.0,50,97900
20240219,12:56:07,1.05,50,97900
20240219,12:56:45,1.05,50,97900
20240219,12:57:17,1.0,250,97900
20240219,12:58:03,1.05,50,97900
20240219,12:58:49,1.0,600,97900
20240219,12:59:04,1.05,50,97900
20240219,12:59:13,1.0,950,97900
20240219,12:59:21,1.0,50,97900
20240219,12:59:32,1.0,50,97900
20240219,12:59:49,1.0,50,97900
20240219,13:01:09,1.0,400,97900
20240219,13:01:16,1.0,50,98050
20240219,13:01:23,0.95,50,98050
20240219,13:03:02,1.0,250,98050
20240219,13:03:02,1.0,50,98050
20240219,13:05:08,0.95,150,98050
20240219,13:05:18,0.95,50,98050
20240219,13:05:45,1.0,1000,98050
20240219,13:05:51,1.0,50,98050
20240219,13:07:15,1.0,500,98000
20240219,13:08:04,0.95,1000,98000
20240219,13:08:29,0.95,2050,98000
20240219,13:09:31,1.0,50,98000
20240219,13:09:39,1.0,100,98000
20240219,13:10:38,1.0,50,97550
20240219,13:11:29,1.0,250,97550
20240219,13:11:32,0.95,1250,97550
20240219,13:11:50,1.0,250,97550
20240219,13:12:25,0.95,50,97550
20240219,13:13:47,1.0,1800,97900
20240219,13:14:08,1.0,2150,97900
20240219,13:14:09,1.05,5300,97900
20240219,13:14:23,1.0,50,97900
20240219,13:15:35,1.05,50,97900
20240219,13:15:50,1.0,150,97900
20240219,13:19:24,1.0,1050,97900
20240219,13:19:57,1.05,50,99200
20240219,13:23:09,1.05,50,99200
20240219,13:23:31,1.0,250,98850
20240219,13:23:42,1.0,250,98850
20240219,13:24:36,1.05,200,98850
20240219,13:27:34,1.05,500,98850
20240219,13:28:26,1.0,2500,99050
20240219,13:28:37,1.0,50,99050
20240219,13:29:10,1.0,1500,99050
20240219,13:29:11,1.05,1550,99050
20240219,13:29:40,1.05,250,99050
20240219,13:29:52,1.05,50,99050
20240219,13:30:07,1.0,1000,99050
20240219,13:30:42,1.0,250,99050
20240219,13:30:51,1.05,50,99050
20240219,13:31:07,1.0,1500,99050
20240219,13:31:50,1.05,50,103450
20240219,13:32:15,1.0,3700,103450
20240219,13:32:16,1.0,250,103450
20240219,13:32:17,1.0,100,103450
20240219,13:32:18,1.0,50,103450
20240219,13:32:19,1.0,100,103450
20240219,13:33:02,0.95,50,103450
20240219,13:33:03,0.95,3100,103450
20240219,13:33:29,0.95,400,103450
20240219,13:33:36,1.0,50,103450
20240219,13:34:04,0.95,1450,103450
20240219,13:34:05,0.9,200,103450
20240219,13:34:08,0.9,100,103450
20240219,13:34:09,0.9,50,110200
20240219,13:34:10,0.9,100,110200
20240219,13:34:21,0.9,50,110200
20240219,13:34:50,0.95,700,110200
20240219,13:34:59,0.95,50,110200
20240219,13:35:01,0.95,50,110200
20240219,13:35:22,0.9,100,110200
20240219,13:35:31,0.9,500,110200
20240219,13:35:50,0.9,700,110200
20240219,13:37:47,0.95,50,110200
20240219,13:38:55,0.9,350,110150
20240219,13:38:59,0.9,250,110150
20240219,13:39:00,0.9,250,110150
20240219,13:39:05,0.9,100,110150
20240219,13:39:10,0.95,150,110150
20240219,13:39:35,0.95,300,110150
20240219,13:39:51,0.9,3350,110150
20240219,13:39:52,0.85,150,110150
20240219,13:39:59,0.9,1050,110150
20240219,13:40:33,0.85,350,110150
20240219,13:40:37,0.85,50,113150
20240219,13:41:31,0.9,2250,113150
20240219,13:41:36,0.85,1550,113150
20240219,13:41:43,0.95,100,113150
20240219,13:41:50,0.9,350,113150
20240219,13:42:00,0.9,2750,113150
20240219,13:42:25,0.9,600,113150
20240219,13:42:39,0.85,100,113150
20240219,13:42:48,0.9,2600,113150
20240219,13:43:10,0.9,500,116150
20240219,13:43:12,0.85,1500,116150
20240219,13:43:13,0.8,100,116150
20240219,13:43:16,0.85,50,116150
20240219,13:43:20,0.85,50,116150
20240219,13:45:06,0.85,500,116150
20240219,13:45:09,0.85,250,116150
20240219,13:45:43,0.85,400,116150
20240219,13:45:44,0.85,50,116150
20240219,13:46:03,0.85,100,116150
20240219,13:46:12,0.85,50,116150
20240219,13:46:49,0.85,1000,116150
20240219,13:47:01,0.85,50,116150
20240219,13:47:36,0.8,300,116150
20240219,13:48:06,0.85,1100,116150
20240219,13:48:33,0.8,350,116150
20240219,13:48:36,0.8,150,116150
20240219,13:48:51,0.85,350,116150
20240219,13:49:29,0.8,150,116150
20240219,13:50:03,0.8,400,116150
20240219,13:50:42,0.85,50,116150
20240219,13:51:10,0.85,1500,116150
20240219,13:51:46,0.85,300,116150
20240219,13:52:31,0.8,250,116150
20240219,13:52:42,0.8,1800,116200
20240219,13:52:43,0.8,2050,116200
20240219,13:52:44,0.8,100,116200
20240219,13:52:47,0.8,50,116200
20240219,13:52:51,0.8,50,116200
20240219,13:52:53,0.8,2300,116200
20240219,13:53:00,0.8,250,116200
20240219,13:53:03,0.75,50,116200
20240219,13:53:05,0.8,50,116200
20240219,13:53:13,0.75,150,116200
20240219,13:53:18,0.8,1000,116200
20240219,13:53:19,0.8,1800,116200
20240219,13:53:23,0.8,1800,116200
20240219,13:53:31,0.8,450,116200
20240219,13:53:36,0.85,200,116200
20240219,13:57:12,0.8,50,122150
20240219,13:57:58,0.85,1950,122150
20240219,14:00:13,0.9,2000,122000
20240219,14:01:07,0.95,3050,122000
20240219,14:01:09,0.95,100,122000
20240219,14:02:07,1.0,100,122500
20240219,14:02:29,0.9,50,122500
20240219,14:02:37,1.0,50,122500
20240219,14:02:38,1.05,200,122500
20240219,14:02:41,1.0,200,122500
20240219,14:03:07,1.0,1050,122500
20240219,14:03:20,1.05,50,122500
20240219,14:03:26,0.95,2100,122500
20240219,14:04:06,0.95,250,122500
20240219,14:04:07,1.0,1150,122500
20240219,14:04:48,0.95,50,122500
20240219,14:04:58,0.95,50,122500
20240219,14:05:07,1.0,950,122500
20240219,14:05:32,1.05,50,122500
20240219,14:06:15,0.95,500,122500
20240219,14:06:20,1.0,450,122500
20240219,14:06:21,1.0,150,122500
20240219,14:06:45,0.95,50,122500
20240219,14:06:47,0.95,50,122500
20240219,14:07:07,1.05,650,122500
20240219,14:07:08,1.05,200,122500
20240219,14:07:22,1.0,1500,122600
20240219,14:07:23,1.0,100,122600
20240219,14:07:37,1.05,450,122600
20240219,14:07:37,1.05,200,122600
20240219,14:07:57,1.05,800,122600
20240219,14:07:57,1.05,300,122600
20240219,14:08:07,1.05,250,122600
20240219,14:08:11,1.05,100,122600
20240219,14:08:21,1.05,150,122600
20240219,14:08:32,1.05,400,122600
20240219,14:08:37,1.05,1300,122600
20240219,14:08:38,1.05,50,122600
20240219,14:08:51,1.05,250,122600
20240219,14:08:52,1.05,150,122600
20240219,14:09:07,1.05,1350,122600
20240219,14:09:19,1.05,250,122600
20240219,14:09:29,1.05,250,122600
20240219,14:09:37,1.05,550,122600
20240219,14:10:10,1.0,50,122600
20240219,14:10:32,1.0,50,122600
20240219,14:10:42,1.05,400,123150
20240219,14:10:42,1.05,850,123150
20240219,14:10:46,1.05,350,123150
20240219,14:11:39,1.05,100,123150
20240219,14:11:59,1.1,50,123150
20240219,14:12:39,1.1,350,123150
20240219,14:13:09,1.05,250,123150
20240219,14:13:15,1.05,250,122100
20240219,14:13:25,1.1,100,122100
20240219,14:13:38,1.05,250,122100
20240219,14:13:50,1.1,500,122100
20240219,14:14:07,1.15,900,122100
20240219,14:14:43,1.1,250,122100
20240219,14:15:07,1.1,500,122100
20240219,14:15:08,1.1,250,122100
20240219,14:15:25,1.1,200,122100
20240219,14:15:29,1.1,100,122100
20240219,14:15:37,1.15,750,122100
20240219,14:16:11,1.1,850,122100
20240219,14:16:12,1.1,100,122100
20240219,14:16:13,1.15,50,122100
20240219,14:16:50,1.1,850,122100
20240219,14:16:52,1.15,150,123550
20240219,14:16:54,1.05,200,123550
20240219,14:16:58,1.15,250,123550
20240219,14:17:37,1.15,150,123550
20240219,14:17:51,1.15,250,123550
20240219,14:19:21,1.15,150,123600
20240219,14:19:23,1.1,1500,123600
20240219,14:19:25,1.1,50,123600
20240219,14:19:32,1.15,250,123600
20240219,14:19:44,1.15,50,123600
20240219,14:20:37,1.15,250,123600
20240219,14:20:44,1.1,50,123600
20240219,14:21:07,1.15,100,123600
20240219,14:22:00,1.1,2000,123600
20240219,14:22:03,1.1,500,123600
20240219,14:22:16,1.1,50,123600
20240219,14:22:28,1.1,500,122500
20240219,14:22:37,1.1,500,122500
20240219,14:23:03,1.15,250,122500
20240219,14:23:20,1.15,50,122500
20240219,14:24:38,1.15,250,122500
20240219,14:24:56,1.15,50,122500
20240219,14:24:59,1.15,50,122500
20240219,14:25:04,1.15,50,122500
20240219,14:25:11,1.15,50,122500
20240219,14:25:17,1.15,500,122500
20240219,14:25:20,1.15,1200,122500
20240219,14:25:28,1.2,1150,122500
20240219,14:26:00,1.15,100,122500
20240219,14:26:04,1.15,350,122500
20240219,14:26:15,1.15,100,122500
20240219,14:26:24,1.15,250,122500
20240219,14:26:34,1.15,100,122500
20240219,14:27:07,1.15,500,122500
20240219,14:27:13,1.15,250,122500
20240219,14:27:36,1.15,100,122500
20240219,14:27:41,1.2,1800,122500
20240219,14:28:21,1.15,900,122500
20240219,14:28:21,1.15,900,123400
20240219,14:28:22,1.15,50,123400
20240219,14:28:28,1.2,250,123400
20240219,14:28:39,1.15,1800,123400
20240219,14:28:42,1.15,1200,123400
20240219,14:28:49,1.15,200,123400
20240219,14:28:57,1.2,100,123400
20240219,14:29:36,1.15,50,123400
20240219,14:30:05,1.15,350,123400
20240219,14:30:50,1.15,1150,123400
20240219,14:30:51,1.15,200,123400
20240219,14:30:52,1.15,50,123400
20240219,14:30:56,1.15,50,123400
20240219,14:31:01,1.15,900,123400
20240219,14:31:35,1.15,100,123150
20240219,14:32:18,1.2,450,123150
20240219,14:32:28,1.15,150,123150
20240219,14:33:10,1.2,150,123150
20240219,14:33:24,1.2,300,123150
20240219,14:33:34,1.2,1500,123150
20240219,14:33:42,1.2,1750,123150
20240219,14:33:42,1.2,50,123150
20240219,14:33:43,1.2,50,123150
20240219,14:35:04,1.2,250,123300
20240219,14:35:08,1.2,50,123300
20240219,14:35:09,1.2,50,123300
20240219,14:36:07,1.2,250,123300
20240219,14:36:08,1.15,1100,123300
20240219,14:36:13,1.2,1500,123300
20240219,14:36:17,1.15,1000,123300
20240219,14:36:18,1.2,600,123300
20240219,14:36:22,1.15,100,123300
20240219,14:37:01,1.2,250,123300
20240219,14:37:21,1.15,50,123150
20240219,14:37:22,1.15,50,123150
20240219,14:37:23,1.15,250,123150
20240219,14:38:04,1.15,50,123150
20240219,14:38:05,1.15,50,123150
20240219,14:39:08,1.15,1500,123150
20240219,14:39:09,1.15,2350,123150
20240219,14:39:10,1.15,50,123150
20240219,14:39:22,1.15,50,123150
20240219,14:39:58,1.15,50,123150
20240219,14:41:47,1.1,3150,123400
20240219,14:41:47,1.05,1000,123400
20240219,14:41:51,1.05,2500,123400
20240219,14:42:22,1.1,500,123400
20240219,14:43:03,1.15,50,123400
20240219,14:44:26,1.15,50,123400
20240219,14:44:49,1.05,500,123400
20240219,14:44:58,1.15,50,123400
20240219,14:46:37,1.05,1750,123400
20240219,14:47:14,1.0,50,123400
20240219,14:47:22,1.05,100,123400
20240219,14:47:28,1.0,1800,123400
20240219,14:47:37,1.0,50,123400
20240219,14:47:42,1.0,50,123400
20240219,14:47:58,1.0,50,123400
20240219,14:48:09,1.05,250,123400
20240219,14:48:29,1.0,50,123400
20240219,14:48:48,1.0,150,123400
20240219,14:48:54,1.05,200,123400
20240219,14:49:01,1.05,100,123400
20240219,14:49:10,1.0,600,123400
20240219,14:49:11,1.05,100,123400
20240219,14:49:25,1.05,600,122900
20240219,14:49:33,1.05,1650,122900
20240219,14:49:35,1.05,50,122900
20240219,14:49:55,1.05,300,122900
20240219,14:49:56,1.05,100,122900
20240219,14:49:57,1.05,50,122900
20240219,14:50:20,1.05,950,122900
20240219,14:50:22,1.05,250,122900
20240219,14:50:46,1.05,150,122900
20240219,14:50:55,1.0,50,122900
20240219,14:51:04,1.05,300,122900
20240219,14:51:05,1.05,150,122900
20240219,14:51:31,1.05,600,122900
20240219,14:51:32,1.05,1100,122900
20240219,14:52:01,1.0,50,122900
20240219,14:52:25,1.05,1000,122900
20240219,14:52:26,1.1,1950,122900
20240219,14:52:53,1.05,450,122900
20240219,14:53:15,1.05,800,122900
20240219,14:54:11,1.05,500,122900
20240219,14:54:16,1.05,50,122900
20240219,14:54:37,1.05,50,122900
20240219,14:55:02,1.05,50,122900
20240219,14:56:04,1.05,400,124200
20240219,14:56:07,1.05,250,124200
20240219,14:56:55,1.05,300,124200
20240219,14:57:11,1.05,250,124200
20240219,14:57:21,1.05,250,124200
20240219,14:57:26,1.05,1500,124200
20240219,14:57:52,1.05,500,124200
20240219,14:58:07,1.1,100,124200
20240219,14:58:12,1.0,500,124200
20240219,14:58:48,1.0,1150,124200
20240219,14:59:44,1.05,250,125650
20240219,14:59:52,1.05,250,125650
20240219,15:00:55,1.05,50,125650
20240219,15:01:19,1.0,2450,125650
20240219,15:01:27,1.05,250,127050
20240219,15:01:49,1.0,50,127050
20240219,15:02:13,1.05,500,127050
20240219,15:02:16,1.05,1800,127050
20240219,15:02:17,1.05,150,127050
20240219,15:02:29,1.1,3200,127050
20240219,15:02:31,1.1,50,127050
20240219,15:02:32,1.1,50,127050
20240219,15:02:34,1.1,50,127050
20240219,15:02:46,1.1,500,127050
20240219,15:02:47,1.05,1200,127050
20240219,15:02:52,1.05,200,127050
20240219,15:02:56,1.05,100,127050
20240219,15:02:57,1.05,50,127050
20240219,15:03:51,1.05,200,127050
20240219,15:03:58,1.05,250,127050
20240219,15:04:14,1.0,500,127050
20240219,15:04:17,1.0,1000,127050
20240219,15:05:22,1.05,100,125900
20240219,15:06:01,1.0,50,125900
20240219,15:06:07,1.05,50,125900
20240219,15:06:18,1.0,1950,125900
20240219,15:06:30,1.05,50,125900
20240219,15:06:35,1.0,50,125900
20240219,15:06:39,1.0,250,125900
20240219,15:07:18,0.95,100,125900
20240219,15:07:22,0.9,100,127950
20240219,15:07:22,0.95,1450,127950
20240219,15:07:43,1.0,250,127950
20240219,15:07:43,1.0,50,127950
20240219,15:08:05,1.05,500,127950
20240219,15:08:10,1.0,200,127950
20240219,15:08:34,1.0,250,127950
20240219,15:08:37,1.0,250,127950
20240219,15:08:44,1.0,50,127950
20240219,15:08:46,1.0,250,127950
20240219,15:08:55,1.0,1550,127950
20240219,15:10:23,0.95,250,127950
20240219,15:10:36,1.0,150,129700
20240219,15:10:58,1.0,150,129700
20240219,15:11:13,1.0,750,129700
20240219,15:11:39,0.95,350,129700
20240219,15:11:40,0.85,5900,129700
20240219,15:11:41,0.9,50,129700
20240219,15:11:44,0.95,2250,129700
20240219,15:11:45,0.9,1100,129700
20240219,15:11:46,0.9,50,129700
20240219,15:11:51,0.95,300,129700
20240219,15:11:53,0.95,3000,129700
20240219,15:12:24,0.95,1800,129700
20240219,15:12:26,0.95,750,129700
20240219,15:12:29,0.95,550,129700
20240219,15:13:13,0.95,500,129700
20240219,15:13:24,0.95,250,129700
20240219,15:13:25,0.95,750,131200
20240219,15:13:29,0.95,150,131200
20240219,15:13:49,0.95,1600,131200
20240219,15:14:05,0.95,250,131200
20240219,15:14:39,1.0,1800,131200
20240219,15:15:09,0.95,2700,131200
20240219,15:15:27,0.95,250,131200
20240219,15:15:43,1.0,500,131200
20240219,15:16:00,1.0,450,131200
20240219,15:16:13,1.0,250,131200
20240219,15:16:44,1.0,850,131200
20240219,15:17:49,1.0,100,131700
20240219,15:17:57,1.0,700,131700
20240219,15:18:01,1.0,100,131700
20240219,15:18:24,1.0,100,131700
20240219,15:18:25,1.0,150,131700
20240219,15:18:40,1.0,50,131700
20240219,15:19:05,1.0,250,131700
20240219,15:19:14,1.0,250,131700
20240219,15:19:48,1.05,1600,132650
20240219,15:19:50,1.0,250,132650
20240219,15:19:55,1.0,300,132650
20240219,15:20:03,1.05,50,132650
20240219,15:20:33,1.0,250,132650
20240219,15:20:57,1.0,250,132650
20240219,15:20:57,1.0,900,132650
20240219,15:20:59,1.0,1800,132650
20240219,15:21:07,0.95,900,132650
20240219,15:21:07,0.95,150,132650
20240219,15:21:09,1.0,3350,132650
20240219,15:21:33,1.0,50,132650
20240219,15:22:03,0.95,1600,132650
20240219,15:22:16,0.95,100,132650
20240219,15:22:21,1.0,4200,132650
20240219,15:22:35,0.95,50,133450
20240219,15:23:23,0.95,50,133450
20240219,15:23:27,0.95,950,133450
20240219,15:23:28,0.95,900,133450
20240219,15:23:30,0.95,550,133450
20240219,15:23:31,1.0,1000,133450
20240219,15:23:51,0.95,250,133450
20240219,15:24:08,0.95,250,133450
20240219,15:24:23,0.95,1400,133450
20240219,15:24:28,0.9,250,133450
20240219,15:24:29,0.9,100,133450
20240219,15:24:57,0.9,200,133450
20240219,15:25:02,1.0,1050,133450
20240219,15:25:05,0.95,200,133450
20240219,15:25:13,0.95,1850,133450
20240219,15:25:15,0.95,200,133450
20240219,15:25:37,0.95,450,133450
20240219,15:25:43,0.9,50,133250
20240219,15:25:44,1.0,900,133250
20240219,15:25:46,0.9,50,133250
20240219,15:25:50,0.9,100,133250
20240219,15:25:56,1.0,200,133250
20240219,15:26:00,0.9,250,133250
20240219,15:26:03,1.0,500,133250
20240219,15:26:03,0.9,250,133250
20240219,15:26:12,0.9,50,133250
20240219,15:26:22,0.95,1000,133250
20240219,15:26:35,0.9,50,133250
20240219,15:26:37,0.9,50,133250
20240219,15:26:42,0.9,500,133250
20240219,15:26:46,0.95,250,133250
20240219,15:26:51,0.9,800,133250
20240219,15:27:13,0.9,150,133250
20240219,15:27:13,0.9,50,133250
20240219,15:27:15,0.8,2850,133250
20240219,15:27:16,0.9,600,133250
20240219,15:27:27,0.9,100,133250
20240219,15:27:29,0.9,250,133250
20240219,15:27:31,0.9,700,133250
20240219,15:27:45,0.9,100,133250
20240219,15:27:50,0.9,1000,133250
20240219,15:28:01,0.95,100,133250
20240219,15:28:17,0.9,100,133250
20240219,15:28:21,0.9,150,133250
20240219,15:28:22,0.85,250,133250
20240219,15:28:25,0.85,250,133250
20240219,15:28:31,0.85,200,133250
20240219,15:28:34,0.85,150,132400
20240219,15:28:35,0.85,200,132400
20240219,15:28:37,0.8,2250,132400
20240219,15:29:13,0.85,1750,132400
20240219,15:29:13,0.85,500,132400
20240219,15:29:14,0.85,3100,132400
20240219,15:29:15,0.8,900,132400
20240219,15:29:16,0.9,50,132400
20240219,15:29:17,0.8,300,132400
20240219,15:29:19,0.8,600,132400
20240219,15:29:50,0.85,800,132400
20240219,15:30:00,0.8,250,132400
20240220,09:15:00,1.0,1,132400
20240220,09:15:00,1.0,50,132400
20240220,09:15:01,0.8,100,133750
20240220,09:15:01,0.85,400,133750
20240220,09:15:02,0.85,550,133750
20240220,09:15:03,0.85,750,133750
20240220,09:15:05,0.95,400,133750
20240220,09:15:06,1.0,1150,133750
20240220,09:15:06,1.0,650,133750
20240220,09:15:07,1.0,100,133750
20240220,09:15:09,1.0,100,133750
20240220,09:15:12,0.95,500,133750
20240220,09:15:13,0.95,850,133750
20240220,09:15:13,0.95,150,133750
20240220,09:15:27,0.95,100,133750
20240220,09:15:30,0.85,250,133750
20240220,09:15:37,0.9,1450,133750
20240220,09:15:47,0.85,100,136650
20240220,09:15:55,0.95,50,136650
20240220,09:15:59,0.85,550,136650
20240220,09:16:08,0.9,350,136650
20240220,09:16:10,0.95,550,136650
20240220,09:16:17,0.8,50,136650
20240220,09:16:26,0.9,50,136650
20240220,09:16:57,0.9,50,136650
20240220,09:17:03,0.85,100,136650
20240220,09:17:32,0.85,1600,136650
20240220,09:17:50,0.9,1600,136650
20240220,09:18:02,0.9,50,136650
20240220,09:18:08,0.85,400,136650
20240220,09:18:14,0.9,1000,136650
20240220,09:18:19,0.85,150,136650
20240220,09:18:28,0.85,400,136650
20240220,09:18:28,0.85,650,136650
20240220,09:19:00,0.8,1800,137350
20240220,09:19:08,0.85,100,137350
20240220,09:19:39,0.85,1200,137350
20240220,09:21:52,0.9,50,137350
20240220,09:22:01,0.8,50,140150
20240220,09:22:51,0.8,150,140150
20240220,09:23:15,0.8,50,140150
20240220,09:23:32,0.8,50,140150
20240220,09:23:34,0.8,450,140150
20240220,09:23:35,0.9,200,140150
20240220,09:24:49,0.8,50,140150
20240220,09:24:50,0.8,250,139800
20240220,09:24:51,0.8,1350,139800
20240220,09:26:35,0.8,1800,139800
20240220,09:26:38,0.8,250,139800
20240220,09:29:09,0.8,100,139800
20240220,09:29:13,0.85,50,141050
20240220,09:29:15,0.85,50,141050
20240220,09:29:46,0.8,1000,141050
20240220,09:30:03,0.8,50,141050
20240220,09:30:35,0.85,500,141050
20240220,09:31:16,0.8,950,141500
20240220,09:31:50,0.9,700,141500
20240220,09:32:35,0.8,50,141500
20240220,09:32:49,0.8,100,141500
20240220,09:32:50,0.8,100,141500
20240220,09:33:29,0.85,50,141500
20240220,09:34:22,0.8,50,141500
20240220,09:34:53,0.8,50,142700
20240220,09:34:55,0.8,50,142700
20240220,09:35:11,0.8,50,142700
20240220,09:35:12,0.8,50,142700
20240220,09:35:15,0.8,150,142700
20240220,09:35:23,0.8,100,142700
20240220,09:37:01,0.85,250,142700
20240220,09:37:35,0.8,250,142800
20240220,09:37:51,0.8,400,142800
20240220,09:39:23,0.8,150,142800
20240220,09:40:11,0.8,750,142800
20240220,09:41:45,0.8,50,142550
20240220,09:42:34,0.85,2000,142550
20240220,09:42:35,0.75,650,142550
20240220,09:42:59,0.75,1600,141750
20240220,09:43:06,0.75,1250,141750
20240220,09:43:16,0.75,350,141750
20240220,09:43:21,0.8,50,141750
20240220,09:43:25,0.8,50,141750
20240220,09:43:36,0.8,350,141750
20240220,09:43:38,0.8,750,141750
20240220,09:43:50,0.8,50,141750
20240220,09:44:03,0.75,2550,141750
20240220,09:44:04,0.8,450,141750
20240220,09:44:08,0.8,450,141750
20240220,09:45:09,0.75,1100,141750
20240220,09:46:16,0.75,100,141750
20240220,09:47:57,0.8,500,141100
20240220,09:47:58,0.75,50,141100
20240220,09:48:12,0.8,450,141100
20240220,09:48:17,0.75,2050,141100
20240220,09:48:19,0.8,250,141100
20240220,09:48:22,0.8,50,141100
20240220,09:48:45,0.8,50,141100
20240220,09:48:59,0.8,250,141100
20240220,09:49:06,0.75,1800,143000
20240220,09:49:40,0.75,250,143000
20240220,09:49:45,0.75,250,143000
20240220,09:49:49,0.75,250,143000
20240220,09:50:14,0.7,200,143000
20240220,09:50:15,0.7,150,143000
20240220,09:50:18,0.75,250,143000
20240220,09:50:24,0.75,250,143000
20240220,09:50:28,0.75,50,143000
20240220,09:52:11,0.75,350,143000
20240220,09:52:15,0.75,50,144150
20240220,09:53:42,0.75,50,144150
20240220,09:54:08,0.75,300,144150
20240220,09:55:09,0.8,100,144150
20240220,09:55:10,0.8,800,144700
20240220,09:55:11,0.8,150,144700
20240220,09:55:17,0.75,200,144700
20240220,09:55:24,0.75,250,144700
20240220,09:55:27,0.8,50,144700
20240220,09:55:38,0.75,100,144700
20240220,09:56:05,0.75,250,144700
20240220,10:00:32,0.7,50,144700
20240220,10:03:55,0.7,100,145750
20240220,10:06:59,0.7,100,145750
20240220,10:11:50,0.7,1600,145750
20240220,10:12:04,0.7,1600,145750
20240220,10:12:10,0.7,1750,145750
20240220,10:14:49,0.7,100,144050
20240220,10:14:56,0.7,400,144050
20240220,10:15:34,0.7,100,144050
20240220,10:16:11,0.75,900,144050
20240220,10:16:13,0.75,900,144250
20240220,10:16:15,0.75,200,144250
20240220,10:16:35,0.75,250,144250
20240220,10:17:18,0.7,100,144250
20240220,10:17:19,0.7,350,144250
20240220,10:17:26,0.75,1350,144250
20240220,10:17:29,0.8,350,144250
20240220,10:17:30,0.7,50,144250
20240220,10:17:44,0.8,550,144250
20240220,10:17:49,0.8,150,144250
20240220,10:20:07,0.8,1100,144250
20240220,10:20:14,0.85,50,143500
20240220,10:21:05,0.75,900,143500
20240220,10:22:19,0.85,1350,143500
20240220,10:22:19,0.85,1800,143650
20240220,10:24:06,0.8,50,143650
20240220,10:25:06,0.85,2200,143650
20240220,10:25:08,0.85,750,141200
20240220,10:27:26,0.85,550,141200
20240220,10:27:28,0.85,100,141200
20240220,10:27:42,0.85,50,141200
20240220,10:27:46,0.85,650,141200
20240220,10:27:48,0.8,50,141200
20240220,10:28:09,0.8,800,141200
20240220,10:28:18,0.85,50,139100
20240220,10:28:41,0.85,50,139100
20240220,10:29:05,0.85,250,139100
20240220,10:29:23,0.85,1350,139100
20240220,10:29:24,0.85,800,139100
20240220,10:30:02,0.9,1800,139100
20240220,10:30:08,0.8,700,139100
20240220,10:30:30,0.9,150,139100
20240220,10:31:08,0.85,250,139100
20240220,10:31:21,0.85,250,136650
20240220,10:31:41,0.9,50,136650
20240220,10:32:21,0.9,700,136650
20240220,10:32:48,0.85,250,136650
20240220,10:32:58,0.85,1150,136650
20240220,10:34:32,0.85,50,136800
20240220,10:37:12,0.8,300,136800
20240220,10:37:42,0.8,250,136800
20240220,10:37:46,0.8,50,136800
20240220,10:37:53,0.8,50,136800
20240220,10:39:06,0.8,650,136800
20240220,10:39:12,0.8,50,136800
20240220,10:39:12,0.75,50,136800
20240220,10:39:38,0.8,650,136800
20240220,10:40:48,0.75,50,135400
20240220,10:40:54,0.8,300,135400
20240220,10:40:55,0.8,50,135400
20240220,10:40:56,0.8,100,135400
20240220,10:42:14,0.8,50,135400
20240220,10:46:06,0.8,550,135400
20240220,10:46:13,0.85,500,134900
20240220,10:46:13,0.85,50,134900
20240220,10:48:05,0.85,2250,134900
20240220,10:50:52,0.75,400,134900
20240220,10:50:57,0.85,50,133700
20240220,10:54:06,0.75,50,133750
20240220,10:57:29,0.85,50,133750
20240220,10:57:37,0.8,50,133750
20240220,10:59:55,0.8,250,133750
20240220,11:00:07,0.8,50,133750
20240220,11:00:20,0.8,50,133750
20240220,11:00:36,0.8,50,133750
20240220,11:01:07,0.8,100,133750
20240220,11:02:51,0.8,50,134150
20240220,11:03:12,0.8,50,134150
20240220,11:03:56,0.8,50,134150
20240220,11:04:24,0.8,250,134150
20240220,11:08:54,0.8,50,134200
20240220,11:08:59,0.8,50,134450
20240220,11:09:03,0.8,50,134450
20240220,11:09:36,0.8,50,134450
20240220,11:09:43,0.75,100,134450
20240220,11:09:59,0.75,100,134450
20240220,11:11:25,0.8,200,134100
20240220,11:11:40,0.8,100,134100
20240220,11:14:04,0.8,50,134100
20240220,11:14:18,0.75,400,134100
20240220,11:14:24,0.75,50,134100
20240220,11:14:33,0.8,50,134100
20240220,11:18:41,0.8,50,134100
20240220,11:18:42,0.75,50,133950
20240220,11:18:59,0.8,100,133950
20240220,11:19:19,0.8,50,133950
20240220,11:20:00,0.8,250,133800
20240220,11:25:24,0.85,100,133800
20240220,11:26:56,0.85,150,133550
20240220,11:27:37,0.85,50,133550
20240220,11:31:05,0.85,50,133800
20240220,11:32:04,0.85,1250,133800
20240220,11:32:24,0.85,800,133800
20240220,11:32:51,0.8,300,133800
20240220,11:32:56,0.85,1900,133800
20240220,11:32:57,0.8,450,133800
20240220,11:33:06,0.9,2600,133800
20240220,11:33:14,0.9,450,133800
20240220,11:33:14,0.95,1800,133800
20240220,11:33:15,0.85,1200,133800
20240220,11:33:16,0.85,950,133800
20240220,11:34:51,0.85,650,134700
20240220,11:35:12,0.85,250,134700
20240220,11:36:32,0.85,300,134700
20240220,11:39:31,0.85,50,134500
20240220,11:40:36,0.85,250,134500
20240220,11:49:42,0.9,100,134450
20240220,11:52:38,0.8,800,134450
20240220,11:53:25,0.8,150,134450
20240220,11:55:49,0.8,50,134450
20240220,11:59:10,0.85,50,134450
20240220,11:59:12,0.9,50,134450
20240220,11:59:16,0.85,50,134450
20240220,11:59:22,0.85,250,134450
20240220,11:59:32,0.85,250,134450
20240220,11:59:38,0.8,50,134450
20240220,11:59:44,0.9,350,134450
20240220,12:00:20,0.9,1600,134450
20240220,12:00:20,0.95,1800,134450
20240220,12:00:28,0.9,350,134450
20240220,12:00:28,0.95,1800,134450
20240220,12:00:58,0.9,1650,134450
20240220,12:01:10,0.9,200,134450
20240220,12:01:12,0.95,1350,134450
20240220,12:01:15,1.0,50,129700
20240220,12:01:16,0.95,200,129700
20240220,12:01:19,0.9,200,129700
20240220,12:01:23,0.95,150,129700
20240220,12:01:24,1.0,1650,129700
20240220,12:01:57,0.95,1800,129700
20240220,12:02:06,1.0,100,129700
20240220,12:02:07,1.0,1000,129700
20240220,12:02:08,1.0,1800,129700
20240220,12:02:09,0.95,50,129700
20240220,12:02:09,0.95,2350,129700
20240220,12:02:10,1.0,2450,129700
20240220,12:02:16,1.0,200,129700
20240220,12:02:28,1.0,2300,129700
20240220,12:02:30,0.95,800,129700
20240220,12:02:49,1.1,9350,129700
20240220,12:02:50,1.15,2700,129700
20240220,12:02:53,1.05,250,129700
20240220,12:02:58,1.05,100,129700
20240220,12:03:10,1.05,500,129700
20240220,12:03:17,1.1,4400,129700
20240220,12:03:19,1.1,3200,129700
20240220,12:03:45,1.1,150,129700
20240220,12:03:50,1.1,1800,129700
20240220,12:04:25,1.1,150,121350
20240220,12:04:26,1.15,1800,121350
20240220,12:04:27,1.15,1950,121350
20240220,12:04:28,1.1,1100,121350
20240220,12:04:29,1.15,50,121350
20240220,12:04:59,1.1,200,121350
20240220,12:05:42,1.1,2300,121350
20240220,12:05:43,1.1,50,121350
20240220,12:05:44,1.1,250,121350
20240220,12:05:49,1.1,550,121350
20240220,12:05:56,1.1,2400,121350
20240220,12:06:13,1.15,100,121350
20240220,12:06:14,1.05,350,121350
20240220,12:06:17,1.05,700,121350
20240220,12:06:18,1.15,200,121350
20240220,12:06:35,1.1,600,121350
20240220,12:06:35,1.05,850,121350
20240220,12:06:47,1.05,1250,121350
20240220,12:06:48,1.05,1550,121350
20240220,12:07:21,1.05,50,121350
20240220,12:07:23,1.05,200,115350
20240220,12:07:32,1.0,2850,115350
20240220,12:08:47,1.1,250,115350
20240220,12:09:07,1.1,2050,115350
20240220,12:09:11,1.1,250,115350
20240220,12:09:16,1.05,400,115350
20240220,12:09:21,1.1,50,115350
20240220,12:09:25,1.1,250,115350
20240220,12:09:26,1.1,200,115350
20240220,12:09:28,1.1,250,115350
20240220,12:10:40,1.15,2400,115350
20240220,12:11:05,1.15,1100,112750
20240220,12:11:58,1.1,500,112750
20240220,12:11:58,1.1,550,112750
20240220,12:11:59,1.1,1250,112750
20240220,12:12:00,1.05,300,112750
20240220,12:12:06,1.1,100,112750
20240220,12:12:34,1.15,350,112750
20240220,12:13:06,1.1,50,112750
20240220,12:13:22,1.15,1300,112750
20240220,12:13:58,1.2,400,112950
20240220,12:14:02,1.2,500,112950
20240220,12:14:02,1.15,350,112950
20240220,12:14:04,1.15,50,112950
20240220,12:14:06,1.15,50,112950
20240220,12:14:11,1.15,850,112950
20240220,12:14:15,1.1,500,112950
20240220,12:14:16,1.1,150,112950
20240220,12:14:20,1.1,250,112950
20240220,12:14:30,1.1,850,112950
20240220,12:14:36,1.1,600,112950
20240220,12:14:40,1.1,1750,112950
20240220,12:14:41,1.1,100,112950
20240220,12:15:12,1.1,250,112950
20240220,12:15:28,1.1,300,112950
20240220,12:15:54,1.05,1700,112950
20240220,12:16:00,1.05,50,112950
20240220,12:16:46,1.05,50,109700
20240220,12:17:14,1.05,1400,109700
20240220,12:17:19,1.05,250,109700
20240220,12:17:34,1.0,650,109700
20240220,12:17:43,1.05,50,109700
20240220,12:17:47,1.05,200,109700
20240220,12:17:59,1.05,900,109700
20240220,12:18:01,1.05,450,109700
20240220,12:18:21,1.05,150,109700
20240220,12:19:04,1.05,100,109700
20240220,12:19:22,1.05,400,110400
20240220,12:19:48,1.05,100,110400
20240220,12:20:15,1.05,50,110400
20240220,12:21:02,1.0,100,110400
20240220,12:21:10,1.0,250,110400
20240220,12:22:31,1.0,50,110400
20240220,12:22:32,1.05,100,110450
20240220,12:22:51,1.05,50,110450
20240220,12:24:37,1.0,50,110450
20240220,12:26:02,1.05,250,110450
20240220,12:26:38,1.0,50,110350
20240220,12:26:42,1.0,50,110350
20240220,12:26:55,1.05,250,110350
20240220,12:27:13,1.0,250,110350
20240220,12:28:58,1.05,1000,110350
20240220,12:29:09,1.05,500,110350
20240220,12:30:46,1.05,1000,110350
20240220,12:31:03,1.0,750,110350
20240220,12:31:04,1.0,500,110350
20240220,12:31:09,1.0,100,110350
20240220,12:31:53,1.05,500,110350
20240220,12:32:44,1.0,50,111050
20240220,12:33:13,1.05,200,111050
20240220,12:33:16,1.0,350,111050
20240220,12:33:18,1.0,1050,111050
20240220,12:33:21,1.0,350,111050
20240220,12:33:33,1.0,100,111050
20240220,12:33:39,1.0,50,111050
20240220,12:33:43,1.0,50,111050
20240220,12:33:44,1.0,150,111050
20240220,12:34:07,1.0,50,111050
20240220,12:35:20,0.95,200,110150
20240220,12:35:24,0.95,3100,110150
20240220,12:35:24,0.95,150,110150
20240220,12:35:54,0.95,500,110150
20240220,12:36:16,0.95,500,110150
20240220,12:36:39,0.95,750,110150
20240220,12:36:43,1.0,50,110150
20240220,12:37:04,0.95,800,110150
20240220,12:37:32,1.0,1000,110150
20240220,12:37:59,0.95,50,111500
20240220,12:38:24,1.0,1500,111500
20240220,12:38:29,1.0,2500,111500
20240220,12:39:40,1.0,50,111500
20240220,12:40:24,1.0,50,111500
20240220,12:40:57,1.0,100,112450
20240220,12:41:04,1.05,50,112450
20240220,12:41:15,1.05,100,112450
20240220,12:41:40,0.95,450,112450
20240220,12:41:48,0.95,950,112450
20240220,12:42:05,1.0,50,112450
20240220,12:42:09,0.95,1750,112450
20240220,12:42:16,0.95,2800,112450
20240220,12:42:17,0.95,50,112450
20240220,12:42:52,0.95,1100,112450
20240220,12:42:59,0.95,250,112450
20240220,12:43:01,0.95,250,112450
20240220,12:43:08,0.95,1000,112450
20240220,12:43:20,0.95,250,112450
20240220,12:43:24,0.95,550,110950
20240220,12:46:00,0.9,2200,110950
20240220,12:46:00,0.9,1800,110950
20240220,12:47:54,0.9,900,110950
20240220,12:47:55,0.9,1500,109850
20240220,12:47:58,1.0,2500,109850
20240220,12:48:04,0.9,250,109850
20240220,12:48:11,0.9,250,109850
20240220,12:48:53,1.0,500,109850
20240220,12:49:07,1.0,50,109850
20240220,12:49:50,0.9,500,110450
20240220,12:50:38,1.0,1500,110450
20240220,12:50:53,0.9,500,110450
20240220,12:51:03,0.9,300,110450
20240220,12:51:18,0.9,1000,110450
20240220,12:51:50,1.0,50,110450
20240220,12:52:03,0.9,50,110450
20240220,12:52:10,1.0,50,110450
20240220,12:52:30,0.9,700,110400
20240220,12:53:10,0.95,500,110400
20240220,12:53:10,1.0,2000,110400
20240220,12:54:30,0.95,50,110400
20240220,12:54:31,1.0,100,110400
20240220,12:54:34,0.95,50,110400
20240220,12:55:56,0.9,150,110550
20240220,12:55:59,0.95,50,110550
20240220,12:57:04,0.95,100,110550
20240220,12:57:05,0.95,50,110550
20240220,12:57:17,0.9,50,110550
20240220,12:57:27,0.95,50,110550
20240220,12:57:45,0.95,50,110550
20240220,12:58:00,0.95,700,110550
20240220,12:58:51,1.0,50,110750
20240220,12:59:09,0.9,150,110750
20240220,13:00:21,1.0,50,110750
20240220,13:00:41,1.0,50,110750
20240220,13:04:01,1.0,400,110850
20240220,13:09:15,0.95,500,110850
20240220,13:10:25,0.95,50,110900
20240220,13:10:45,0.95,550,111350
20240220,13:12:05,0.95,1450,111350
20240220,13:12:18,0.95,600,111350
20240220,13:13:28,0.95,50,111350
20240220,13:14:37,0.95,50,111700
20240220,13:16:04,0.95,250,111700
20240220,13:16:34,0.95,50,111700
20240220,13:17:37,1.0,50,111600
20240220,13:19:15,1.0,200,111600
20240220,13:19:33,1.0,50,111600
20240220,13:21:14,1.0,500,111850
20240220,13:22:47,1.0,50,111850
20240220,13:24:30,1.0,50,111950
20240220,13:24:34,1.0,50,111950
20240220,13:24:57,0.9,50,111950
20240220,13:25:17,0.95,50,111950
20240220,13:25:18,1.0,300,111950
20240220,13:25:48,1.0,50,111950
20240220,13:26:13,1.0,100,111950
20240220,13:27:04,1.0,350,111950
20240220,13:27:33,0.95,50,111950
20240220,13:27:40,0.95,300,111950
20240220,13:29:24,0.95,50,111700
20240220,13:31:01,1.0,50,111700
20240220,13:33:24,1.0,350,111650
20240220,13:36:40,1.0,150,111650
20240220,13:39:53,1.0,300,111650
20240220,13:40:46,1.0,50,111750
20240220,13:41:03,0.95,50,111750
20240220,13:41:08,1.0,50,111750
20240220,13:41:35,0.95,50,111750
20240220,13:41:42,1.0,50,111750
20240220,13:41:49,1.0,50,111750
20240220,13:42:34,1.0,500,111750
20240220,13:43:06,1.0,1250,111750
20240220,13:43:30,1.05,600,111550
20240220,13:43:41,0.95,50,111550
20240220,13:43:49,0.95,1000,111550
20240220,13:46:14,1.05,250,111550
20240220,13:46:15,1.05,250,111550
20240220,13:46:16,0.95,50,111550
20240220,13:46:36,0.95,400,111550
20240220,13:47:32,0.95,50,111350
20240220,13:52:25,1.0,500,111300
20240220,13:52:27,1.0,300,111300
20240220,13:52:40,1.0,250,111650
20240220,13:52:49,1.0,250,111650
20240220,13:54:47,1.05,50,111650
20240220,13:55:21,1.0,50,111650
20240220,13:55:22,1.0,50,111650
20240220,13:55:58,1.05,50,111700
20240220,13:56:19,1.05,50,111700
20240220,13:56:40,1.0,50,111700
20240220,13:57:14,1.0,50,111700
20240220,13:58:46,1.05,50,111700
20240220,13:58:51,1.0,100,111650
20240220,13:59:02,1.0,50,111650
20240220,14:00:00,1.05,50,111650
20240220,14:00:40,1.0,50,111650
20240220,14:02:30,1.05,50,111650
20240220,14:02:36,1.0,50,111650
20240220,14:02:49,1.0,700,111650
20240220,14:02:49,1.0,250,111650
20240220,14:02:56,1.05,50,111650
20240220,14:03:00,1.0,250,111650
20240220,14:03:07,1.0,250,111650
20240220,14:03:09,1.0,50,111650
20240220,14:03:14,1.0,250,111650
20240220,14:03:25,1.0,600,111650
20240220,14:03:41,0.95,200,111650
20240220,14:04:03,1.05,100,111650
20240220,14:04:05,0.95,50,111650
20240220,14:04:23,1.05,50,111650
20240220,14:04:27,0.95,50,111650
20240220,14:04:54,0.95,50,111650
20240220,14:05:16,1.0,50,112450
20240220,14:05:34,0.95,250,112450
20240220,14:06:37,0.95,250,112450
20240220,14:06:43,0.9,1100,112450
20240220,14:06:44,0.95,650,112450
20240220,14:06:55,1.0,250,112450
20240220,14:06:55,0.95,700,112450
20240220,14:07:55,0.9,100,112450
20240220,14:07:56,0.95,50,112500
20240220,14:09:37,0.9,450,112500
20240220,14:10:39,0.95,100,112500
20240220,14:10:49,0.9,50,112400
20240220,14:11:16,0.9,50,112400
20240220,14:11:19,0.9,550,112400
20240220,14:11:20,0.9,50,112400
20240220,14:11:41,0.9,50,112400
20240220,14:11:47,0.95,400,112400
20240220,14:12:05,0.9,50,112400
20240220,14:12:51,0.9,50,112400
20240220,14:12:52,0.9,2250,112400
20240220,14:14:01,0.85,50,111800
20240220,14:20:47,0.95,5250,111800
20240220,14:20:54,1.0,50,111800
20240220,14:22:25,0.9,100,111800
20240220,14:24:26,0.95,50,112850
20240220,14:25:05,0.95,50,112850
20240220,14:29:55,0.95,950,112900
20240220,14:31:21,0.95,50,112900
20240220,14:31:29,0.9,50,112900
20240220,14:32:37,0.95,500,112900
20240220,14:32:39,0.95,250,113900
20240220,14:32:55,0.95,250,113900
20240220,14:33:08,0.95,50,113900
20240220,14:34:38,0.9,100,114400
20240220,14:34:40,0.95,250,114400
20240220,14:34:43,0.9,850,114400
20240220,14:34:47,0.9,1300,114400
20240220,14:34:55,0.95,1650,114400
20240220,14:35:01,0.95,900,114400
20240220,14:35:47,0.95,500,114400
20240220,14:36:08,0.95,800,114400
20240220,14:37:23,0.95,400,114400
20240220,14:37:33,1.0,2900,114400
20240220,14:37:34,1.05,3650,114400
20240220,14:37:37,1.0,250,114400
20240220,14:37:43,1.0,100,110600
20240220,14:37:51,1.0,100,110600
20240220,14:37:53,1.0,50,110600
20240220,14:38:02,1.0,200,110600
20240220,14:38:04,1.0,100,110600
20240220,14:38:22,1.0,300,110600
20240220,14:38:23,1.0,500,110600
20240220,14:38:27,1.05,50,110600
20240220,14:38:38,1.0,200,110600
20240220,14:38:41,1.0,100,110600
20240220,14:39:11,1.0,50,110600
20240220,14:39:12,1.05,50,110600
20240220,14:39:24,1.05,250,110600
20240220,14:39:26,1.05,50,110600
20240220,14:39:48,1.0,250,110600
20240220,14:39:49,1.05,50,110600
20240220,14:40:06,1.0,100,110600
20240220,14:40:19,1.0,250,110600
20240220,14:40:42,1.0,150,111200
20240220,14:40:58,1.0,200,111200
20240220,14:41:11,1.0,50,111200
20240220,14:41:31,1.0,50,111200
20240220,14:42:14,1.05,50,111200
20240220,14:42:17,1.0,250,111200
20240220,14:42:20,1.0,100,111200
20240220,14:45:13,1.0,900,111200
20240220,14:45:47,1.0,900,111700
20240220,14:46:02,1.05,150,111700
20240220,14:47:03,1.05,100,111350
20240220,14:47:19,1.0,50,111350
20240220,14:47:24,1.0,50,111350
20240220,14:48:24,1.0,50,111350
20240220,14:48:27,0.95,100,111350
20240220,14:48:28,0.95,50,111350
20240220,14:49:00,1.0,50,111350
20240220,14:49:47,1.0,50,111350
20240220,14:51:03,0.95,250,111450
20240220,14:52:29,0.95,50,111450
20240220,14:55:16,0.95,50,111450
20240220,14:56:13,0.95,50,111200
20240220,14:56:32,1.0,250,111150
20240220,14:56:43,1.0,50,111150
20240220,14:56:47,1.0,150,111150
20240220,14:57:16,0.95,50,111150
20240220,14:57:31,0.95,450,111150
20240220,15:00:03,1.0,150,111150
20240220,15:00:26,1.0,350,111150
20240220,15:00:30,1.0,250,111150
20240220,15:00:34,1.0,300,111150
20240220,15:00:39,1.0,550,111150
20240220,15:00:47,1.05,2050,111150
20240220,15:00:53,1.0,400,111150
20240220,15:01:01,1.0,50,111150
20240220,15:01:42,1.05,1250,111150
20240220,15:02:04,0.85,14150,111150
20240220,15:02:05,0.95,50,111150
20240220,15:02:16,0.95,350,111150
20240220,15:02:24,1.0,250,111150
20240220,15:02:29,0.95,450,111150
20240220,15:02:31,0.95,50,111150
20240220,15:02:52,1.0,250,111150
20240220,15:02:53,1.0,1800,111150
20240220,15:03:03,1.0,50,111150
20240220,15:03:05,1.0,400,111150
20240220,15:03:09,1.0,50,111150
20240220,15:03:33,1.05,400,111150
20240220,15:03:35,1.0,600,111150
20240220,15:04:05,1.05,50,111150
20240220,15:04:21,1.0,50,111150
20240220,15:06:14,1.05,1800,106300
20240220,15:06:15,1.0,1500,106300
20240220,15:06:17,1.0,800,106300
20240220,15:06:39,1.05,750,106300
20240220,15:07:19,1.05,1350,106300
20240220,15:07:39,1.05,250,106300
20240220,15:07:50,1.05,300,105950
20240220,15:07:55,1.05,300,105950
20240220,15:07:55,1.05,250,105950
20240220,15:07:57,1.05,650,105950
20240220,15:07:58,1.05,300,105950
20240220,15:08:00,1.05,50,105950
20240220,15:08:12,1.05,50,105950
20240220,15:08:38,1.05,50,105950
20240220,15:08:47,1.05,1800,105950
20240220,15:08:49,1.05,2350,105950
20240220,15:08:56,1.1,400,105950
20240220,15:08:57,1.0,600,105950
20240220,15:09:03,1.0,50,105950
20240220,15:09:05,1.05,50,105950
20240220,15:09:15,1.05,250,105950
20240220,15:09:17,1.0,1150,105950
20240220,15:09:34,1.1,50,105950
20240220,15:09:40,1.0,50,105950
20240220,15:10:07,1.1,50,105950
20240220,15:10:11,1.05,500,105950
20240220,15:10:12,1.05,100,105950
20240220,15:10:13,1.05,50,105950
20240220,15:10:31,1.1,500,105950
20240220,15:10:38,1.05,250,105950
20240220,15:10:51,1.1,500,105950
20240220,15:10:58,1.1,1500,104550
20240220,15:11:35,1.05,950,104550
20240220,15:12:12,1.05,50,104550
20240220,15:12:23,1.05,50,104550
20240220,15:13:03,1.05,1550,104550
20240220,15:14:51,1.0,400,104550
20240220,15:15:02,1.0,400,104550
20240220,15:15:05,1.0,950,104550
20240220,15:15:17,1.0,100,104550
20240220,15:15:48,1.05,2650,104550
20240220,15:15:53,1.05,1200,104550
20240220,15:16:08,1.05,50,104550
20240220,15:16:23,1.05,50,104550
20240220,15:16:59,1.05,50,105000
20240220,15:17:14,1.05,500,105000
20240220,15:17:18,1.05,50,105000
20240220,15:17:32,1.05,500,105000
20240220,15:17:41,1.05,400,105000
20240220,15:17:45,1.05,1000,105000
20240220,15:17:50,1.1,1150,105000
20240220,15:19:31,1.05,50,105000
20240220,15:19:42,1.1,50,105000
20240220,15:19:53,1.05,400,105000
20240220,15:20:01,1.05,50,104600
20240220,15:20:31,1.1,600,104600
20240220,15:20:34,1.1,1250,104600
20240220,15:21:35,1.1,400,104600
20240220,15:21:39,1.05,50,104600
20240220,15:21:43,1.1,150,104600
20240220,15:21:51,1.1,50,104600
20240220,15:21:52,1.05,150,104600
20240220,15:22:05,1.1,500,104600
20240220,15:22:06,1.1,500,104600
20240220,15:22:09,1.15,550,104600
20240220,15:22:16,1.05,400,104600
20240220,15:22:24,1.05,50,104600
20240220,15:22:30,1.05,50,104600
20240220,15:22:35,1.1,600,104600
20240220,15:22:40,1.15,500,104600
20240220,15:22:53,1.05,500,104600
20240220,15:22:54,1.15,100,104850
20240220,15:23:03,1.15,50,104850
20240220,15:23:04,1.15,200,104850
20240220,15:23:06,1.1,850,104850
20240220,15:23:13,1.05,200,104850
20240220,15:23:35,1.1,400,104850
20240220,15:23:42,1.05,50,104850
20240220,15:23:44,1.15,400,104850
20240220,15:24:09,1.1,50,104850
20240220,15:24:17,1.15,100,104850
20240220,15:24:19,1.15,250,104850
20240220,15:24:27,1.05,250,104850
20240220,15:24:34,1.05,50,104850
20240220,15:24:44,1.05,50,104850
20240220,15:24:48,1.1,250,104850
20240220,15:24:57,1.05,50,104850
20240220,15:25:01,1.05,100,104850
20240220,15:25:04,1.05,50,104850
20240220,15:25:22,1.1,50,104850
20240220,15:25:36,1.05,1600,104850
20240220,15:25:37,1.05,400,104850
20240220,15:25:42,1.05,1100,104850
20240220,15:25:44,1.05,700,104850
20240220,15:25:47,1.0,450,104850
20240220,15:25:48,1.0,50,104800
20240220,15:26:07,1.0,2500,104800
20240220,15:26:08,0.95,2750,104800
20240220,15:26:10,0.85,500,104800
20240220,15:26:13,1.0,50,104800
20240220,15:26:17,1.0,100,104800
20240220,15:26:18,1.0,250,104800
20240220,15:26:19,1.0,100,104800
20240220,15:26:21,1.0,50,104800
20240220,15:26:27,0.95,100,104800
20240220,15:26:31,1.0,250,104800
20240220,15:26:32,1.0,250,104800
20240220,15:26:35,1.05,150,104800
20240220,15:26:38,1.05,100,104800
20240220,15:26:50,1.0,50,104800
20240220,15:27:11,1.0,550,104800
20240220,15:27:37,1.0,200,104800
20240220,15:27:39,0.95,2300,104800
20240220,15:27:40,0.95,600,104800
20240220,15:27:41,0.95,400,104800
20240220,15:27:42,0.9,2200,104800
20240220,15:27:43,0.95,100,104800
20240220,15:27:48,0.95,450,104800
20240220,15:27:49,0.95,1350,104800
20240220,15:27:50,1.0,50,104800
20240220,15:28:38,1.0,50,104800
20240220,15:28:47,1.05,250,111150
20240220,15:28:49,1.35,1450,111150
20240220,15:28:50,1.35,250,111150
20240220,15:28:50,1.05,150,111150
20240220,15:29:01,1.0,550,111150
20240220,15:29:06,1.0,400,111150
20240220,15:29:10,1.0,150,111150
20240220,15:29:16,1.0,200,111150
20240220,15:29:17,1.25,650,111150
20240220,15:29:19,1.3,8200,111150
20240220,15:29:24,1.25,50,111150
20240220,15:29:44,1.0,50,111150
20240220,15:29:46,1.0,400,111150
20240220,15:29:47,1.0,50,111150
20240221,09:15:00,1.0,1,115000
20240221,09:15:00,1.0,50,115000
20240221,09:15:01,1.05,200,115000
20240221,09:15:04,1.0,600,115000
20240221,09:15:06,1.2,1750,115000
20240221,09:15:07,1.2,850,115000
20240221,09:15:11,0.95,200,115000
20240221,09:15:12,0.95,50,115000
20240221,09:15:13,0.9,150,115000
20240221,09:15:17,0.85,350,115000
20240221,09:15:19,0.8,350,115000
20240221,09:15:26,0.9,50,115000
20240221,09:15:27,0.95,300,115000
20240221,09:15:27,0.95,50,115000
20240221,09:15:28,0.95,50,115000
20240221,09:15:29,0.95,50,115000
20240221,09:15:31,0.95,50,115000
20240221,09:15:33,0.95,50,115000
20240221,09:15:39,0.8,50,115000
20240221,09:15:41,0.95,350,115000
20240221,09:15:48,0.95,50,115000
20240221,09:15:51,0.95,50,115000
20240221,09:15:53,0.95,100,118350
20240221,09:15:54,0.95,150,118350
20240221,09:16:04,0.95,50,118350
20240221,09:16:07,0.85,150,118350
20240221,09:16:09,0.85,50,118350
20240221,09:16:11,0.9,300,118350
20240221,09:17:07,0.9,50,118350
20240221,09:17:16,0.8,300,118350
20240221,09:17:54,0.8,250,118350
20240221,09:18:07,0.85,50,118350
20240221,09:18:18,0.85,50,118350
20240221,09:18:28,0.85,50,118350
20240221,09:18:39,0.85,50,118350
20240221,09:18:50,0.85,50,118350
20240221,09:18:54,0.8,150,117950
20240221,09:18:56,0.85,50,117950
20240221,09:19:04,0.85,50,117950
20240221,09:19:06,0.85,50,117950
20240221,09:19:08,0.85,100,117950
20240221,09:19:09,0.9,100,117950
20240221,09:19:15,0.8,500,117950
20240221,09:19:20,0.85,50,117950
20240221,09:20:08,0.75,50,117950
20240221,09:20:29,0.75,50,117950
20240221,09:20:39,0.8,350,117950
20240221,09:20:56,0.8,50,117950
20240221,09:20:57,0.8,400,117950
20240221,09:21:16,0.8,50,117950
20240221,09:21:20,0.85,100,117950
20240221,09:21:21,0.85,50,117950
20240221,09:21:27,0.8,150,117950
20240221,09:22:03,0.8,250,117950
20240221,09:22:05,0.8,300,116900
20240221,09:22:08,0.8,150,116900
20240221,09:22:08,0.8,600,116900
20240221,09:22:10,0.8,700,116900
20240221,09:22:38,0.8,850,116900
20240221,09:22:51,0.85,50,116900
20240221,09:23:32,0.8,500,116900
20240221,09:23:45,0.8,650,116900
20240221,09:24:24,0.8,500,116900
20240221,09:24:35,0.8,150,116900
20240221,09:24:37,0.8,1450,116900
20240221,09:24:37,0.8,2600,116900
20240221,09:25:06,0.75,1050,116750
20240221,09:25:11,0.8,550,116750
20240221,09:25:14,0.8,50,116750
20240221,09:25:14,0.8,100,116750
20240221,09:25:18,0.75,450,116750
20240221,09:25:24,0.75,1100,116750
20240221,09:25:49,0.8,100,116750
20240221,09:25:55,0.8,300,116750
20240221,09:26:34,0.75,50,116750
20240221,09:26:43,0.75,250,116750
20240221,09:27:43,0.75,1500,116750
20240221,09:27:50,0.75,200,116750
20240221,09:28:15,0.8,700,116450
20240221,09:28:28,0.75,1050,116450
20240221,09:29:24,0.75,150,116450
20240221,09:31:11,0.75,250,116450
20240221,09:31:19,0.8,100,116450
20240221,09:31:21,0.75,1800,116450
20240221,09:31:21,0.75,350,116450
20240221,09:31:36,0.75,250,116450
20240221,09:32:13,0.7,50,116450
20240221,09:33:20,0.7,1800,116450
20240221,09:33:34,0.7,1100,116450
20240221,09:33:52,0.7,50,116450
20240221,09:33:56,0.7,250,116200
20240221,09:34:10,0.7,350,116200
20240221,09:35:22,0.7,3050,116200
20240221,09:35:22,0.7,100,116200
20240221,09:35:44,0.7,50,116200
20240221,09:36:05,0.7,50,116200
20240221,09:36:05,0.65,1800,116200
20240221,09:36:26,0.65,700,116200
20240221,09:37:07,0.65,1800,117700
20240221,09:37:09,0.65,450,117700
20240221,09:37:11,0.7,150,117700
20240221,09:37:14,0.65,50,117700
20240221,09:37:15,0.65,50,117700
20240221,09:37:19,0.7,2000,117700
20240221,09:37:20,0.7,400,117700
20240221,09:37:24,0.7,50,117700
20240221,09:37:50,0.65,200,117700
20240221,09:39:16,0.65,50,117700
20240221,09:42:15,0.65,200,117700
20240221,09:42:43,0.65,1650,116550
20240221,09:42:44,0.65,50,116550
20240221,09:42:51,0.65,250,116550
20240221,09:43:01,0.65,250,116550
20240221,09:43:42,0.65,250,117350
20240221,09:43:42,0.6,50,117350
20240221,09:44:19,0.6,250,117350
20240221,09:50:29,0.7,600,117350
20240221,09:50:58,0.7,2150,116350
20240221,09:50:59,0.7,50,116350
20240221,09:51:16,0.75,50,116350
20240221,09:51:21,0.7,50,116350
20240221,09:51:54,0.7,50,116350
20240221,09:53:26,0.75,150,116350
20240221,09:53:40,0.7,50,116400
20240221,09:54:01,0.7,100,116400
20240221,09:55:23,0.7,100,116400
20240221,09:56:00,0.7,100,116400
20240221,09:56:05,0.7,50,116400
20240221,09:56:42,0.7,3700,116400
20240221,09:57:32,0.65,300,116400
20240221,09:58:54,0.7,50,116350
20240221,09:59:17,0.65,300,116350
20240221,09:59:20,0.65,350,116350
20240221,09:59:46,0.65,300,116350
20240221,10:01:00,0.6,50,116350
20240221,10:01:15,0.65,800,116350
20240221,10:02:53,0.65,150,116350
20240221,10:06:11,0.65,300,115750
20240221,10:06:14,0.65,500,115750
20240221,10:06:16,0.65,50,115750
20240221,10:06:19,0.65,100,115750
20240221,10:06:22,0.65,50,115750
20240221,10:06:23,0.65,50,115750
20240221,10:06:33,0.65,50,115750
20240221,10:06:49,0.6,450,115750
20240221,10:06:58,0.6,850,115750
20240221,10:07:03,0.6,500,115250
20240221,10:07:08,0.65,50,115250
20240221,10:07:09,0.6,800,115250
20240221,10:07:22,0.6,1950,115250
20240221,10:07:26,0.6,1100,115250
20240221,10:07:27,0.6,50,115250
20240221,10:07:28,0.6,100,115250
20240221,10:07:33,0.55,250,115250
20240221,10:07:46,0.55,350,115250
20240221,10:07:54,0.55,200,115250
20240221,10:08:10,0.55,50,115250
20240221,10:08:15,0.6,700,115250
20240221,10:08:18,0.55,100,115250
20240221,10:08:24,0.55,150,115250
20240221,10:08:28,0.55,500,115250
20240221,10:08:48,0.55,500,115250
20240221,10:08:55,0.55,150,115250
20240221,10:08:56,0.55,100,115250
20240221,10:09:23,0.55,1100,115250
20240221,10:09:27,0.55,1600,115250
20240221,10:09:58,0.5,500,115250
20240221,10:10:04,0.5,300,111900
20240221,10:10:34,0.6,100,111900
20240221,10:10:34,0.55,100,111900
20240221,10:10:35,0.55,100,111900
20240221,10:10:36,0.55,100,111900
20240221,10:10:38,0.5,3050,111900
20240221,10:10:39,0.5,600,111900
20240221,10:10:52,0.55,50,111900
20240221,10:10:55,0.55,900,111900
20240221,10:10:57,0.55,900,111900
20240221,10:11:00,0.5,100,111900
20240221,10:11:03,0.55,500,111900
20240221,10:11:04,0.5,400,111900
20240221,10:11:20,0.55,500,111900
20240221,10:11:21,0.5,4500,111900
20240221,10:11:22,0.5,1800,111900
20240221,10:11:33,0.45,100,111900
20240221,10:11:39,0.45,1500,111900
20240221,10:11:58,0.45,300,111900
20240221,10:12:33,0.5,850,111900
20240221,10:12:34,0.5,350,111900
20240221,10:12:35,0.5,100,111900
20240221,10:12:48,0.45,250,111900
20240221,10:13:02,0.45,50,111450
20240221,10:13:25,0.5,250,111450
20240221,10:13:36,0.45,200,111450
20240221,10:13:40,0.5,200,111450
20240221,10:14:08,0.45,100,111450
20240221,10:14:19,0.45,550,111450
20240221,10:14:39,0.45,450,111450
20240221,10:15:03,0.45,250,111450
20240221,10:15:04,0.5,50,111450
20240221,10:15:05,0.5,700,111450
20240221,10:15:06,0.5,400,111450
20240221,10:15:08,0.5,200,111450
20240221,10:15:23,0.45,1800,111450
20240221,10:15:25,0.45,2800,111450
20240221,10:15:28,0.45,2600,111450
20240221,10:15:39,0.45,1000,111450
20240221,10:15:40,0.45,600,111450
20240221,10:15:42,0.45,250,111450
20240221,10:15:43,0.45,450,111450
20240221,10:15:48,0.45,50,111450
20240221,10:15:51,0.45,800,111450
20240221,10:15:51,0.5,1800,111450
20240221,10:15:59,0.5,200,111450
20240221,10:16:00,0.5,50,111450
20240221,10:16:10,0.45,250,111450
20240221,10:16:20,0.45,250,110900
20240221,10:16:33,0.4,1000,110900
20240221,10:16:34,0.4,50,110900
20240221,10:16:36,0.4,150,110900
20240221,10:16:39,0.45,250,110900
20240221,10:16:43,0.4,900,110900
20240221,10:16:44,0.45,250,110900
20240221,10:16:45,0.4,150,110900
20240221,10:16:53,0.4,750,110900
20240221,10:17:11,0.4,50,110900
20240221,10:17:16,0.4,1650,110900
20240221,10:18:07,0.4,2750,110900
20240221,10:18:09,0.4,250,110900
20240221,10:18:10,0.4,2400,110900
20240221,10:18:38,0.35,2600,110900
20240221,10:18:43,0.35,1650,110900
20240221,10:18:45,0.4,100,110900
20240221,10:18:57,0.4,500,110900
20240221,10:19:08,0.4,100,110900
20240221,10:19:09,0.4,400,110900
20240221,10:19:16,0.4,500,110900
20240221,10:20:06,0.4,250,110900
20240221,10:20:32,0.4,1650,110900
20240221,10:20:33,0.35,1800,110900
20240221,10:20:40,0.35,750,110900
20240221,10:21:21,0.35,50,110900
20240221,10:21:24,0.35,50,110900
20240221,10:21:31,0.35,50,110900
20240221,10:21:45,0.4,50,110900
20240221,10:21:53,0.4,900,110900
20240221,10:22:00,0.4,100,110900
20240221,10:22:00,0.4,1250,110900
20240221,10:22:03,0.4,250,110900
20240221,10:22:06,0.4,500,110900
20240221,10:22:07,0.4,1000,113000
20240221,10:22:08,0.4,300,113000
20240221,10:22:09,0.4,50,113000
20240221,10:22:10,0.4,500,113000
20240221,10:22:18,0.35,50,113000
20240221,10:22:28,0.4,150,113000
20240221,10:22:29,0.4,50,113000
20240221,10:22:32,0.4,50,113000
20240221,10:22:32,0.4,200,113000
20240221,10:22:33,0.4,50,113000
20240221,10:22:34,0.4,50,113000
20240221,10:22:35,0.4,600,113000
20240221,10:22:37,0.4,550,113000
20240221,10:22:54,0.35,50,113000
20240221,10:23:37,0.35,50,113000
20240221,10:23:40,0.4,100,113000
20240221,10:24:01,0.4,1000,113000
20240221,10:24:08,0.35,5500,113000
20240221,10:25:20,0.35,100,117350
20240221,10:25:32,0.4,250,117350
20240221,10:26:50,0.35,2900,117350
20240221,10:26:53,0.4,100,117350
20240221,10:27:49,0.4,100,117350
20240221,10:28:15,0.35,2450,117350
20240221,10:28:15,0.35,1000,116900
20240221,10:32:00,0.35,500,118850
20240221,10:35:32,0.4,250,118850
20240221,10:39:01,0.4,250,118850
20240221,10:42:10,0.4,900,118850
20240221,10:42:12,0.4,500,118850
20240221,10:42:13,0.4,250,118850
20240221,10:42:17,0.4,1250,118850
20240221,10:42:22,0.4,600,118850
20240221,10:42:27,0.4,50,118850
20240221,10:42:40,0.35,2850,118850
20240221,10:42:47,0.4,1600,118850
20240221,10:42:55,0.4,800,118850
20240221,10:43:17,0.35,50,122350
20240221,10:44:04,0.4,300,122350
20240221,10:44:26,0.35,600,122350
20240221,10:45:40,0.4,250,122350
20240221,10:45:41,0.4,100,122350
20240221,10:47:32,0.4,150,122350
20240221,10:47:56,0.4,300,122350
20240221,10:47:57,0.35,2300,122350
20240221,10:48:04,0.4,1650,122350
20240221,10:48:07,0.45,150,122350
20240221,10:48:08,0.35,4050,122350
20240221,10:48:14,0.4,850,122350
20240221,10:48:36,0.4,450,122350
20240221,10:48:42,0.4,1700,122350
20240221,10:49:23,0.4,250,122350
20240221,10:49:25,0.4,900,127700
20240221,10:49:29,0.4,900,127700
20240221,10:49:38,0.4,900,127700
20240221,10:49:49,0.4,700,127700
20240221,10:49:57,0.4,600,127700
20240221,10:49:58,0.4,1300,127700
20240221,10:50:00,0.4,600,127700
20240221,10:50:09,0.35,1800,127700
20240221,10:50:32,0.4,500,127700
20240221,10:54:45,0.4,1450,127700
20240221,10:54:46,0.4,300,132400
20240221,10:55:13,0.35,900,132600
20240221,10:55:20,0.4,250,132600
20240221,10:55:27,0.35,250,132600
20240221,10:57:36,0.35,300,132600
20240221,10:57:37,0.35,50,132600
20240221,10:58:04,0.35,50,132600
20240221,10:58:10,0.35,1150,132850
20240221,10:58:10,0.35,350,132850
20240221,10:58:12,0.35,400,132850
20240221,10:58:21,0.4,150,132850
20240221,10:58:44,0.35,500,132850
20240221,10:59:42,0.35,150,132850
20240221,11:00:14,0.35,500,132850
20240221,11:04:26,0.35,650,132850
20240221,11:04:27,0.35,350,130050
20240221,11:04:33,0.35,50,130050
20240221,11:06:55,0.35,300,130050
20240221,11:06:59,0.35,150,130050
20240221,11:07:50,0.35,150,129500
20240221,11:08:05,0.35,2150,129500
20240221,11:08:07,0.35,50,129500
20240221,11:10:06,0.35,1300,129500
20240221,11:14:35,0.4,200,129350
20240221,11:14:44,0.4,600,129350
20240221,11:14:45,0.4,50,129350
20240221,11:15:16,0.4,50,129350
20240221,11:15:29,0.4,250,129350
20240221,11:15:56,0.4,250,129350
20240221,11:16:06,0.4,250,129350
20240221,11:16:07,0.4,250,129350
20240221,11:16:18,0.4,500,129350
20240221,11:18:31,0.35,900,129700
20240221,11:18:33,0.4,250,129700
20240221,11:18:34,0.4,650,129700
20240221,11:19:54,0.35,50,129350
20240221,11:22:25,0.45,250,129350
20240221,11:22:44,0.45,300,129350
20240221,11:23:58,0.45,500,129350
20240221,11:24:14,0.45,750,129350
20240221,11:24:32,0.45,100,129350
20240221,11:24:35,0.45,100,129350
20240221,11:24:50,0.4,50,129350
20240221,11:25:23,0.4,50,130050
20240221,11:26:19,0.4,250,130050
20240221,11:26:55,0.45,50,130050
20240221,11:26:56,0.45,50,130050
20240221,11:26:57,0.45,250,130050
20240221,11:30:56,0.4,1500,130000
20240221,11:35:41,0.4,350,129400
20240221,11:35:42,0.4,50,129400
20240221,11:35:45,0.4,50,129400
20240221,11:35:48,0.4,50,129400
20240221,11:35:51,0.4,50,129400
20240221,11:36:29,0.35,900,129400
20240221,11:36:31,0.35,900,129400
20240221,11:36:51,0.35,700,129400
20240221,11:36:58,0.4,50,129400
20240221,11:37:39,0.4,100,129400
20240221,11:38:04,0.35,50,129400
20240221,11:38:18,0.4,500,129400
20240221,11:39:55,0.4,50,129400
20240221,11:40:54,0.4,50,129850
20240221,11:41:22,0.4,250,129850
20240221,11:41:45,0.4,250,129850
20240221,11:41:58,0.4,250,129850
20240221,11:42:10,0.4,50,129850
20240221,11:42:18,0.4,250,129850
20240221,11:42:20,0.4,250,129850
20240221,11:42:22,0.4,4000,129850
20240221,11:42:23,0.4,700,129850
20240221,11:43:20,0.4,150,129850
20240221,11:43:31,0.4,350,130750
20240221,11:43:31,0.4,250,130750
20240221,11:43:45,0.4,250,130750
20240221,11:43:48,0.4,1000,130750
20240221,11:43:53,0.4,300,130750
20240221,11:43:54,0.4,150,130750
20240221,11:43:56,0.4,150,130750
20240221,11:43:58,0.4,150,130750
20240221,11:44:00,0.4,50,130750
20240221,11:44:01,0.4,300,130750
20240221,11:44:05,0.4,50,130750
20240221,11:44:07,0.4,150,130750
20240221,11:44:09,0.4,50,130750
20240221,11:44:11,0.4,50,130750
20240221,11:44:12,0.4,50,130750
20240221,11:44:15,0.4,50,130750
20240221,11:44:16,0.4,50,130750
20240221,11:44:17,0.4,50,130750
20240221,11:44:18,0.4,50,130750
20240221,11:44:19,0.4,150,130750
20240221,11:44:20,0.4,1600,130750
20240221,11:44:21,0.4,50,130750
20240221,11:44:23,0.4,100,130750
20240221,11:44:25,0.4,250,130750
20240221,11:45:29,0.4,500,130750
20240221,11:45:47,0.4,1250,130750
20240221,11:46:06,0.45,150,130750
20240221,11:46:18,0.45,500,130500
20240221,11:46:49,0.4,1250,130500
20240221,11:46:52,0.4,800,130500
20240221,11:47:24,0.4,500,130500
20240221,11:48:07,0.4,1000,130500
20240221,11:48:35,0.4,500,130500
20240221,11:48:36,0.4,1000,130500
20240221,11:49:45,0.4,250,130500
20240221,11:50:38,0.4,700,130900
20240221,11:50:55,0.4,850,130900
20240221,11:50:56,0.35,50,130900
20240221,11:50:57,0.35,500,130900
20240221,11:51:17,0.4,500,130900
20240221,11:52:04,0.4,150,130900
20240221,11:52:39,0.4,750,130800
20240221,11:53:34,0.4,1000,130800
20240221,11:54:38,0.4,800,130800
20240221,11:54:39,0.35,1100,130800
20240221,11:54:51,0.35,500,130800
20240221,11:54:52,0.35,150,130800
20240221,11:55:28,0.4,250,130800
20240221,11:57:35,0.35,200,129250
20240221,12:00:12,0.35,750,129400
20240221,12:04:00,0.35,700,129400
20240221,12:04:39,0.4,250,129400
20240221,12:05:18,0.4,100,129400
20240221,12:05:38,0.4,600,129400
20240221,12:06:03,0.35,100,129400
20240221,12:06:42,0.35,50,129400
20240221,12:07:59,0.4,450,129400
20240221,12:08:01,0.4,50,129750
20240221,12:08:16,0.4,450,129750
20240221,12:08:50,0.4,250,129750
20240221,12:08:51,0.4,50,129750
20240221,12:08:52,0.4,400,129750
20240221,12:09:52,0.4,500,129750
20240221,12:10:19,0.4,50,129750
20240221,12:10:20,0.4,250,129750
20240221,12:10:21,0.4,550,131300
20240221,12:10:23,0.4,200,131300
20240221,12:10:24,0.4,200,131300
20240221,12:10:28,0.4,50,131300
20240221,12:10:29,0.4,50,131300
20240221,12:10:30,0.4,50,131300
20240221,12:10:31,0.4,50,131300
20240221,12:10:32,0.4,250,131300
20240221,12:10:34,0.4,350,131300
20240221,12:10:51,0.4,50,131300
20240221,12:11:41,0.4,250,131300
20240221,12:12:42,0.4,250,131300
20240221,12:13:06,0.35,4900,131300
20240221,12:13:07,0.35,100,131300
20240221,12:13:08,0.35,350,131300
20240221,12:13:15,0.4,400,131300
20240221,12:13:22,0.4,250,128850
20240221,12:14:32,0.4,250,128850
20240221,12:14:36,0.35,150,128850
20240221,12:14:37,0.4,50,128850
20240221,12:14:38,0.4,350,128850
20240221,12:14:46,0.35,100,128850
20240221,12:15:38,0.4,500,128850
20240221,12:15:55,0.4,300,128850
20240221,12:16:01,0.35,350,128850
20240221,12:16:02,0.4,100,128850
20240221,12:16:06,0.4,1500,128850
20240221,12:16:07,0.4,1800,128850
20240221,12:16:08,0.4,300,128850
20240221,12:16:53,0.4,3400,131050
20240221,12:16:55,0.45,100,131050
20240221,12:16:57,0.45,500,131050
20240221,12:17:02,0.45,250,131050
20240221,12:17:04,0.4,50,131050
20240221,12:17:05,0.45,150,131050
20240221,12:17:06,0.45,150,131050
20240221,12:17:09,0.45,50,131050
20240221,12:17:12,0.45,300,131050
20240221,12:17:29,0.4,600,131050
20240221,12:17:30,0.45,1000,131050
20240221,12:17:33,0.4,250,131050
20240221,12:18:26,0.4,2800,131050
20240221,12:18:30,0.4,550,131050
20240221,12:18:52,0.4,250,131050
20240221,12:18:57,0.4,250,131050
20240221,12:20:55,0.4,1000,129950
20240221,12:20:56,0.4,250,129950
20240221,12:21:15,0.4,100,129950
20240221,12:21:17,0.4,650,129950
20240221,12:21:23,0.4,450,129950
20240221,12:21:26,0.4,400,129950
20240221,12:21:34,0.35,100,129950
20240221,12:21:39,0.35,50,129950
20240221,12:21:56,0.35,200,129950
20240221,12:22:00,0.35,50,129950
20240221,12:22:09,0.35,300,129950
20240221,12:22:26,0.45,250,129950
20240221,12:22:53,0.45,150,127700
20240221,12:23:55,0.35,250,127700
20240221,12:24:40,0.35,750,127700
20240221,12:24:43,0.35,450,127700
20240221,12:24:53,0.35,50,127700
20240221,12:25:16,0.35,350,127700
20240221,12:25:21,0.35,50,127700
20240221,12:25:51,0.4,350,127700
20240221,12:25:52,0.4,50,127350
20240221,12:25:53,0.4,50,127350
20240221,12:25:54,0.4,50,127350
20240221,12:25:55,0.4,50,127350
20240221,12:26:19,0.35,700,127350
20240221,12:26:20,0.35,750,127350
20240221,12:26:28,0.35,50,127350
20240221,12:27:23,0.35,250,127350
20240221,12:29:59,0.35,50,127350
20240221,12:30:44,0.35,150,127350
20240221,12:33:04,0.35,200,127350
20240221,12:33:55,0.4,450,127350
20240221,12:36:32,0.4,250,126850
20240221,12:36:36,0.35,50,126850
20240221,12:41:52,0.4,50,126850
20240221,12:47:27,0.35,1800,126900
20240221,12:47:35,0.4,900,126900
20240221,12:51:20,0.3,16350,126150
20240221,12:54:03,0.3,300,126150
20240221,12:54:40,0.35,250,123500
20240221,12:57:38,0.35,250,123500
20240221,12:59:18,0.35,400,123500
20240221,13:00:12,0.35,350,123500
20240221,13:00:18,0.35,50,123500
20240221,13:00:29,0.35,250,123500
20240221,13:00:40,0.35,50,123500
20240221,13:00:45,0.35,1800,123500
20240221,13:00:45,0.35,3600,123500
20240221,13:00:46,0.35,7900,123500
20240221,13:03:49,0.35,50,125400
20240221,13:06:45,0.35,50,125400
20240221,13:07:27,0.35,50,125400
20240221,13:08:43,0.35,50,125400
20240221,13:08:51,0.35,50,125400
20240221,13:09:33,0.35,50,125400
20240221,13:09:50,0.35,50,125400
20240221,13:10:16,0.35,50,125400
20240221,13:16:12,0.35,400,125400
20240221,13:16:47,0.35,100,125400
20240221,13:24:59,0.35,1000,125400
20240221,13:26:02,0.35,250,124700
20240221,13:26:35,0.35,150,124700
20240221,13:26:36,0.35,950,124700
20240221,13:26:36,0.35,700,124700
20240221,13:26:52,0.35,300,124700
20240221,13:27:04,0.35,50,124700
20240221,13:27:08,0.35,50,124700
20240221,13:28:43,0.35,500,123350
20240221,13:29:01,0.35,250,123350
20240221,13:29:03,0.35,250,123350
20240221,13:29:07,0.35,500,123350
20240221,13:34:27,0.35,100,123350
20240221,13:35:32,0.35,100,123350
20240221,13:35:43,0.4,500,123350
20240221,13:40:38,0.35,100,123350
20240221,13:41:33,0.4,300,123500
20240221,13:41:48,0.4,50,123500
20240221,13:43:08,0.4,50,123500
20240221,13:43:50,0.4,200,123500
20240221,13:46:56,0.35,250,123500
20240221,13:47:20,0.35,250,123500
20240221,13:47:35,0.35,250,123500
20240221,13:47:43,0.35,250,123500
20240221,13:47:56,0.35,250,123500
20240221,13:48:17,0.35,50,123500
20240221,13:48:20,0.35,250,123500
20240221,13:48:21,0.35,350,123500
20240221,13:48:32,0.35,250,123500
20240221,13:48:35,0.4,300,123500
20240221,13:48:51,0.35,250,123500
20240221,13:49:00,0.35,250,123500
20240221,13:49:02,0.35,50,123500
20240221,13:49:04,0.35,250,123500
20240221,13:49:14,0.35,50,123500
20240221,13:49:15,0.35,250,123500
20240221,13:49:18,0.35,250,123500
