date,time,tick_price,volume,open_interest
20240123,09:45:39,45.0,50,50
20240123,09:57:51,49.8,950,100
20240123,09:57:52,49.85,650,100
20240123,10:03:54,54.35,100,1650
20240123,10:04:16,53.9,100,1650
20240123,10:06:23,55.3,100,1650
20240123,10:06:59,57.4,50,1650
20240123,10:08:32,55.2,50,1650
20240123,10:08:47,54.9,100,1650
20240123,10:08:51,54.85,100,1650
20240123,10:09:31,55.05,100,1650
20240123,10:09:39,55.6,150,1650
20240123,10:12:18,53.7,100,1750
20240123,10:12:20,54.05,150,1750
20240123,10:13:05,52.3,50,1750
20240123,10:18:39,52.3,100,1900
20240123,10:29:31,62.4,50,2000
20240123,10:31:31,64.2,100,2000
20240123,10:31:41,64.2,250,2000
20240123,10:32:19,65.6,100,2000
20240123,10:32:27,64.95,50,2000
20240123,10:32:40,63.95,100,2000
20240123,10:32:46,63.45,150,2000
20240123,10:33:05,62.25,50,2300
20240123,10:33:20,62.0,100,2300
20240123,10:33:36,61.8,300,2300
20240123,10:33:56,61.7,100,2300
20240123,10:34:21,63.0,100,2300
20240123,10:34:33,62.95,50,2300
20240123,10:34:42,62.55,200,2300
20240123,10:35:26,62.9,100,2300
20240123,10:35:28,62.25,50,2300
20240123,10:36:30,62.2,50,2750
20240123,10:36:59,62.6,50,2750
20240123,10:38:21,64.8,400,2750
20240123,10:47:49,78.15,100,3000
20240123,10:47:57,78.5,650,3000
20240123,10:48:00,78.5,650,3000
20240123,10:48:00,78.5,100,3000
20240123,10:48:02,78.5,350,3000
20240123,10:48:02,79.0,50,3000
20240123,10:48:04,78.05,100,3000
20240123,10:48:05,78.05,50,3000
20240123,10:51:02,78.3,50,1450
20240123,10:51:06,77.05,150,1450
20240123,10:53:19,73.85,50,1450
20240123,11:03:24,76.0,50,1350
20240123,11:10:13,71.5,200,1350
20240123,11:12:16,71.85,150,1250
20240123,11:12:25,71.5,50,1250
20240123,11:25:23,73.8,150,1200
20240123,11:25:26,71.85,100,1200
20240123,11:25:43,73.45,100,1200
20240123,11:25:49,73.35,100,1200
20240123,11:26:12,73.65,50,1200
20240123,11:26:31,73.95,50,1200
20240123,11:26:33,73.7,50,1200
20240123,11:27:45,73.35,150,1000
20240123,11:27:46,72.85,100,1000
20240123,11:27:49,72.35,100,1000
20240123,11:28:32,73.35,150,1000
20240123,11:28:40,72.55,50,1000
20240123,11:28:48,72.15,100,1000
20240123,11:29:25,72.2,100,1000
20240123,11:29:43,73.25,100,1000
20240123,11:30:25,74.75,50,650
20240123,11:31:56,78.7,50,650
20240123,11:32:52,79.0,200,650
20240123,11:33:20,83.05,200,800
20240123,11:33:32,80.75,50,800
20240123,11:33:41,79.9,150,800
20240123,11:34:33,79.05,50,800
20240123,11:38:34,82.1,500,700
20240123,11:40:15,82.05,150,750
20240123,11:42:47,85.7,50,650
20240123,11:44:52,85.55,1350,650
20240123,11:45:16,87.2,250,2000
20240123,11:45:27,87.25,400,2000
20240123,11:45:39,87.25,1800,2000
20240123,11:45:48,86.75,100,2000
20240123,11:45:58,86.75,2050,2000
20240123,11:46:13,88.6,500,2000
20240123,11:46:25,87.7,1650,2000
20240123,11:46:34,87.0,5750,2000
20240123,11:46:35,87.75,700,2000
20240123,11:46:51,87.0,200,2000
20240123,11:48:58,86.8,300,14450
20240123,11:49:20,84.0,500,14450
20240123,11:49:33,84.2,150,14450
20240123,11:49:43,84.2,150,14450
20240123,11:49:51,86.45,450,14450
20240123,11:50:03,83.1,3800,14450
20240123,11:50:07,84.1,4150,14450
20240123,11:50:21,84.5,50,14450
20240123,11:50:31,84.05,100,14450
20240123,11:50:53,83.15,200,14450
20240123,11:51:03,83.6,750,23350
20240123,11:51:05,83.4,550,23350
20240123,11:51:25,85.55,50,23350
20240123,11:51:33,84.45,250,23350
20240123,11:51:43,84.05,350,23350
20240123,11:51:57,85.9,200,23350
20240123,11:52:29,85.25,200,23350
20240123,11:52:43,85.4,250,23350
20240123,11:52:47,85.3,450,23350
20240123,11:52:58,85.3,200,23350
20240123,11:54:03,91.95,150,25600
20240123,11:55:05,90.55,50,25600
20240123,11:55:11,90.25,100,25600
20240123,11:55:33,90.4,50,25600
20240123,11:55:43,90.4,2050,25600
20240123,11:55:56,88.25,3150,25600
20240123,11:56:07,88.9,2900,25600
20240123,11:56:09,89.1,1950,25600
20240123,11:56:25,88.4,850,25600
20240123,11:56:35,89.5,450,25600
20240123,11:56:43,89.8,500,25600
20240123,11:57:06,90.1,450,15700
20240123,11:57:14,91.1,1500,15700
20240123,11:57:30,92.25,50,15700
20240123,11:57:45,92.35,550,15700
20240123,11:57:56,92.3,1100,15700
20240123,11:57:59,92.55,650,15700
20240123,11:58:09,94.2,200,15700
20240123,11:58:25,94.8,100,15700
20240123,11:58:41,95.6,50,15700
20240123,11:58:55,95.95,850,15700
20240123,11:59:09,93.0,400,15700
20240123,11:59:19,93.95,300,15700
20240123,11:59:31,93.4,50,15700
20240123,11:59:37,94.1,250,15700
20240123,11:59:48,95.3,50,15700
20240123,12:00:11,93.5,650,11400
20240123,12:01:04,96.0,850,11400
20240123,12:01:18,96.45,50,11400
20240123,12:01:33,98.45,50,11400
20240123,12:01:44,100.25,100,11400
20240123,12:01:49,97.55,300,11400
20240123,12:02:34,99.15,150,11400
20240123,12:02:59,100.35,150,11400
20240123,12:03:18,98.75,200,10100
20240123,12:03:35,102.3,50,10100
20240123,12:03:37,102.6,100,10100
20240123,12:03:39,101.45,100,10100
20240123,12:04:37,106.95,50,10100
20240123,12:05:06,102.1,50,10100
20240123,12:05:50,102.2,100,10100
20240123,12:06:04,103.2,400,10000
20240123,12:07:00,106.7,50,10000
20240123,12:10:02,106.6,50,9950
20240123,12:10:07,105.85,50,9950
20240123,12:12:38,103.65,100,9850
20240123,12:16:45,96.25,100,9900
20240123,12:16:56,96.3,450,9900
20240123,12:17:09,97.25,500,9900
20240123,12:22:05,103.8,50,9700
20240123,12:22:16,104.0,100,9700
20240123,12:29:41,100.8,50,9550
20240123,12:31:25,100.75,100,9550
20240123,12:32:43,99.65,300,9550
20240123,12:34:53,98.4,200,9350
20240123,12:37:13,98.3,250,9250
20240123,12:37:27,98.35,150,9250
20240123,12:41:34,105.5,100,8950
20240123,12:41:42,105.3,50,8950
20240123,12:43:08,105.2,300,9050
20240123,12:48:50,106.35,400,9050
20240123,12:49:06,105.55,100,9050
20240123,12:49:52,105.35,200,9050
20240123,12:50:20,104.95,100,9050
20240123,12:50:49,104.75,100,9050
20240123,12:52:02,105.2,100,8950
20240123,12:52:35,105.3,100,8950
20240123,12:54:45,106.9,200,9050
20240123,12:55:08,107.95,100,9050
20240123,12:55:20,108.45,100,9050
20240123,12:58:28,115.5,50,9050
20240123,12:58:48,116.35,200,9050
20240123,12:58:56,117.0,50,9050
20240123,13:00:29,116.35,100,9200
20240123,13:00:47,116.95,50,9200
20240123,13:01:55,113.35,100,9200
20240123,13:02:08,113.95,150,9200
20240123,13:02:29,114.5,100,9200
20240123,13:02:38,113.8,300,9200
20240123,13:03:38,113.4,50,9250
20240123,13:05:28,113.25,150,9250
20240123,13:05:39,113.7,50,9250
20240123,13:08:42,116.25,50,9350
20240123,13:10:52,121.5,200,9350
20240123,13:11:11,120.5,200,9350
20240123,13:11:40,119.9,100,9350
20240123,13:12:14,118.75,100,9150
20240123,13:12:16,118.95,150,9150
20240123,13:12:41,117.85,50,9150
20240123,13:13:02,116.2,750,9150
20240123,13:13:03,115.1,50,9150
20240123,13:13:18,115.4,100,9150
20240123,13:13:24,115.05,100,9150
20240123,13:13:25,115.45,200,9150
20240123,13:17:56,114.6,300,8300
20240123,13:21:05,115.4,50,8200
20240123,13:21:34,115.55,50,8150
20240123,13:23:13,117.55,50,8150
20240123,13:28:47,118.25,150,8100
20240123,13:31:46,118.35,50,8000
20240123,13:33:56,120.65,50,7950
20240123,13:34:33,119.15,500,7950
20240123,13:34:59,121.2,50,7950
20240123,13:35:50,118.25,50,7950
20240123,13:36:14,118.2,50,7950
20240123,13:41:11,120.4,50,8250
20240123,13:42:48,119.8,50,8200
20240123,13:43:05,121.3,50,8200
20240123,13:45:23,120.15,50,8150
20240123,13:47:08,118.4,150,8150
20240123,13:48:30,117.3,50,8050
20240123,13:48:45,117.45,50,8050
20240123,13:48:48,117.2,150,8050
20240123,13:50:23,117.0,50,8050
20240123,13:51:40,123.05,100,7850
20240123,13:52:34,124.0,50,7850
20240123,13:54:13,122.45,150,7850
20240123,13:54:41,122.3,100,7700
20240123,13:55:09,123.4,50,7700
20240123,13:55:55,124.0,50,7700
20240123,13:56:48,126.4,100,7700
20240123,14:05:03,123.4,50,7650
20240123,14:07:05,119.85,250,7650
20240123,14:07:47,122.85,50,7650
20240123,14:07:58,123.9,50,7650
20240123,14:08:12,124.3,200,7650
20240123,14:15:53,127.0,150,7700
20240123,14:19:35,130.55,50,7650
20240123,14:19:36,129.45,50,7650
20240123,14:19:36,129.4,50,7650
20240123,14:20:46,132.4,100,7650
20240123,14:24:11,138.8,150,7650
20240123,14:24:42,140.15,100,7600
20240123,14:25:28,143.75,100,7600
20240123,14:27:03,150.45,250,7600
20240123,14:27:35,150.4,150,7550
20240123,14:28:26,152.8,250,7550
20240123,14:29:09,149.75,100,7550
20240123,14:30:41,146.55,100,7650
20240123,14:31:46,137.15,50,7650
20240123,14:32:05,140.8,500,7650
20240123,14:32:59,141.1,50,7650
20240123,14:33:23,139.8,50,7650
20240123,14:39:18,152.1,800,8100
20240123,14:39:27,151.45,100,8150
20240123,14:42:20,144.2,50,8150
20240123,14:42:31,144.05,50,8100
20240123,14:42:51,144.75,100,8100
20240123,14:43:01,145.0,50,8100
20240123,14:45:53,147.25,100,8050
20240123,14:53:45,142.35,100,8100
20240123,14:53:56,142.45,50,8100
20240123,14:54:08,143.65,50,8100
20240123,14:54:54,143.7,150,8100
20240123,14:55:06,146.85,450,8100
20240123,14:55:23,145.95,100,8100
20240123,14:56:21,148.5,100,8100
20240123,14:58:05,150.45,50,8000
20240123,15:02:37,154.95,200,8000
20240123,15:02:44,155.7,50,8000
20240123,15:03:21,159.6,50,8000
20240123,15:04:00,158.85,100,8100
20240123,15:06:44,157.05,50,8050
20240123,15:06:48,156.85,50,8050
20240123,15:07:53,148.35,400,8050
20240123,15:08:37,144.35,150,8050
20240123,15:13:17,150.4,50,8300
20240123,15:14:28,145.65,500,8300
20240123,15:18:07,145.65,100,8250
20240123,15:19:50,146.05,50,8350
20240123,15:20:05,146.0,50,8350
20240123,15:20:15,144.3,50,8350
20240123,15:22:57,141.45,150,8350
20240123,15:23:37,141.7,300,8350
20240123,15:24:49,144.55,50,8500
20240123,15:25:14,146.8,50,8500
20240123,15:26:01,141.7,50,8500
20240123,15:26:34,141.6,200,8500
20240123,15:27:46,142.05,900,8650
20240123,15:29:03,145.45,50,8650
20240123,15:29:17,145.95,100,8650
20240123,15:29:59,146.15,1,8450
20240124,09:15:53,146.1,1,8450
20240124,09:15:53,146.1,50,8450
20240124,09:16:59,159.6,200,8450
20240124,09:17:07,159.6,300,8450
20240124,09:18:47,160.5,100,8450
20240124,09:18:58,164.1,100,8450
20240124,09:19:31,165.0,50,8450
20240124,09:19:43,169.7,350,8450
20240124,09:20:05,165.0,100,8450
20240124,09:20:47,152.1,50,8450
20240124,09:22:14,136.05,100,8350
20240124,09:37:28,136.05,100,8250
20240124,09:37:57,136.8,100,8250
20240124,09:40:37,130.4,50,8250
20240124,09:44:13,130.4,100,8100
20240124,09:45:38,129.75,100,8200
20240124,09:47:11,123.35,100,8200
20240124,09:47:44,120.0,200,8200
20240124,09:52:56,120.0,300,8100
20240124,09:54:10,125.8,50,8100
20240124,10:00:17,111.9,100,8100
20240124,10:01:57,106.85,100,8100
20240124,10:03:33,106.85,50,8200
20240124,10:03:57,119.25,150,8200
20240124,10:04:07,119.85,150,8200
20240124,10:04:28,119.55,100,8200
20240124,10:11:50,130.5,100,8250
20240124,10:12:01,129.4,50,8250
20240124,10:12:12,125.5,100,8300
20240124,10:12:33,128.25,50,8300
20240124,10:13:44,129.65,150,8300
20240124,10:13:55,129.3,50,8300
20240124,10:18:02,112.3,150,8200
20240124,10:23:29,107.0,150,8150
20240124,10:27:07,104.55,50,8150
20240124,10:29:33,104.55,200,8150
20240124,10:35:31,103.0,50,8400
20240124,10:35:40,103.0,100,8400
20240124,10:35:41,104.05,50,8400
20240124,10:36:13,103.5,200,8400
20240124,10:36:51,104.65,50,8400
20240124,10:38:00,103.25,50,8400
20240124,10:40:10,100.0,50,8200
20240124,10:46:26,100.0,50,8250
20240124,10:48:24,113.15,100,8250
20240124,10:49:31,115.2,50,8250
20240124,10:55:02,103.75,150,8250
20240124,10:55:53,104.85,50,8250
20240124,10:57:18,106.9,50,8350
20240124,10:58:56,109.85,100,8350
20240124,10:58:57,110.0,50,8350
20240124,11:00:58,106.05,100,8400
20240124,11:05:32,107.0,50,8350
20240124,11:07:14,107.9,100,8350
20240124,11:07:45,107.9,50,8350
20240124,11:09:52,110.0,50,8350
20240124,11:10:30,108.6,50,8350
20240124,11:11:07,105.9,50,8350
20240124,11:11:23,106.5,100,8350
20240124,11:11:43,106.85,50,8350
20240124,11:11:52,108.0,50,8350
20240124,11:12:09,108.2,100,8350
20240124,11:22:30,108.8,50,8450
20240124,11:26:19,115.4,50,8450
20240124,11:30:49,130.0,50,8450
20240124,11:32:00,134.0,50,8450
20240124,11:32:12,135.85,50,8450
20240124,11:32:47,136.85,50,8450
20240124,11:33:18,132.5,50,8450
20240124,11:33:30,134.45,100,8450
20240124,11:34:52,132.9,100,8450
20240124,11:35:23,135.35,100,8450
20240124,11:36:04,130.15,150,8450
20240124,11:36:29,123.0,150,8450
20240124,11:36:40,121.55,50,8450
20240124,11:36:52,119.0,50,8450
20240124,11:37:16,110.0,300,8450
20240124,11:38:50,130.0,100,8450
20240124,11:45:56,127.25,150,8800
20240124,11:48:30,132.1,300,8750
20240124,11:48:40,130.85,100,8750
20240124,11:49:10,132.4,150,8750
20240124,11:52:21,129.0,250,9000
20240124,11:56:08,130.0,250,9200
20240124,11:56:36,131.15,50,9200
20240124,11:59:10,131.45,150,9200
20240124,11:59:39,130.55,200,9350
20240124,12:00:33,132.8,200,9400
20240124,12:06:28,138.65,50,9600
20240124,12:06:51,135.7,150,9600
20240124,12:10:34,135.7,50,9650
20240124,12:13:03,138.3,100,9700
20240124,12:14:37,135.95,100,9700
20240124,12:14:48,137.3,250,9700
20240124,12:16:37,133.1,50,9950
20240124,12:16:47,134.6,200,9950
20240124,12:20:20,124.45,400,10100
20240124,12:20:41,126.3,200,10100
20240124,12:21:39,128.4,400,10700
20240124,12:22:19,131.6,50,10700
20240124,12:22:29,132.9,200,10700
20240124,12:24:02,133.15,200,10700
20240124,12:28:02,144.4,100,11500
20240124,12:29:09,140.6,650,11500
20240124,12:29:20,139.45,200,11500
20240124,12:29:30,139.45,50,11500
20240124,12:29:40,137.75,150,11500
20240124,12:32:45,144.8,50,11500
20240124,12:33:04,143.95,100,11500
20240124,12:33:13,145.4,200,11500
20240124,12:33:33,148.35,150,11750
20240124,12:35:10,143.75,200,11750
20240124,12:35:56,143.35,200,11750
20240124,12:36:45,147.95,250,11900
20240124,12:38:38,146.75,400,11900
20240124,12:51:41,128.05,400,12550
20240124,12:52:22,127.7,100,12550
20240124,12:55:40,126.8,50,12900
20240124,12:56:08,129.55,200,12900
20240124,12:56:27,129.55,100,12900
20240124,12:57:32,128.35,50,13100
20240124,12:59:00,122.7,50,13100
20240124,12:59:47,126.7,50,13100
20240124,13:00:53,120.0,50,13150
20240124,13:01:17,115.5,50,13150
20240124,13:03:31,116.55,50,13150
20240124,13:06:08,123.45,150,13200
20240124,13:06:30,124.0,100,13150
20240124,13:10:02,123.6,100,13150
20240124,13:11:41,124.6,100,13150
20240124,13:12:05,123.8,200,13150
20240124,13:12:43,123.05,100,13150
20240124,13:12:51,123.4,250,13150
20240124,13:16:32,123.8,100,13400
20240124,13:16:54,126.65,100,13400
20240124,13:17:16,122.65,150,13400
20240124,13:19:26,115.25,200,13150
20240124,13:19:47,114.05,100,13150
20240124,13:19:58,114.0,150,13150
20240124,13:20:09,114.1,50,13150
20240124,13:20:51,112.0,250,13150
20240124,13:21:44,114.7,100,13150
20240124,13:21:55,117.05,50,13150
20240124,13:23:02,118.0,150,13150
20240124,13:42:54,120.0,150,13250
20240124,13:43:04,122.45,100,13250
20240124,13:43:13,123.4,50,13250
20240124,13:45:38,121.65,150,13300
20240124,13:52:51,122.7,50,13450
20240124,13:58:11,119.5,50,13400
20240124,13:59:36,118.0,100,13400
20240124,14:05:42,107.7,300,13500
20240124,14:06:36,108.95,100,13400
20240124,14:06:46,109.2,50,13400
20240124,14:07:52,107.2,50,13400
20240124,14:08:31,112.05,50,13400
20240124,14:16:20,112.05,50,13450
20240124,14:18:14,115.5,100,13450
20240124,14:23:49,105.3,150,13500
20240124,14:24:40,109.55,50,13500
20240124,14:26:21,108.0,450,13500
20240124,14:26:22,108.0,500,13500
20240124,14:26:23,108.0,350,13500
20240124,14:27:56,105.3,50,14800
20240124,14:27:57,105.25,200,14800
20240124,14:30:06,102.75,50,14800
20240124,14:30:35,101.0,500,14800
20240124,14:30:37,100.35,50,14800
20240124,14:30:39,100.1,50,14800
20240124,14:40:39,95.55,50,14800
20240124,14:43:11,90.15,50,14800
20240124,14:43:13,90.1,50,14800
20240124,14:43:21,89.3,300,14800
20240124,14:43:42,89.95,50,14800
20240124,14:44:10,88.8,100,14800
20240124,14:44:33,88.8,50,14800
20240124,14:45:21,87.5,200,14800
20240124,14:47:53,87.5,100,14950
20240124,14:48:11,93.9,100,14950
20240124,14:49:31,97.0,100,14950
20240124,14:53:18,91.0,200,14950
20240124,14:53:27,90.35,50,14950
20240124,14:55:04,88.45,450,15000
20240124,14:55:34,88.9,50,15000
20240124,14:56:12,91.05,250,15000
20240124,14:56:22,90.35,50,15000
20240124,14:58:35,90.0,50,15000
20240124,14:59:27,89.5,150,15000
20240124,14:59:47,88.1,100,15000
20240124,14:59:58,86.55,2500,15000
20240124,15:00:09,86.8,150,15000
20240124,15:00:31,85.55,50,15000
20240124,15:00:54,84.65,100,15000
20240124,15:01:06,84.65,100,15000
20240124,15:01:17,85.0,50,15000
20240124,15:02:17,87.15,100,15000
20240124,15:02:38,88.5,350,15000
20240124,15:02:50,91.95,600,15000
20240124,15:03:02,92.7,300,15000
20240124,15:03:14,95.85,450,15000
20240124,15:03:26,95.25,50,15000
20240124,15:04:19,90.35,50,15050
20240124,15:05:12,90.35,50,15050
20240124,15:10:08,89.0,50,14950
20240124,15:12:11,89.0,50,14950
20240124,15:13:45,86.4,350,14950
20240124,15:15:39,82.7,400,14950
20240124,15:15:51,82.35,50,14950
20240124,15:16:01,81.5,50,14200
20240124,15:16:35,80.15,50,14200
20240124,15:16:56,80.1,50,14200
20240124,15:18:12,79.8,400,14200
20240124,15:22:04,78.4,700,14300
20240124,15:23:54,80.55,500,14300
20240124,15:24:03,79.0,50,14300
20240124,15:25:19,78.85,50,15200
20240124,15:25:47,78.1,400,15200
20240124,15:25:56,78.0,350,15200
20240124,15:27:32,77.0,300,15200
20240124,15:29:55,76.0,50,15150
20240125,09:23:50,94.95,1,14950
20240125,09:23:50,95.0,100,14950
20240125,09:24:14,91.5,1100,14600
20240125,09:24:44,99.35,50,14600
20240125,09:24:55,101.15,250,14600
20240125,09:25:06,101.15,200,14600
20240125,09:25:27,99.95,200,14600
20240125,09:31:30,92.45,100,14750
20240125,09:32:00,92.0,50,14750
20240125,09:38:38,90.5,100,14750
20240125,09:39:55,90.5,100,14750
20240125,09:41:51,94.5,50,14750
20240125,10:16:39,108.0,100,14850
20240125,10:21:08,118.0,100,14850
20240125,10:21:20,119.95,50,14850
20240125,10:22:46,119.95,50,14850
20240125,10:23:53,122.2,50,14850
20240125,10:32:00,122.2,50,14950
20240125,10:34:22,115.0,100,15000
20240125,10:34:43,116.0,50,15000
20240125,10:34:53,117.0,50,15000
20240125,10:36:03,118.3,100,15000
20240125,10:37:03,118.25,350,15150
20240125,10:38:01,116.25,100,15150
20240125,10:40:44,110.35,50,15200
20240125,10:42:27,112.2,50,15200
20240125,10:51:57,120.6,50,15200
20240125,10:54:26,124.0,100,15200
20240125,10:54:38,126.0,50,15250
20240125,10:55:13,128.0,50,15250
20240125,10:56:43,128.15,150,15250
20240125,10:58:04,128.4,50,15200
20240125,10:58:34,128.4,100,15200
20240125,11:03:25,127.7,50,15200
20240125,11:05:12,128.6,600,15200
20240125,11:05:40,128.6,50,15200
20240125,11:06:10,127.0,50,15200
20240125,11:07:46,127.35,50,15850
20240125,11:09:12,126.75,50,15850
20240125,11:09:21,124.0,200,15850
20240125,11:09:51,125.0,150,16000
20240125,11:11:09,121.2,50,16000
20240125,11:12:20,120.65,50,16000
20240125,11:13:06,121.1,200,16100
20240125,11:14:06,125.85,50,16100
20240125,11:18:48,119.45,250,16300
20240125,11:21:41,112.0,50,16300
20240125,11:35:20,122.25,150,16300
20240125,11:37:42,111.55,300,16350
20240125,11:39:06,105.0,150,16350
20240125,11:39:19,103.65,100,16350
20240125,11:40:16,101.0,100,16350
20240125,11:44:05,96.7,150,16350
20240125,11:49:09,104.55,50,16250
20240125,11:50:02,107.05,250,16250
20240125,11:50:03,107.8,250,16250
20240125,11:50:28,111.7,250,16250
20240125,11:50:47,113.8,100,16250
20240125,11:54:24,115.5,50,16500
20240125,11:57:01,120.05,200,16500
20240125,11:57:02,120.35,100,16500
20240125,11:58:36,116.35,250,16400
20240125,12:26:58,113.05,50,16550
20240125,12:26:59,114.0,50,16550
20240125,12:39:11,112.0,50,16500
20240125,12:40:15,107.1,100,16500
20240125,12:45:00,112.0,50,16450
20240125,13:00:30,119.65,50,16450
20240125,13:10:18,117.9,450,16450
20240125,13:13:21,114.0,50,16450
20240125,13:25:43,115.25,50,16450
20240125,13:48:41,107.45,50,16450
20240125,13:52:04,109.65,300,16450
20240125,14:00:24,109.1,50,16550
20240125,14:04:24,107.9,600,16550
20240125,14:06:45,105.0,50,16500
20240125,14:13:09,107.95,50,16500
20240125,14:13:26,107.9,300,16500
20240125,14:14:19,110.65,550,16500
20240125,14:15:31,110.9,200,16500
20240125,14:16:18,112.0,50,16950
20240125,14:19:59,113.4,100,17000
20240125,14:23:44,111.5,50,17100
20240125,14:26:52,110.8,150,17100
20240125,14:27:07,110.2,550,17100
20240125,14:28:16,111.75,100,17050
20240125,14:29:05,110.2,50,17050
20240125,14:29:06,110.0,50,17050
20240125,14:30:16,107.6,50,17050
20240125,14:30:19,107.35,50,17050
20240125,14:30:24,107.15,400,17050
20240125,14:32:25,108.6,150,17050
20240125,14:36:01,111.95,100,17050
20240125,14:36:04,112.0,100,17050
20240125,14:41:01,114.0,50,17050
20240125,14:44:40,115.0,50,17250
20240125,14:44:43,115.3,350,17250
20240125,14:46:18,114.1,50,17600
20240125,14:50:17,113.05,50,17550
20240125,14:52:01,111.05,50,17550
20240125,14:54:17,110.0,200,17550
20240125,14:57:02,108.95,50,17500
20240125,14:58:30,107.6,150,17500
20240125,15:00:05,106.7,50,17500
20240125,15:00:15,104.1,50,17500
20240125,15:01:05,100.25,300,17550
20240125,15:01:47,98.0,50,17550
20240125,15:02:19,95.1,50,17550
20240125,15:03:39,95.15,50,17550
20240125,15:04:21,95.1,50,17550
20240125,15:05:59,90.0,150,17550
20240125,15:07:16,88.05,300,17550
20240125,15:08:16,88.0,50,17550
20240125,15:09:06,86.0,50,17550
20240125,15:10:41,86.0,50,17550
20240125,15:11:21,88.0,50,17550
20240125,15:11:42,87.8,200,17550
20240125,15:12:04,85.0,100,17550
20240125,15:13:43,80.3,50,17350
20240125,15:14:05,80.3,100,17350
20240125,15:14:25,84.6,100,17350
20240125,15:16:13,84.65,200,17300
20240125,15:17:26,85.2,500,17300
20240125,15:17:49,84.2,100,17300
20240125,15:17:59,84.2,50,17300
20240125,15:18:10,84.1,50,17300
20240125,15:20:51,82.75,50,17250
20240125,15:21:29,79.45,200,17250
20240125,15:21:39,79.45,550,17250
20240125,15:22:09,79.45,50,17400
20240125,15:22:27,78.9,350,17400
20240125,15:22:55,78.9,50,17400
20240125,15:23:57,80.1,50,17400
20240125,15:25:04,80.7,450,17750
20240125,15:27:25,76.9,50,17750
20240125,15:27:49,76.9,50,17750
20240125,15:29:46,80.0,50,17800
20240129,09:18:20,75.0,1,17750
20240129,09:18:20,75.0,50,17750
20240129,09:18:45,70.0,50,17750
20240129,09:19:10,69.45,50,17750
20240129,09:19:41,68.0,100,17750
20240129,09:19:50,68.0,150,17750
20240129,09:19:58,68.0,200,17750
20240129,09:20:15,67.95,50,17500
20240129,09:20:24,65.05,50,17500
20240129,09:20:33,64.9,50,17500
20240129,09:20:53,64.9,100,17500
20240129,09:21:12,65.0,50,17500
20240129,09:22:41,65.2,50,17500
20240129,09:22:51,63.7,50,17500
20240129,09:22:59,63.7,100,17500
20240129,09:23:16,63.7,50,17650
20240129,09:24:00,63.7,150,17650
20240129,09:24:19,63.0,300,17650
20240129,09:24:27,61.65,50,17650
20240129,09:25:44,61.65,250,17650
20240129,09:25:54,62.4,200,17650
20240129,09:28:03,63.9,100,17100
20240129,09:28:27,64.15,400,17100
20240129,09:28:55,63.4,400,17100
20240129,09:30:39,64.75,400,17000
20240129,09:33:16,68.8,1000,17000
20240129,09:34:13,66.0,1800,17000
20240129,09:35:58,68.65,50,17400
20240129,09:38:01,69.2,50,17400
20240129,09:42:23,66.1,100,17500
20240129,09:45:21,66.35,50,17550
20240129,09:48:42,70.0,150,17500
20240129,09:49:30,68.65,500,17500
20240129,09:49:37,68.65,500,17500
20240129,09:49:45,70.0,1050,17500
20240129,09:55:44,70.0,350,18600
20240129,09:57:17,69.0,50,18500
20240129,09:58:23,65.0,150,18500
20240129,09:58:32,65.0,50,18500
20240129,09:59:00,63.5,50,18500
20240129,09:59:11,63.0,100,18500
20240129,10:03:03,65.0,50,18400
20240129,10:08:33,66.0,100,18400
20240129,10:10:51,66.7,500,18400
20240129,10:11:08,64.5,200,18400
20240129,10:11:17,64.5,150,18400
20240129,10:11:24,64.55,50,19000
20240129,10:11:34,65.05,1650,19000
20240129,10:11:42,65.15,800,19000
20240129,10:11:49,65.2,200,19000
20240129,10:11:57,64.8,750,19000
20240129,10:12:04,64.9,250,19000
20240129,10:12:12,64.65,150,19000
20240129,10:12:20,64.65,150,19000
20240129,10:12:27,64.25,600,19000
20240129,10:12:37,64.25,100,19000
20240129,10:13:24,63.95,300,19000
20240129,10:13:33,63.75,300,19000
20240129,10:13:42,64.4,250,19000
20240129,10:14:22,63.45,150,19000
20240129,10:14:40,63.9,600,23950
20240129,10:14:48,63.55,350,23950
20240129,10:14:56,62.75,150,23950
20240129,10:15:45,62.95,100,23950
20240129,10:16:32,62.35,100,23950
20240129,10:16:59,62.0,500,23950
20240129,10:17:07,61.85,100,23950
20240129,10:17:15,61.15,150,23950
20240129,10:17:48,61.15,200,25900
20240129,10:18:16,62.0,150,25900
20240129,10:18:47,62.3,200,25900
20240129,10:19:05,63.0,350,25900
20240129,10:19:12,62.0,300,25900
20240129,10:19:20,62.25,100,25900
20240129,10:19:28,62.7,450,25900
20240129,10:19:36,62.75,100,25900
20240129,10:19:44,62.75,1600,25900
20240129,10:19:51,63.0,700,25900
20240129,10:20:00,62.9,650,25900
20240129,10:20:09,63.3,900,25900
20240129,10:20:17,62.5,850,25900
20240129,10:20:25,62.85,750,30850
20240129,10:20:40,62.45,100,30850
20240129,10:20:56,61.8,200,30850
20240129,10:21:02,60.8,400,30850
20240129,10:21:05,60.8,200,30850
20240129,10:21:28,61.95,100,30850
20240129,10:21:32,62.65,50,30850
20240129,10:21:49,62.4,100,30850
20240129,10:21:50,61.6,100,30850
20240129,10:21:52,61.75,450,30850
20240129,10:21:55,62.4,100,30850
20240129,10:22:00,61.4,100,30850
20240129,10:25:52,62.4,200,32700
20240129,10:26:14,62.75,100,32700
20240129,10:27:42,62.4,100,32900
20240129,10:28:12,63.6,400,32900
20240129,10:28:25,63.55,400,32900
20240129,10:28:28,63.55,400,32900
20240129,10:28:29,64.3,300,32900
20240129,10:28:34,63.2,50,32900
20240129,10:28:36,63.7,50,32900
20240129,10:28:43,64.1,100,32900
20240129,10:28:45,63.2,50,32900
20240129,10:28:47,63.4,50,32900
20240129,10:29:01,63.85,100,32900
20240129,10:29:09,63.95,800,32900
20240129,10:29:35,63.05,100,34650
20240129,10:29:43,63.05,100,34650
20240129,10:30:05,63.0,50,34650
20240129,10:30:59,63.1,50,34650
20240129,10:31:43,65.05,50,34650
20240129,10:32:31,63.75,50,34850
20240129,10:33:20,64.8,50,34850
20240129,10:34:47,63.05,100,34850
20240129,10:36:30,63.4,50,34950
20240129,10:38:22,62.6,100,34950
20240129,10:44:07,63.65,100,35050
20240129,10:44:19,63.55,400,35050
20240129,10:48:01,64.2,50,35500
20240129,10:54:24,64.7,500,35500
20240129,10:55:03,63.0,150,35500
20240129,10:55:20,62.25,400,35500
20240129,10:58:36,61.75,50,35500
20240129,10:59:19,61.75,50,35500
20240129,10:59:27,61.2,50,35550
20240129,11:00:08,61.2,300,35550
20240129,11:00:11,60.3,1800,35550
20240129,11:00:21,60.3,50,35550
20240129,11:00:27,61.25,50,35550
20240129,11:00:40,61.35,100,35550
20240129,11:01:39,60.3,500,35550
20240129,11:02:46,61.4,50,37650
20240129,11:03:30,61.4,50,37650
20240129,11:05:10,61.05,50,37650
20240129,11:06:47,60.6,550,37700
20240129,11:07:01,60.7,100,37700
20240129,11:11:59,60.85,250,37700
20240129,11:14:07,61.9,50,37700
20240129,11:14:36,62.05,50,37800
20240129,11:19:38,63.45,50,37800
20240129,11:21:19,64.0,50,37800
20240129,11:21:28,65.45,1800,37800
20240129,11:22:06,64.15,150,37800
20240129,11:23:00,63.8,100,37800
20240129,11:24:05,64.35,200,36150
20240129,11:24:14,64.3,200,36150
20240129,11:25:16,63.8,50,36150
20240129,11:25:42,64.35,100,36150
20240129,11:29:42,60.0,150,36150
20240129,11:29:53,59.1,50,36150
20240129,11:30:32,57.6,50,36150
20240129,11:30:44,56.2,2000,36150
20240129,11:30:55,57.9,200,36150
20240129,11:31:06,58.0,100,36150
20240129,11:31:46,58.95,100,36150
20240129,11:32:32,59.9,100,36150
20240129,11:33:52,60.75,100,38250
20240129,11:34:10,61.1,100,38250
20240129,11:35:14,61.0,450,38250
20240129,11:36:00,61.0,450,38100
20240129,11:36:19,60.45,150,38100
20240129,11:36:37,60.45,50,38100
20240129,11:37:12,60.65,50,38100
20240129,11:37:32,60.15,100,38100
20240129,11:41:15,60.0,50,38200
20240129,11:45:37,60.0,300,38200
20240129,11:50:42,60.1,500,38200
20240129,11:50:51,60.25,1450,38200
20240129,11:50:59,60.5,150,38200
20240129,11:51:08,60.35,150,38200
20240129,11:51:17,60.45,300,38200
20240129,11:51:26,60.35,50,38200
20240129,11:51:34,60.25,200,38200
20240129,11:51:42,60.1,100,38200
20240129,11:51:50,59.9,100,38200
20240129,11:51:59,59.65,200,38200
20240129,11:52:08,59.65,50,38200
20240129,11:52:16,59.55,300,38200
20240129,11:52:24,59.5,100,38200
20240129,11:52:32,59.5,350,38200
20240129,11:52:40,59.65,150,38200
20240129,11:52:48,59.7,350,38200
20240129,11:52:57,59.55,300,38200
20240129,11:53:05,59.65,100,38200
20240129,11:53:29,60.2,50,38200
20240129,11:53:40,59.95,500,33300
20240129,11:53:48,59.55,150,33300
20240129,11:53:56,59.3,1900,33300
20240129,11:54:05,58.5,150,33300
20240129,11:54:15,58.5,600,33300
20240129,11:54:24,58.65,350,33300
20240129,11:54:33,58.5,350,33300
20240129,11:54:44,58.45,100,33300
20240129,11:54:55,58.4,400,33300
20240129,11:55:06,58.75,150,33300
20240129,11:55:16,59.05,150,33300
20240129,11:55:25,59.35,350,33300
20240129,11:55:34,59.45,350,33300
20240129,11:55:43,59.85,250,33300
20240129,11:55:53,59.75,50,33300
20240129,11:56:03,59.8,50,33300
20240129,11:56:31,60.5,100,33300
20240129,11:58:24,60.1,100,30400
20240129,12:00:03,60.4,100,30300
20240129,12:00:27,60.45,100,30300
20240129,12:02:43,60.9,100,30300
20240129,12:03:54,59.95,100,30300
20240129,12:04:11,60.3,250,30300
20240129,12:06:44,59.75,150,30450
20240129,12:08:10,60.2,100,30450
20240129,12:13:00,60.4,200,30300
20240129,12:23:38,59.6,200,30400
20240129,12:24:00,59.95,400,30300
20240129,12:24:19,60.55,150,30300
20240129,12:26:02,60.45,150,30300
20240129,12:26:49,61.4,150,29900
20240129,12:27:28,60.45,50,29900
20240129,12:28:41,61.1,150,29900
20240129,12:29:42,60.95,100,29850
20240129,12:30:18,60.05,150,29850
20240129,12:31:07,60.0,1050,29850
20240129,12:31:51,59.55,100,29850
20240129,12:33:35,59.3,100,29850
20240129,12:35:42,57.85,500,29850
20240129,12:39:56,59.0,350,30300
20240129,12:40:55,59.0,100,30300
20240129,12:43:05,59.0,100,30500
20240129,12:55:27,59.0,100,30500
20240129,13:00:23,57.55,50,30550
20240129,13:01:58,57.55,50,30550
20240129,13:07:11,59.5,50,30450
20240129,13:11:38,60.6,50,30500
20240129,13:18:49,59.45,50,30500
20240129,13:19:22,60.6,50,30500
20240129,13:27:08,60.65,100,30550
20240129,13:28:04,61.0,100,30550
20240129,13:31:03,61.0,200,30450
20240129,13:39:31,61.0,100,30400
20240129,13:48:11,59.35,1550,30400
20240129,13:48:20,58.95,100,30400
20240129,13:48:37,59.05,100,30400
20240129,13:49:44,59.0,100,30400
20240129,13:49:53,58.0,200,30400
20240129,13:50:01,58.55,250,30400
20240129,13:51:29,59.8,50,30500
20240129,14:00:36,58.5,50,30500
20240129,14:16:45,60.0,100,30500
20240129,14:18:56,58.0,200,30500
20240129,14:23:44,58.05,200,30700
20240129,14:24:42,58.0,200,30600
20240129,14:27:28,58.05,200,30600
20240129,14:31:19,60.05,150,30700
20240129,14:31:29,60.5,200,30700
20240129,14:31:38,60.2,350,30700
20240129,14:31:47,60.35,500,30700
20240129,14:31:55,60.35,400,30700
20240129,14:32:04,60.25,350,30700
20240129,14:32:14,60.0,350,30700
20240129,14:32:53,60.95,150,30700
20240129,14:34:43,60.1,100,30950
20240129,14:35:43,59.6,150,30950
20240129,14:36:11,58.9,100,30950
20240129,14:37:29,58.2,50,30950
20240129,14:39:20,56.2,650,30900
20240129,14:39:29,56.7,150,30900
20240129,14:41:32,57.3,50,30900
20240129,14:55:39,57.25,100,31250
20240129,14:56:10,57.3,250,31250
20240129,14:57:07,57.3,50,31150
20240129,14:58:13,58.65,50,31150
20240129,15:00:21,59.0,200,31200
20240129,15:00:50,60.75,150,31200
20240129,15:01:47,59.85,50,31200
20240129,15:02:27,53.55,100,31200
20240129,15:02:56,53.55,100,31200
20240129,15:07:48,57.45,100,31100
20240129,15:09:26,54.85,250,31100
20240129,15:10:30,54.85,50,31100
20240129,15:13:09,56.75,50,31250
20240129,15:13:36,56.45,100,31250
20240129,15:13:55,57.0,50,31250
20240129,15:14:32,56.45,50,31250
20240129,15:14:50,56.4,100,31250
20240129,15:15:00,57.25,150,31250
20240129,15:15:21,56.1,50,31550
20240129,15:15:41,56.1,50,31550
20240129,15:15:59,56.1,200,31550
20240129,15:17:36,56.65,50,31550
20240129,15:18:23,56.75,500,31800
20240129,15:18:33,56.8,50,31800
20240129,15:19:00,56.25,50,31800
20240129,15:19:11,54.95,500,31800
20240129,15:20:21,55.55,150,31800
20240129,15:20:32,55.7,200,31800
20240129,15:20:41,55.55,50,31800
20240129,15:22:02,53.8,800,32200
20240129,15:23:12,54.35,500,32200
20240129,15:23:54,52.4,50,32200
20240129,15:25:31,52.4,50,32850
20240129,15:25:51,54.7,250,32850
20240129,15:26:12,53.05,50,32850
20240129,15:27:49,54.65,50,32650
20240129,15:28:58,53.25,50,32650
20240129,15:29:10,54.05,50,32650
20240129,15:29:35,52.45,50,32650
20240129,15:29:59,52.0,50,32650
20240130,09:19:10,53.85,1,32750
20240130,09:19:10,53.85,50,32750
20240130,09:19:31,51.15,100,32750
20240130,09:19:52,51.15,250,32750
20240130,09:20:58,55.35,450,32900
20240130,09:21:52,58.25,1050,32900
20240130,09:22:14,58.25,50,32900
20240130,09:24:47,59.65,50,32900
20240130,09:30:17,66.0,50,32900
20240130,09:30:29,66.0,1000,32900
20240130,09:30:39,66.0,50,32900
20240130,09:34:08,63.0,50,33850
20240130,09:37:47,63.0,100,33850
20240130,09:45:41,61.95,200,33750
20240130,09:49:39,59.2,50,33900
20240130,09:51:15,60.7,300,33900
20240130,09:51:25,60.7,100,33900
20240130,09:54:18,62.2,50,33500
20240130,09:58:48,61.0,100,33550
20240130,10:06:26,59.25,100,33550
20240130,10:06:37,59.75,250,33550
20240130,10:09:45,58.95,100,33650
20240130,10:10:05,57.8,400,33650
20240130,10:11:06,57.7,200,33650
20240130,10:12:06,56.2,1000,33100
20240130,10:12:47,56.95,100,33100
20240130,10:13:50,55.5,100,33100
20240130,10:14:02,55.05,250,33100
20240130,10:14:23,55.4,50,33100
20240130,10:14:44,55.75,100,32950
20240130,10:16:03,55.7,1800,32950
20240130,10:18:50,57.6,100,32700
20240130,10:20:25,58.05,50,32700
20240130,10:21:36,58.0,50,32800
20240130,10:22:06,57.75,200,32800
20240130,10:25:11,57.75,100,32600
20240130,10:25:21,55.85,100,32600
20240130,10:27:12,58.35,50,32650
20240130,10:42:59,59.2,100,32650
20240130,10:44:00,60.0,600,32650
20240130,10:44:11,60.6,150,32650
20240130,10:44:22,60.15,200,32650
20240130,10:44:42,60.15,50,32900
20240130,10:45:12,60.4,50,32900
20240130,10:45:34,62.45,650,32900
20240130,10:45:46,60.45,100,32900
20240130,10:45:57,59.05,50,32900
20240130,10:46:57,60.4,250,32900
20240130,10:47:17,59.75,350,32900
20240130,10:48:15,60.9,100,32950
20240130,10:48:27,61.75,50,32950
20240130,10:48:39,62.0,300,32950
20240130,10:49:11,61.15,50,32950
20240130,10:50:33,62.6,50,32950
20240130,10:50:45,63.4,400,33250
20240130,10:50:57,63.4,400,33250
20240130,10:51:30,62.1,150,33250
20240130,10:51:50,63.95,50,33250
20240130,10:53:01,62.3,50,33250
20240130,10:57:11,61.1,100,33400
20240130,11:01:09,59.35,50,33350
20240130,11:01:57,59.1,150,33350
20240130,11:06:54,63.2,250,33450
20240130,11:07:06,65.0,50,33450
20240130,11:09:21,64.15,50,33350
20240130,11:13:11,63.6,50,33400
20240130,11:14:21,63.0,100,33400
20240130,11:15:41,60.85,50,33400
20240130,11:15:51,62.4,50,33400
20240130,11:18:03,62.4,200,33450
20240130,11:21:40,60.65,350,33450
20240130,11:26:32,60.6,50,33450
20240130,11:33:02,58.45,50,33650
20240130,11:34:49,58.15,50,33650
20240130,11:36:00,59.0,50,33600
20240130,11:36:53,55.05,50,33600
20240130,11:44:20,58.15,100,33650
20240130,11:45:11,55.85,250,33550
20240130,11:46:21,57.5,200,33550
20240130,11:46:58,57.85,250,33550
20240130,11:55:15,58.45,50,33500
20240130,11:58:06,56.2,400,33500
20240130,11:59:23,55.3,400,33500
20240130,11:59:34,55.4,100,33500
20240130,11:59:44,55.5,250,33450
20240130,12:00:06,55.1,100,33450
20240130,12:00:25,55.3,100,33450
20240130,12:00:43,54.95,300,33450
20240130,12:00:53,56.15,600,33450
20240130,12:01:02,55.5,50,33450
20240130,12:01:13,56.45,50,33450
20240130,12:02:16,56.45,50,33450
20240130,12:02:42,56.75,50,33450
20240130,12:04:13,57.8,250,32350
20240130,12:07:20,58.0,200,32100
20240130,12:07:28,59.5,350,32100
20240130,12:07:46,59.5,50,32100
20240130,12:07:55,60.55,1300,32100
20240130,12:20:20,58.0,50,31800
20240130,12:28:58,58.6,50,31800
20240130,12:40:24,58.2,450,31800
20240130,12:43:30,58.05,50,31800
20240130,12:43:39,59.7,50,31800
20240130,12:44:24,58.55,250,31800
20240130,12:44:42,59.0,150,31800
20240130,12:47:27,60.6,50,32050
20240130,12:49:07,60.05,50,32100
20240130,12:50:17,60.05,50,32100
20240130,12:50:25,59.35,50,32100
20240130,12:50:51,58.85,200,32100
20240130,13:02:00,57.8,150,32450
20240130,13:06:49,59.05,150,32300
20240130,13:06:58,59.0,100,32300
20240130,13:12:09,61.05,50,32550
20240130,13:14:48,60.05,100,32550
20240130,13:21:43,59.95,4100,32550
20240130,13:21:54,60.1,750,32550
20240130,13:22:07,62.1,850,32550
20240130,13:22:20,60.45,350,32550
20240130,13:23:13,60.35,1000,32550
20240130,13:24:04,59.9,300,36500
20240130,13:24:34,59.0,100,36500
20240130,13:26:55,56.45,200,36500
20240130,13:32:13,56.65,50,36400
20240130,13:53:46,58.75,50,36400
20240130,13:53:55,58.7,350,36400
20240130,13:54:13,59.3,100,36200
20240130,13:54:22,59.5,50,36200
20240130,13:54:58,60.1,500,36200
20240130,13:55:06,60.3,200,36200
20240130,13:55:15,60.3,950,36200
20240130,13:58:08,58.85,50,35450
20240130,13:58:26,58.85,50,35450
20240130,13:59:36,58.8,50,35450
20240130,14:00:02,59.0,100,35450
20240130,14:02:04,60.3,50,35650
20240130,14:02:49,59.05,400,35650
20240130,14:03:49,60.0,50,35850
20240130,14:03:58,60.0,1750,35850
20240130,14:07:06,60.25,50,37600
20240130,14:07:47,61.2,50,37600
20240130,14:07:56,61.0,50,37600
20240130,14:11:41,58.45,1050,37600
20240130,14:15:14,57.85,650,38500
20240130,14:29:22,65.95,200,38050
20240130,14:29:46,64.3,50,38050
20240130,14:30:46,68.75,100,37900
20240130,14:30:56,68.75,250,37900
20240130,14:31:07,69.1,500,37900
20240130,14:31:18,69.9,100,37900
20240130,14:32:58,69.9,550,37900
20240130,14:33:30,70.3,50,37200
20240130,14:33:53,71.25,400,37200
20240130,14:34:04,73.1,2700,37200
20240130,14:34:16,70.05,100,37200
20240130,14:36:46,73.65,50,38850
20240130,14:36:58,74.6,450,38850
20240130,14:37:09,74.6,900,38850
20240130,14:37:19,75.35,400,38850
20240130,14:37:30,76.65,700,38850
20240130,14:37:42,75.0,1050,38850
20240130,14:37:54,75.4,50,38850
20240130,14:38:04,73.45,300,38850
20240130,14:38:25,70.4,100,38850
20240130,14:39:53,69.95,150,37450
20240130,14:40:46,74.65,100,37450
20240130,14:41:09,74.7,50,37450
20240130,14:41:20,75.25,200,37450
20240130,14:41:43,74.6,300,37450
20240130,14:42:13,72.45,200,37450
20240130,14:42:23,73.05,500,37950
20240130,14:43:05,72.15,50,37950
20240130,14:43:36,70.8,50,37950
20240130,14:43:57,70.9,50,37950
20240130,14:44:48,73.1,50,37950
20240130,14:45:09,72.35,1600,38050
20240130,14:46:13,75.0,250,38050
20240130,14:46:35,76.0,550,38050
20240130,14:46:56,73.35,300,38050
20240130,14:47:28,72.2,150,38050
20240130,14:47:39,71.5,100,38050
20240130,14:48:01,72.3,150,38050
20240130,14:50:01,71.4,200,38400
20240130,14:51:14,71.9,50,38400
20240130,14:52:24,72.25,400,38500
20240130,14:52:43,70.8,50,38500
20240130,14:54:16,73.85,50,38600
20240130,14:54:36,73.9,100,38600
20240130,14:55:05,73.9,100,38600
20240130,14:55:17,74.05,50,38600
20240130,14:55:46,73.5,50,38600
20240130,14:55:56,74.05,50,38600
20240130,14:56:05,74.7,50,38600
20240130,14:57:27,72.8,50,38150
20240130,14:57:38,74.7,100,38150
20240130,14:58:54,73.85,100,38150
20240130,14:59:03,73.2,50,38150
20240130,14:59:13,72.35,50,38150
20240130,14:59:34,72.15,150,38150
20240130,14:59:44,73.6,150,38150
20240130,14:59:54,73.25,150,38150
20240130,15:00:03,73.45,300,38150
20240130,15:00:13,73.1,150,37450
20240130,15:00:35,70.0,150,37450
20240130,15:00:56,73.55,700,37450
20240130,15:01:07,75.3,150,37450
20240130,15:01:33,76.35,50,37450
20240130,15:01:46,77.3,50,37450
20240130,15:02:09,78.5,50,37450
20240130,15:02:21,78.6,200,37450
20240130,15:02:43,77.05,100,37450
20240130,15:02:53,77.25,50,37450
20240130,15:03:15,77.1,100,37450
20240130,15:03:26,72.1,700,36250
20240130,15:03:38,73.75,200,36250
20240130,15:04:08,75.25,50,36250
20240130,15:04:19,76.8,150,36250
20240130,15:04:40,75.5,350,36250
20240130,15:05:31,76.0,50,36250
20240130,15:06:55,76.25,200,36050
20240130,15:07:17,77.65,50,36050
20240130,15:07:36,76.05,100,36050
20240130,15:07:46,78.35,150,36050
20240130,15:08:36,77.05,150,36050
20240130,15:08:47,77.35,50,36050
20240130,15:11:29,78.6,400,36200
20240130,15:11:39,79.0,50,36200
20240130,15:11:50,79.0,100,36200
20240130,15:12:20,79.0,200,36100
20240130,15:13:27,80.8,200,36100
20240130,15:13:36,80.8,150,36100
20240130,15:13:48,80.8,250,36100
20240130,15:14:08,76.35,250,36100
20240130,15:14:49,76.8,150,36100
20240130,15:14:59,76.75,150,36100
20240130,15:15:10,75.35,300,36100
20240130,15:15:21,76.5,200,35900
20240130,15:15:31,77.45,100,35900
20240130,15:16:47,76.05,50,35900
20240130,15:16:57,76.15,50,35900
20240130,15:17:16,74.95,500,35900
20240130,15:18:22,78.5,100,35600
20240130,15:18:32,79.15,200,35600
20240130,15:18:51,80.0,250,35600
20240130,15:19:23,78.15,200,35600
20240130,15:19:32,79.15,650,35600
20240130,15:19:42,79.1,50,35600
20240130,15:19:51,79.15,50,35600
20240130,15:20:10,78.7,650,35600
20240130,15:20:22,78.7,100,35600
20240130,15:20:41,78.3,100,35600
20240130,15:20:51,79.1,50,35600
20240130,15:22:01,76.85,150,33750
20240130,15:22:12,76.8,100,33750
20240130,15:22:23,76.9,250,33750
20240130,15:22:34,76.45,450,33750
20240130,15:22:44,76.3,200,33750
20240130,15:22:53,76.05,850,33750
20240130,15:23:03,75.9,250,33750
20240130,15:23:13,75.75,50,33750
20240130,15:23:22,76.4,150,33750
20240130,15:23:34,76.55,350,33750
20240130,15:23:45,76.95,150,33750
20240130,15:23:55,77.1,100,33750
20240130,15:24:04,77.25,50,33750
20240130,15:24:53,77.05,400,32550
20240130,15:25:03,77.0,50,32550
20240130,15:25:14,74.8,50,32550
20240130,15:25:33,73.0,250,32550
20240130,15:25:42,74.95,50,32550
20240130,15:26:52,75.0,1000,32550
20240130,15:27:12,74.85,50,32550
20240130,15:28:05,77.15,100,32750
20240130,15:29:31,76.85,100,32750
20240130,15:30:03,80.0,50,32750
20240131,09:17:43,84.95,1,32600
20240131,09:17:43,85.0,1400,32600
20240131,09:17:50,85.0,700,32600
20240131,09:17:57,85.35,3450,32600
20240131,09:18:12,85.35,100,32600
20240131,09:18:18,84.05,200,32600
20240131,09:18:25,84.0,1000,32600
20240131,09:18:32,84.0,50,32600
20240131,09:19:03,83.0,250,32600
20240131,09:19:12,82.0,50,32600
20240131,09:19:21,82.0,150,32600
20240131,09:19:30,82.85,450,32600
20240131,09:19:38,82.35,100,32600
20240131,09:19:56,80.15,1000,32600
20240131,09:20:05,80.15,100,32600
20240131,09:20:15,82.55,200,32600
20240131,09:20:24,83.3,300,32600
20240131,09:20:41,82.1,800,37900
20240131,09:20:50,83.55,50,37900
20240131,09:20:58,83.55,150,37900
20240131,09:21:06,82.55,100,37900
20240131,09:21:15,82.95,200,37900
20240131,09:21:33,85.05,100,37900
20240131,09:21:43,85.15,100,37900
20240131,09:21:52,85.4,50,37900
20240131,09:22:12,86.6,100,37900
20240131,09:22:22,87.85,450,37900
20240131,09:22:30,87.55,150,37900
20240131,09:22:39,86.7,50,37900
20240131,09:22:48,86.25,200,37900
20240131,09:22:56,85.3,150,37900
20240131,09:23:05,85.65,100,37900
20240131,09:23:14,85.45,50,37900
20240131,09:23:22,87.95,200,37900
20240131,09:23:31,87.95,400,39500
20240131,09:24:05,84.35,100,39500
20240131,09:24:15,85.55,100,39500
20240131,09:24:23,84.05,100,39500
20240131,09:24:32,84.8,200,39500
20240131,09:24:50,82.95,650,39500
20240131,09:25:07,83.35,200,39500
20240131,09:25:32,83.9,300,39500
20240131,09:25:40,83.5,100,39500
20240131,09:25:50,82.0,50,39500
20240131,09:26:54,83.0,100,40650
20240131,09:27:36,82.0,50,40650
20240131,09:27:55,77.85,350,40650
20240131,09:28:06,77.85,150,40650
20240131,09:28:16,78.95,300,40650
20240131,09:28:25,80.35,200,40650
20240131,09:28:34,79.7,200,40650
20240131,09:28:43,80.0,150,40650
20240131,09:28:53,80.15,100,40650
20240131,09:29:02,80.2,950,40650
20240131,09:29:11,80.0,400,40650
20240131,09:29:20,79.35,100,40650
20240131,09:29:50,77.6,250,41700
20240131,09:30:09,76.85,150,41700
20240131,09:30:28,78.45,500,41700
20240131,09:30:47,78.05,150,41700
20240131,09:30:56,79.55,300,41700
20240131,09:31:05,78.4,200,41700
20240131,09:31:15,80.6,750,41700
20240131,09:32:37,82.4,50,42450
20240131,09:34:42,77.45,100,42450
20240131,09:35:15,75.0,300,42450
20240131,09:35:24,73.9,200,42450
20240131,09:35:34,73.25,200,42750
20240131,09:35:43,73.25,550,42750
20240131,09:35:52,72.8,900,42750
20240131,09:36:02,70.9,1000,42750
20240131,09:36:13,70.45,650,42750
20240131,09:36:24,72.2,50,42750
20240131,09:36:54,70.05,300,42750
20240131,09:37:05,69.25,600,42750
20240131,09:37:24,71.3,300,42750
20240131,09:37:43,70.75,100,42750
20240131,09:37:52,70.6,100,42750
20240131,09:38:01,71.5,50,42750
20240131,09:38:09,70.5,200,42750
20240131,09:38:27,70.85,350,42750
20240131,09:38:35,71.35,50,45200
20240131,09:38:44,70.75,400,45200
20240131,09:38:53,71.4,200,45200
20240131,09:39:11,72.0,200,45200
20240131,09:40:04,71.1,100,45200
20240131,09:41:53,69.5,100,46050
20240131,09:43:16,69.5,50,46050
20240131,09:43:59,66.95,400,46050
20240131,09:44:39,66.95,450,45900
20240131,09:45:07,65.85,50,45900
20240131,09:46:12,65.85,50,45900
20240131,09:52:52,71.5,50,45450
20240131,09:54:10,70.5,200,45450
20240131,09:56:57,70.5,50,45650
20240131,09:59:42,70.5,50,45650
20240131,10:02:31,74.85,50,45650
20240131,10:03:53,71.0,50,45650
20240131,10:09:25,63.95,50,45700
20240131,10:09:26,62.25,50,45700
20240131,10:09:36,62.25,50,45700
20240131,10:10:11,65.7,250,45700
20240131,10:13:06,64.35,550,45700
20240131,10:14:38,65.55,300,45650
20240131,10:15:46,63.25,50,45650
20240131,10:17:11,62.6,50,45650
20240131,10:17:20,64.05,50,45650
20240131,10:18:32,62.65,50,45700
20240131,10:19:17,64.55,50,45700
20240131,10:19:26,64.25,400,45700
20240131,10:20:00,63.95,50,45700
20240131,10:20:17,64.6,250,45700
20240131,10:23:14,64.55,250,44900
20240131,10:24:45,63.85,50,44650
20240131,10:24:53,63.55,250,44650
20240131,10:27:29,63.85,250,44350
20240131,10:28:21,63.95,950,44350
20240131,10:28:30,66.9,450,44350
20240131,10:28:47,64.75,50,44350
20240131,10:29:04,65.15,100,44350
20240131,10:29:39,65.45,150,44350
20240131,10:30:21,64.45,50,43150
20240131,10:32:23,60.05,200,43150
20240131,10:33:02,60.05,50,42900
20240131,10:34:29,58.7,150,42900
20240131,10:36:51,57.2,200,43100
20240131,10:40:50,57.0,200,42900
20240131,10:41:12,57.0,50,42900
20240131,10:55:19,57.0,500,42800
20240131,11:00:50,57.25,50,43000
20240131,11:02:08,58.3,400,43000
20240131,11:02:16,58.6,250,43000
20240131,11:05:55,57.0,100,43350
20240131,11:08:43,53.2,500,43350
20240131,11:08:52,53.2,300,43450
20240131,11:09:02,56.4,150,43450
20240131,11:09:37,55.1,100,43450
20240131,11:15:16,57.75,150,43100
20240131,11:15:41,56.7,150,43100
20240131,11:15:49,56.65,1000,43100
20240131,11:15:57,57.85,150,43100
20240131,11:16:15,57.45,100,43100
20240131,11:16:32,56.55,50,43100
20240131,11:16:57,57.6,150,43100
20240131,11:17:31,58.95,150,43100
20240131,11:17:57,58.1,150,42800
20240131,11:18:05,57.95,50,42800
20240131,11:18:13,58.95,450,42800
20240131,11:18:30,57.95,50,42800
20240131,11:18:38,57.7,150,42800
20240131,11:18:47,58.1,50,42800
20240131,11:19:22,57.3,200,42800
20240131,11:19:47,56.75,200,42800
20240131,11:20:14,56.7,50,42800
20240131,11:22:03,58.35,300,41950
20240131,11:22:19,58.65,150,41950
20240131,11:22:36,59.25,50,41950
20240131,11:24:13,59.9,300,42200
20240131,11:24:22,60.35,150,42200
20240131,11:24:31,60.5,100,42200
20240131,11:25:54,60.2,100,42200
20240131,11:27:17,56.75,100,41650
20240131,11:27:42,57.5,550,41650
20240131,11:30:56,54.65,100,41950
20240131,11:31:54,53.5,50,41950
20240131,11:32:35,53.5,50,41950
20240131,11:33:03,54.7,50,42100
20240131,11:33:12,54.5,50,42100
20240131,11:34:22,54.3,250,42100
20240131,11:34:47,53.25,50,42100
20240131,11:36:10,54.4,350,41950
20240131,11:36:44,54.55,100,41950
20240131,11:36:55,54.5,100,41950
20240131,11:37:12,54.75,150,41950
20240131,11:37:15,54.6,50,41950
20240131,11:37:20,54.45,50,41950
20240131,11:38:13,55.75,100,41950
20240131,11:38:42,55.35,50,41950
20240131,11:38:48,55.05,50,42400
20240131,11:39:01,55.2,50,42400
20240131,11:41:18,53.9,500,42400
20240131,11:41:46,53.75,50,42400
20240131,11:42:34,53.8,50,42450
20240131,11:43:07,54.5,400,42450
20240131,11:43:16,54.45,300,42450
20240131,11:43:24,55.05,200,42450
20240131,11:46:57,53.7,100,42100
20240131,11:47:05,55.0,500,42100
20240131,11:50:43,54.65,50,42200
20240131,11:51:23,55.35,250,42150
20240131,11:52:04,55.5,50,42150
20240131,11:54:06,53.95,350,42400
20240131,11:54:24,54.05,100,42400
20240131,11:55:46,54.8,50,42400
20240131,11:56:02,54.5,950,42400
20240131,11:56:57,53.5,50,43200
20240131,11:57:22,53.5,50,43200
20240131,11:57:38,53.55,200,43200
20240131,11:57:56,53.95,950,43200
20240131,11:58:04,53.25,50,43200
20240131,11:58:13,53.0,350,43200
20240131,11:59:10,52.3,350,43200
20240131,11:59:59,52.3,250,43300
20240131,12:00:08,53.55,300,43300
20240131,12:05:54,51.1,100,43000
20240131,12:06:03,51.1,50,43050
20240131,12:07:18,50.7,100,43050
20240131,12:07:27,50.2,100,43050
20240131,12:07:36,50.2,50,43050
20240131,12:07:52,50.8,100,43050
20240131,12:08:08,50.75,300,43050
20240131,12:08:40,51.15,50,43050
20240131,12:08:55,51.25,100,43600
20240131,12:10:31,51.6,200,43600
20240131,12:14:50,52.15,50,43700
20240131,12:15:05,52.5,50,43700
20240131,12:15:23,52.8,100,43700
20240131,12:16:36,52.15,150,43700
20240131,12:17:03,53.35,50,43700
20240131,12:17:56,53.35,50,43700
20240131,12:21:28,53.25,200,43700
20240131,12:21:36,53.75,200,43700
20240131,12:25:15,53.05,50,43500
20240131,12:27:45,55.95,50,43550
20240131,12:28:54,58.25,50,43550
20240131,12:29:04,58.15,200,43550
20240131,12:29:15,56.55,250,43550
20240131,12:30:35,58.25,50,43600
20240131,12:30:43,58.0,250,43600
20240131,12:30:52,58.05,100,43600
20240131,12:32:26,58.4,300,43600
20240131,12:32:43,57.45,450,43600
20240131,12:33:07,58.65,150,44150
20240131,12:33:32,58.9,1000,44150
20240131,12:34:25,56.7,300,44150
20240131,12:34:59,56.55,400,44150
20240131,12:35:08,57.1,300,44150
20240131,12:35:16,57.2,400,44150
20240131,12:35:24,57.0,300,44150
20240131,12:35:33,56.4,300,44150
20240131,12:35:49,56.3,100,44150
20240131,12:35:58,56.5,100,44150
20240131,12:36:06,56.3,200,44600
20240131,12:36:22,56.75,400,44600
20240131,12:36:31,56.8,200,44600
20240131,12:37:53,57.85,300,44600
20240131,12:38:10,57.8,50,44600
20240131,12:38:43,57.15,50,44600
20240131,12:39:09,56.8,200,44250
20240131,12:39:24,56.75,100,44250
20240131,12:42:16,57.7,1100,44400
20240131,12:42:24,58.35,200,44400
20240131,12:42:40,58.3,50,44400
20240131,12:42:47,58.95,500,44400
20240131,12:42:56,59.0,100,44400
20240131,12:43:23,59.2,100,44400
20240131,12:43:31,59.95,300,44400
20240131,12:44:06,61.05,50,44400
20240131,12:44:13,61.3,50,44400
20240131,12:44:44,58.85,150,44400
20240131,12:45:06,60.1,200,44100
20240131,12:45:22,60.65,100,44100
20240131,12:47:51,60.1,700,44100
20240131,12:48:25,58.75,150,44800
20240131,12:51:52,61.0,250,44800
20240131,12:52:27,62.2,100,44800
20240131,12:53:42,60.15,200,44800
20240131,12:55:02,59.95,300,44850
20240131,12:55:10,60.55,400,44850
20240131,12:55:26,59.95,50,44850
20240131,12:55:34,59.95,450,44850
20240131,12:55:42,59.8,100,44850
20240131,12:55:50,59.8,100,44850
20240131,12:55:58,60.15,450,44850
20240131,12:56:06,59.8,350,44850
20240131,12:56:14,60.15,800,44850
20240131,12:56:21,59.9,450,44850
20240131,12:56:29,59.1,350,44850
20240131,12:56:45,59.55,100,44850
20240131,12:56:54,59.55,50,44850
20240131,12:56:56,60.2,150,44850
20240131,12:57:03,59.9,50,48300
20240131,12:57:07,59.9,250,48300
20240131,12:57:13,59.9,50,48300
20240131,12:57:14,59.9,350,48300
20240131,12:57:19,59.2,50,48300
20240131,12:57:25,58.5,150,48300
20240131,12:58:33,60.85,500,48300
20240131,12:58:37,60.6,350,48300
20240131,12:58:41,60.8,300,48300
20240131,12:58:44,60.7,50,48300
20240131,12:58:45,60.7,300,48300
20240131,12:58:51,59.95,50,48300
20240131,12:59:01,60.0,50,48300
20240131,12:59:36,59.55,50,48300
20240131,13:00:01,57.85,550,50600
20240131,13:00:02,56.85,100,50600
20240131,13:00:03,57.3,500,50600
20240131,13:00:04,57.4,1250,50600
20240131,13:00:05,56.85,1100,50600
20240131,13:00:06,57.3,50,50600
20240131,13:00:07,57.3,100,50600
20240131,13:00:08,57.4,100,50600
20240131,13:00:09,57.4,150,50600
20240131,13:00:10,57.35,250,50600
20240131,13:00:11,57.45,50,50600
20240131,13:00:12,57.3,1050,50600
20240131,13:00:17,56.65,300,50600
20240131,13:00:18,56.65,350,50600
20240131,13:00:19,56.75,900,50600
20240131,13:00:20,56.95,300,50600
20240131,13:00:21,57.0,600,50600
20240131,13:00:22,56.7,350,50600
20240131,13:00:23,56.7,650,50600
20240131,13:00:25,56.2,650,50600
20240131,13:00:26,56.25,50,50600
20240131,13:00:27,56.35,50,50600
20240131,13:00:28,56.3,350,50600
20240131,13:00:30,56.25,50,50600
20240131,13:00:31,56.2,600,50600
20240131,13:00:32,55.9,300,50600
20240131,13:00:33,55.95,300,50600
20240131,13:00:34,56.6,150,50600
20240131,13:00:37,56.05,300,50600
20240131,13:00:39,55.9,50,50600
20240131,13:00:41,56.5,150,50600
20240131,13:00:44,56.25,50,50600
20240131,13:00:45,56.25,50,50600
20240131,13:00:46,56.2,600,50600
20240131,13:00:47,56.25,50,50600
20240131,13:00:49,56.5,50,50600
20240131,13:00:50,56.5,150,50600
20240131,13:00:51,55.7,600,50600
20240131,13:01:04,56.85,300,50600
20240131,13:01:06,57.0,400,50600
20240131,13:01:07,57.15,300,50600
20240131,13:01:09,56.8,100,50600
20240131,13:01:10,56.4,450,50600
20240131,13:01:12,56.35,750,50600
20240131,13:01:29,56.85,200,50600
20240131,13:02:07,56.4,50,50600
20240131,13:02:15,56.3,150,50600
20240131,13:07:01,56.0,650,65300
20240131,13:07:49,56.05,100,65300
20240131,13:10:58,56.0,50,65400
20240131,13:13:46,54.3,350,65450
20240131,13:15:24,53.8,100,65550
20240131,13:15:32,54.15,100,65550
20240131,13:25:24,53.8,50,65650
20240131,13:26:00,53.8,200,65650
20240131,13:29:39,53.8,100,65450
20240131,13:34:05,51.55,100,65550
20240131,13:37:01,53.3,200,65550
20240131,13:38:26,55.35,200,65550
20240131,13:57:56,54.35,150,65450
20240131,14:09:11,55.0,100,65550
20240131,14:09:59,55.0,100,65650
20240131,14:12:36,52.95,100,65650
20240131,14:12:43,53.1,50,65650
20240131,14:13:06,54.0,100,65650
20240131,14:14:09,53.0,550,65650
20240131,14:14:57,54.1,100,65650
20240131,14:16:15,55.0,100,66450
20240131,14:17:26,54.0,200,66450
20240131,14:20:59,53.1,50,66750
20240131,14:22:32,55.0,100,66750
20240131,14:23:44,56.0,100,66750
20240131,14:26:35,55.7,50,66950
20240131,14:31:06,55.8,50,66950
20240131,14:31:31,55.8,100,66950
20240131,14:32:11,57.25,500,66950
20240131,14:32:59,57.9,150,66950
20240131,14:35:22,54.9,100,67000
20240131,14:35:39,54.9,100,67000
20240131,14:36:44,54.9,100,67100
20240131,14:41:23,53.5,50,67100
20240131,14:46:50,53.1,200,67150
20240131,14:54:34,55.15,350,67150
20240131,14:57:49,54.8,150,67000
20240131,14:59:11,55.35,300,67000
20240131,15:02:21,53.25,1600,67000
20240131,15:02:48,52.9,150,67000
20240131,15:02:57,52.45,700,67000
20240131,15:03:38,52.85,100,67850
20240131,15:04:04,53.3,650,67850
20240131,15:04:13,52.5,1800,67850
20240131,15:05:37,52.0,50,67850
20240131,15:05:57,50.95,200,67850
20240131,15:06:07,50.0,550,67850
20240131,15:06:16,50.0,200,67850
20240131,15:06:25,52.9,250,67850
20240131,15:07:07,51.9,200,68800
20240131,15:07:33,52.05,100,68800
20240131,15:07:41,51.7,200,68800
20240131,15:08:14,53.05,100,68800
20240131,15:08:22,52.65,300,68800
20240131,15:08:51,52.2,100,68800
20240131,15:09:10,52.55,50,68800
20240131,15:09:19,53.0,50,68800
20240131,15:10:09,52.95,250,68600
20240131,15:11:36,51.9,350,68600
20240131,15:13:00,51.9,150,68850
20240131,15:13:57,52.3,50,68850
20240131,15:14:05,52.85,50,68850
20240131,15:15:11,53.9,200,68850
20240131,15:15:47,55.0,300,68700
20240131,15:15:56,54.35,50,68700
20240131,15:16:14,53.7,100,68700
20240131,15:16:22,54.45,50,68700
20240131,15:16:39,53.5,50,68700
20240131,15:17:06,53.55,200,68700
20240131,15:18:29,54.45,250,68900
20240131,15:19:36,53.75,50,68900
20240131,15:20:00,54.0,50,68900
20240131,15:20:31,53.65,250,68900
20240131,15:20:39,53.9,50,68900
20240131,15:20:47,54.25,50,68900
20240131,15:21:33,54.0,100,69350
20240131,15:21:49,54.15,100,69350
20240131,15:21:57,53.6,50,69350
20240131,15:22:04,53.35,50,69350
20240131,15:25:46,53.35,150,69450
20240131,15:25:57,53.35,50,69450
20240131,15:26:49,52.9,50,69450
20240131,15:27:21,52.05,50,69450
20240131,15:27:58,53.0,200,69500
20240131,15:28:26,53.3,50,69500
20240131,15:29:36,53.6,150,69500
20240131,15:29:45,54.5,50,69500
20240201,09:15:53,48.9,1,67100
20240201,09:15:53,48.9,50,67100
20240201,09:16:12,56.95,1000,67100
20240201,09:16:30,56.95,1450,67100
20240201,09:16:39,50.25,50,67100
20240201,09:16:57,50.85,150,67100
20240201,09:17:06,49.75,100,67100
20240201,09:17:15,49.9,100,67100
20240201,09:17:23,52.35,100,67100
20240201,09:17:32,51.3,150,68100
20240201,09:17:41,50.8,100,68100
20240201,09:18:00,52.1,100,68100
20240201,09:19:19,54.25,450,68100
20240201,09:21:06,51.7,200,68350
20240201,09:21:16,52.2,150,68350
20240201,09:22:03,52.6,250,68350
20240201,09:22:13,51.8,200,68350
20240201,09:22:22,51.85,50,68350
20240201,09:22:41,51.25,150,68350
20240201,09:22:50,51.5,400,68350
20240201,09:23:00,50.7,400,68350
20240201,09:23:10,50.0,150,68350
20240201,09:23:39,52.0,250,69650
20240201,09:24:18,52.0,100,69650
20240201,09:24:26,52.5,50,69650
20240201,09:25:24,52.35,50,69650
20240201,09:26:00,52.65,150,69650
20240201,09:26:10,56.0,150,69650
20240201,09:26:42,55.9,100,69850
20240201,09:27:00,54.65,50,69850
20240201,09:27:09,54.25,50,69850
20240201,09:27:45,54.0,200,69850
20240201,09:27:54,53.1,50,69850
20240201,09:28:31,52.1,100,69850
20240201,09:29:46,53.5,150,70100
20240201,09:30:03,52.1,100,70100
20240201,09:30:48,50.65,500,70100
20240201,09:31:23,51.75,50,70100
20240201,09:31:41,52.9,50,70100
20240201,09:31:51,52.75,50,70100
20240201,09:32:00,55.45,50,70100
20240201,09:32:10,52.0,100,70100
20240201,09:32:54,51.7,50,70700
20240201,09:34:42,51.5,50,70700
20240201,09:35:00,50.0,150,70700
20240201,09:37:42,52.35,50,70850
20240201,09:40:49,52.35,50,70900
20240201,09:40:59,49.65,50,70900
20240201,09:42:47,48.1,100,70900
20240201,09:42:57,48.1,100,70900
20240201,09:43:15,48.75,150,70900
20240201,09:43:33,50.0,50,70900
20240201,09:44:53,48.3,300,70800
20240201,09:45:02,48.05,300,70800
20240201,09:46:16,46.35,300,70800
20240201,09:46:52,46.15,200,70800
20240201,09:47:19,46.15,100,70800
20240201,09:47:28,47.05,50,70800
20240201,09:48:13,46.65,50,70850
20240201,09:48:49,45.95,200,70850
20240201,09:49:59,46.15,100,70850
20240201,09:50:08,48.05,2000,70850
20240201,09:50:26,46.0,350,70850
20240201,09:50:35,45.75,150,70850
20240201,09:51:02,45.0,100,68800
20240201,09:51:12,45.0,100,68800
20240201,09:51:21,45.85,100,68800
20240201,09:51:55,46.1,100,68800
20240201,09:52:30,45.65,100,68800
20240201,09:52:39,45.6,50,68800
20240201,09:53:21,45.9,200,68800
20240201,09:53:39,41.65,2050,68550
20240201,09:54:05,45.35,150,68550
20240201,09:54:22,44.35,50,68550
20240201,09:54:31,45.3,150,68550
20240201,09:54:40,45.3,300,68550
20240201,09:55:06,45.8,100,68550
20240201,09:55:24,45.3,200,68550
20240201,09:56:16,45.1,950,68550
20240201,09:56:33,44.65,150,70450
20240201,09:56:42,44.7,150,70450
20240201,09:56:51,44.35,550,70450
20240201,09:57:08,45.0,150,70450
20240201,09:57:34,44.05,50,70450
20240201,09:57:52,43.3,100,70450
20240201,09:58:01,44.0,50,70450
20240201,09:58:09,44.0,200,70450
20240201,09:58:26,44.05,50,70450
20240201,09:58:35,44.45,350,70450
20240201,09:59:27,44.45,50,70450
20240201,10:00:02,43.35,100,70950
20240201,10:00:29,43.15,100,70950
20240201,10:00:56,43.4,50,70950
20240201,10:02:34,45.0,400,70950
20240201,10:03:36,46.0,50,71100
20240201,10:03:52,45.65,400,71100
20240201,10:04:09,44.0,1000,71100
20240201,10:05:25,44.1,200,71100
20240201,10:05:33,43.95,100,71100
20240201,10:06:07,43.25,150,71900
20240201,10:06:42,42.85,50,71900
20240201,10:06:59,42.8,100,71900
20240201,10:07:08,42.9,150,71900
20240201,10:07:16,42.75,150,71900
20240201,10:07:25,42.6,250,71900
20240201,10:07:34,42.6,400,71900
20240201,10:07:42,42.95,900,71900
20240201,10:07:52,42.05,1050,71900
20240201,10:08:02,42.4,2550,71900
20240201,10:08:12,41.6,1600,71900
20240201,10:08:23,40.5,1000,71900
20240201,10:08:34,39.25,1250,72500
20240201,10:08:44,40.8,650,72500
20240201,10:09:12,40.15,100,72500
20240201,10:09:40,40.75,200,72500
20240201,10:10:27,39.9,100,72500
20240201,10:10:36,40.05,100,72500
20240201,10:10:45,40.9,50,72500
20240201,10:11:03,39.95,50,72500
20240201,10:13:51,39.65,100,72250
20240201,10:16:50,42.0,200,72250
20240201,10:17:08,40.0,250,72250
20240201,10:18:34,38.65,50,71950
20240201,10:19:25,38.5,100,71950
20240201,10:23:29,38.5,100,71900
20240201,10:23:38,39.6,100,71900
20240201,10:23:55,39.75,100,71900
20240201,10:25:10,39.2,500,71900
20240201,10:25:18,39.1,650,71900
20240201,10:25:26,38.75,250,71900
20240201,10:25:34,38.7,500,71900
20240201,10:26:09,38.55,50,71900
20240201,10:26:43,38.0,50,71850
20240201,10:27:12,37.8,200,71850
20240201,10:27:56,37.8,100,71850
20240201,10:28:05,39.1,400,71850
20240201,10:31:16,37.1,200,71900
20240201,10:31:33,36.8,150,71900
20240201,10:31:50,36.8,50,71900
20240201,10:32:16,37.05,100,71900
20240201,10:32:25,37.05,50,71900
20240201,10:36:52,36.9,50,71800
20240201,10:37:29,37.9,250,71800
20240201,10:38:29,38.45,1000,71800
20240201,10:40:17,37.5,50,71650
20240201,10:43:14,39.45,3250,71700
20240201,10:45:19,37.35,100,71700
20240201,10:46:44,38.65,50,71700
20240201,10:47:57,38.5,2200,71650
20240201,10:48:06,37.1,400,71650
20240201,10:48:14,37.0,200,71650
20240201,10:48:23,37.0,50,71650
20240201,10:48:39,37.5,100,71650
20240201,10:48:48,37.45,50,71650
20240201,10:49:28,37.5,50,71650
20240201,10:49:36,37.65,100,71650
20240201,10:49:44,37.6,50,71650
20240201,10:50:41,37.55,50,71650
20240201,10:50:49,37.45,150,71750
20240201,10:51:23,37.5,650,71750
20240201,10:51:31,37.3,750,71750
20240201,10:51:39,37.3,550,71750
20240201,10:51:48,37.3,850,71750
20240201,10:51:56,37.3,2400,71750
20240201,10:52:04,38.1,250,71750
20240201,10:52:12,37.25,1350,71750
20240201,10:52:20,37.1,100,71750
20240201,10:52:29,37.7,1550,71750
20240201,10:52:47,38.15,700,71750
20240201,10:54:04,36.75,400,79300
20240201,10:54:22,36.75,50,79300
20240201,10:56:03,37.95,400,79300
20240201,10:56:29,37.1,200,79300
20240201,10:56:55,38.0,100,78900
20240201,10:57:05,38.8,50,78900
20240201,10:57:42,39.3,150,78900
20240201,10:57:51,36.85,300,78900
20240201,10:58:43,37.55,50,78900
20240201,10:59:24,36.9,50,78900
20240201,10:59:49,36.15,50,78750
20240201,11:00:15,35.9,500,78750
20240201,11:00:33,35.9,200,78750
20240201,11:00:41,38.35,600,78750
20240201,11:00:50,36.95,350,78750
20240201,11:01:06,36.85,250,78750
20240201,11:01:48,36.3,100,78750
20240201,11:02:05,36.7,200,78750
20240201,11:02:14,35.9,50,78750
20240201,11:02:36,35.2,150,78750
20240201,11:02:47,35.0,650,78800
20240201,11:02:57,35.0,550,78800
20240201,11:03:07,36.0,350,78800
20240201,11:03:17,35.65,100,78800
20240201,11:03:28,36.0,150,78800
20240201,11:04:05,36.0,50,78800
20240201,11:05:08,36.45,50,78800
20240201,11:05:34,38.0,1800,78800
20240201,11:05:44,38.0,50,78800
20240201,11:05:53,38.0,400,76450
20240201,11:06:02,38.4,150,76450
20240201,11:06:10,38.25,450,76450
20240201,11:06:55,40.0,1900,76450
20240201,11:07:06,41.55,400,76450
20240201,11:07:17,41.5,300,76450
20240201,11:07:26,40.0,300,76450
20240201,11:07:36,40.9,400,76450
20240201,11:07:53,39.05,700,76450
20240201,11:08:12,39.0,100,76450
20240201,11:08:21,39.0,50,76450
20240201,11:08:30,38.65,50,76450
20240201,11:08:47,38.0,150,76450
20240201,11:09:32,38.0,50,73800
20240201,11:10:14,38.15,200,73800
20240201,11:10:22,38.3,200,73800
20240201,11:10:31,38.2,200,73800
20240201,11:10:39,37.75,200,73800
20240201,11:11:33,37.75,50,73800
20240201,11:12:06,37.65,200,73850
20240201,11:12:30,38.3,50,73850
20240201,11:13:05,38.9,50,73850
20240201,11:15:08,38.0,50,73850
20240201,11:15:16,38.5,50,73850
20240201,11:16:21,40.2,200,73850
20240201,11:16:49,43.95,750,73850
20240201,11:18:26,43.95,50,74150
20240201,11:18:46,42.15,150,74150
20240201,11:19:43,43.3,50,74150
20240201,11:19:51,43.15,150,74150
20240201,11:21:04,43.8,50,74200
20240201,11:22:30,43.8,1700,74200
20240201,11:22:57,43.8,50,74200
20240201,11:24:38,42.7,800,73800
20240201,11:24:47,42.0,350,73800
20240201,11:24:56,42.0,1000,73800
20240201,11:25:21,41.4,450,73800
20240201,11:25:30,43.7,50,73800
20240201,11:26:06,43.6,150,73800
20240201,11:26:15,43.5,2700,73800
20240201,11:26:50,43.65,650,73800
20240201,11:26:58,43.65,200,71850
20240201,11:27:14,43.65,500,71850
20240201,11:27:47,42.4,150,71850
20240201,11:28:53,41.9,50,71850
20240201,11:29:02,42.2,150,71850
20240201,11:29:20,42.45,500,71850
20240201,11:29:28,42.5,50,71850
20240201,11:29:45,42.5,150,71850
20240201,11:30:52,43.5,1800,70700
20240201,11:33:25,43.5,50,70700
20240201,11:36:16,44.55,50,70700
20240201,11:37:58,39.8,700,70700
20240201,11:38:18,41.0,100,70700
20240201,11:39:08,41.4,850,70300
20240201,11:39:40,40.75,800,70300
20240201,11:42:46,40.95,350,70300
20240201,11:42:54,40.95,350,70300
20240201,11:44:17,40.35,50,70300
20240201,11:44:33,40.0,100,70300
20240201,11:45:06,39.75,400,70550
20240201,11:45:14,40.35,500,70550
20240201,11:45:22,40.15,150,70550
20240201,11:47:00,39.35,350,70550
20240201,11:51:07,38.55,300,70450
20240201,11:51:24,39.35,50,70450
20240201,11:52:37,39.1,200,70450
20240201,11:52:55,38.15,100,70450
20240201,11:53:54,37.85,50,70400
20240201,11:55:59,39.85,500,70400
20240201,11:56:43,42.95,150,70400
20240201,11:59:07,42.7,50,70000
20240201,11:59:24,42.0,100,70000
20240201,12:04:59,42.0,50,70050
20240201,12:06:35,40.0,50,70100
20240201,12:08:04,36.3,50,70100
20240201,12:08:31,36.35,50,70100
20240201,12:09:17,36.25,1000,70000
20240201,12:09:26,36.25,50,70000
20240201,12:09:35,37.7,200,70000
20240201,12:11:04,36.0,50,70000
20240201,12:11:41,35.0,50,70000
20240201,12:12:17,35.0,100,71100
20240201,12:12:26,34.95,750,71100
20240201,12:12:44,33.75,200,71100
20240201,12:13:02,33.75,400,71100
20240201,12:13:10,34.2,350,71100
20240201,12:13:20,34.75,150,71100
20240201,12:14:05,34.95,2500,71100
20240201,12:14:34,34.7,400,71100
20240201,12:14:44,34.65,500,71100
20240201,12:14:53,34.05,150,71100
20240201,12:15:38,35.55,150,72950
20240201,12:15:48,35.5,100,72950
20240201,12:16:52,34.65,50,72950
20240201,12:17:19,33.6,350,72950
20240201,12:17:30,33.15,200,72950
20240201,12:18:07,33.15,100,72800
20240201,12:18:16,33.9,700,72800
20240201,12:18:25,34.25,500,72800
20240201,12:18:34,33.95,100,72800
20240201,12:19:35,35.3,1800,72800
20240201,12:19:45,36.0,2750,72800
20240201,12:19:54,34.3,100,72800
20240201,12:20:03,35.0,1000,72800
20240201,12:20:22,35.0,50,72800
20240201,12:20:32,35.4,150,72800
20240201,12:20:42,36.4,50,72800
20240201,12:21:00,35.15,100,67450
20240201,12:21:18,35.15,650,67450
20240201,12:21:27,35.25,350,67450
20240201,12:21:54,35.3,50,67450
20240201,12:22:04,35.45,600,67450
20240201,12:22:14,35.0,100,67450
20240201,12:22:23,36.35,300,67450
20240201,12:22:42,36.35,50,67450
20240201,12:23:04,36.55,50,67450
20240201,12:23:14,35.6,700,67450
20240201,12:23:33,36.6,500,67450
20240201,12:24:01,36.55,500,68100
20240201,12:24:10,35.8,150,68100
20240201,12:24:29,35.9,250,68100
20240201,12:24:46,35.9,200,68100
20240201,12:24:56,35.45,200,68100
20240201,12:25:05,35.75,1150,68100
20240201,12:25:14,35.45,50,68100
20240201,12:25:23,35.25,50,68100
20240201,12:25:33,35.0,50,68100
20240201,12:25:42,35.3,100,68100
20240201,12:25:51,35.55,550,68100
20240201,12:26:00,35.45,50,68100
20240201,12:26:09,35.6,400,68100
20240201,12:26:27,35.0,50,68100
20240201,12:26:35,34.5,50,68100
20240201,12:26:54,34.45,100,68100
20240201,12:27:03,34.0,50,68000
20240201,12:27:49,33.65,50,68000
20240201,12:27:57,34.0,50,68000
20240201,12:28:33,33.9,1250,68000
20240201,12:28:41,33.5,100,68000
20240201,12:30:00,34.5,900,68150
20240201,12:30:35,34.2,400,68150
20240201,12:30:53,34.15,550,68150
20240201,12:31:11,34.4,1100,68150
20240201,12:31:20,34.85,800,68150
20240201,12:32:22,35.5,50,68150
20240201,12:32:41,36.35,50,68150
20240201,12:32:50,35.9,50,68150
20240201,12:33:08,35.55,50,68100
20240201,12:33:26,35.55,400,68100
20240201,12:33:35,35.95,400,68100
20240201,12:33:52,35.35,100,68100
20240201,12:34:36,35.15,200,68100
20240201,12:37:25,34.75,100,68300
20240201,12:37:55,33.95,100,68300
20240201,12:38:32,34.65,400,68300
20240201,12:39:50,35.05,400,68050
20240201,12:40:08,34.95,350,68050
20240201,12:40:45,34.55,300,68050
20240201,12:41:03,34.65,150,68050
20240201,12:41:11,34.55,350,68050
20240201,12:42:05,34.6,50,68050
20240201,12:42:41,34.7,150,68050
20240201,12:43:07,34.05,350,68050
20240201,12:43:16,33.85,500,68050
20240201,12:43:59,33.85,100,68050
20240201,12:44:07,33.55,50,68050
20240201,12:44:16,33.85,50,68050
20240201,12:44:25,34.4,150,68050
20240201,12:46:06,33.6,550,68550
20240201,12:46:24,33.4,150,68550
20240201,12:46:51,33.65,350,68550
20240201,12:47:37,32.9,50,68550
20240201,12:48:09,32.7,50,68450
20240201,12:48:55,32.4,150,68450
20240201,12:50:21,32.15,100,68450
20240201,12:50:39,32.15,150,68450
20240201,12:51:43,33.4,250,68450
20240201,12:54:16,32.35,50,68200
20240201,12:54:27,32.35,50,68200
20240201,12:55:51,32.15,50,68200
20240201,12:56:00,32.05,850,68200
20240201,12:56:09,32.05,200,68200
20240201,12:58:06,32.0,1800,67100
20240201,12:59:44,32.15,50,67100
20240201,13:01:44,32.6,200,65300
20240201,13:02:21,31.95,50,65300
20240201,13:02:48,31.95,50,65300
20240201,13:04:08,31.8,150,65050
20240201,13:07:05,31.25,50,64950
20240201,13:07:14,31.05,200,64950
20240201,13:07:39,31.4,50,64950
20240201,13:07:57,31.75,450,64950
20240201,13:08:06,32.05,150,64950
20240201,13:10:13,31.05,400,65450
20240201,13:10:56,31.05,50,65450
20240201,13:12:40,32.05,400,65000
20240201,13:14:49,31.35,50,65000
20240201,13:15:06,32.0,100,65400
20240201,13:15:32,31.0,50,65400
20240201,13:15:59,31.0,50,65400
20240201,13:18:13,32.05,200,65450
20240201,13:18:21,32.1,100,65450
20240201,13:18:37,32.15,100,65450
20240201,13:19:02,32.3,100,65450
20240201,13:19:13,32.15,350,65450
20240201,13:19:30,32.7,100,65450
20240201,13:19:39,32.1,100,65450
20240201,13:19:47,31.9,100,65450
20240201,13:19:57,32.3,100,65450
20240201,13:20:07,32.6,100,65450
20240201,13:20:16,32.3,100,65450
20240201,13:20:34,32.25,100,65450
20240201,13:20:43,32.6,200,65450
20240201,13:20:52,32.2,100,65450
20240201,13:21:01,32.65,300,65450
20240201,13:21:09,32.25,100,65450
20240201,13:21:18,32.3,100,65050
20240201,13:22:36,33.0,100,65050
20240201,13:26:09,32.05,250,64950
20240201,13:28:01,33.0,150,64700
20240201,13:28:18,33.5,50,64700
20240201,13:28:37,33.85,250,64700
20240201,13:29:06,33.85,550,64700
20240201,13:29:15,33.05,150,64700
20240201,13:29:32,33.0,500,64700
20240201,13:30:15,32.8,50,64600
20240201,13:30:32,32.15,50,64600
20240201,13:30:57,33.25,600,64600
20240201,13:31:06,33.5,450,64600
20240201,13:31:15,34.05,50,64600
20240201,13:31:24,33.4,400,64600
20240201,13:31:43,34.7,100,64600
20240201,13:31:53,34.0,550,64600
20240201,13:33:37,34.5,600,64350
20240201,13:33:45,35.25,100,64350
20240201,13:35:24,34.45,50,64350
20240201,13:35:41,34.45,1000,64350
20240201,13:35:50,34.0,50,64350
20240201,13:36:07,33.45,1150,64350
20240201,13:37:07,33.75,50,65250
20240201,13:37:15,33.85,100,65250
20240201,13:37:23,33.9,450,65250
20240201,13:37:32,33.8,350,65250
20240201,13:37:48,34.2,150,65250
20240201,13:37:57,34.3,100,65250
20240201,13:38:06,34.25,150,65250
20240201,13:38:23,33.6,100,65250
20240201,13:38:39,34.7,50,65250
20240201,13:41:01,34.55,50,64600
20240201,13:41:36,33.55,50,64600
20240201,13:43:21,33.1,700,64500
20240201,13:43:30,32.5,50,64500
20240201,13:44:20,31.7,100,64500
20240201,13:44:28,32.25,100,64500
20240201,13:44:45,32.45,300,64500
20240201,13:44:53,32.35,150,64500
20240201,13:45:01,32.55,200,64500
20240201,13:45:09,32.45,300,63200
20240201,13:45:59,32.45,100,63200
20240201,13:46:06,32.45,100,63200
20240201,13:46:14,32.4,50,63200
20240201,13:46:22,32.4,50,63200
20240201,13:46:30,32.45,100,63200
20240201,13:47:10,32.15,750,63200
20240201,13:47:37,31.7,400,63200
20240201,13:48:02,31.15,400,63200
20240201,13:48:11,30.8,150,61950
20240201,13:48:20,30.8,50,61950
20240201,13:48:29,30.75,250,61950
20240201,13:48:37,30.9,200,61950
20240201,13:48:46,31.05,150,61950
20240201,13:49:02,30.9,200,61950
20240201,13:49:18,30.6,300,61950
20240201,13:49:26,30.15,300,61950
20240201,13:49:42,30.15,300,61950
20240201,13:49:58,30.25,50,61950
20240201,13:51:34,30.55,50,62000
20240201,13:52:44,30.1,100,62000
20240201,13:53:53,29.15,50,62000
20240201,13:54:49,29.15,3000,62000
20240201,13:55:13,29.5,950,62000
20240201,13:55:29,29.5,1000,62000
20240201,13:55:53,29.5,1000,62000
20240201,13:56:16,29.5,1000,62000
20240201,13:56:38,29.6,1000,62000
20240201,13:57:02,29.6,250,62000
20240201,13:57:26,29.05,400,67000
20240201,13:58:28,29.65,4100,67000
20240201,13:58:36,29.8,100,67000
20240201,13:58:44,29.5,100,67000
20240201,13:58:53,29.55,200,67000
20240201,13:59:09,28.8,1050,67000
20240201,13:59:34,29.2,50,67000
20240201,13:59:42,28.75,150,67000
20240201,13:59:50,29.0,100,67000
20240201,14:00:13,28.5,100,67000
20240201,14:00:21,28.2,750,62450
20240201,14:00:38,28.2,100,62450
20240201,14:00:46,28.25,250,62450
20240201,14:01:01,28.25,100,62450
20240201,14:01:40,28.05,3000,62450
20240201,14:01:47,28.05,1500,62450
20240201,14:02:48,28.05,50,62450
20240201,14:03:18,28.65,50,66650
20240201,14:04:15,27.65,400,66650
20240201,14:05:04,27.65,100,66650
20240201,14:05:12,27.6,50,66650
20240201,14:05:20,27.6,350,66650
20240201,14:05:45,28.25,50,66650
20240201,14:06:18,28.0,250,66500
20240201,14:07:50,28.65,1000,66500
20240201,14:08:48,27.0,950,66500
20240201,14:09:56,26.45,400,65550
20240201,14:10:04,26.45,2050,65550
20240201,14:11:25,25.85,1000,65550
20240201,14:11:40,25.85,150,65550
20240201,14:12:12,26.95,150,65350
20240201,14:12:31,26.2,850,65350
20240201,14:12:57,25.6,300,65350
20240201,14:13:06,25.1,3200,65350
20240201,14:13:16,25.1,850,65350
20240201,14:13:24,25.75,1600,65350
20240201,14:13:56,25.55,100,65350
20240201,14:14:12,25.85,150,65350
20240201,14:14:44,26.05,50,65350
20240201,14:15:09,26.35,50,65350
20240201,14:16:32,26.55,250,65200
20240201,14:16:41,26.75,300,65200
20240201,14:16:49,26.7,600,65200
20240201,14:17:29,26.55,300,65200
20240201,14:17:38,26.45,50,65200
20240201,14:17:46,26.75,650,65200
20240201,14:18:34,27.2,100,64900
20240201,14:18:50,27.05,50,64900
20240201,14:19:29,26.85,400,64900
20240201,14:19:37,26.9,150,64900
20240201,14:20:16,26.1,50,64900
20240201,14:20:39,26.5,50,64900
20240201,14:23:02,26.5,300,65000
20240201,14:23:57,26.2,50,65000
20240201,14:24:29,26.05,200,64950
20240201,14:24:45,26.15,50,64950
20240201,14:24:53,26.0,1000,64950
20240201,14:25:33,26.0,350,64950
20240201,14:26:43,26.25,1750,64950
20240201,14:26:51,26.25,250,64950
20240201,14:27:58,26.5,50,66550
20240201,14:28:05,26.5,100,66550
20240201,14:28:29,26.5,300,66550
20240201,14:28:37,26.05,700,66550
20240201,14:28:46,25.9,400,66550
20240201,14:28:54,25.95,200,66550
20240201,14:29:02,25.85,100,66550
20240201,14:29:59,25.85,50,66550
20240201,14:30:24,26.0,100,65000
20240201,14:30:40,26.25,350,65000
20240201,14:31:03,26.45,250,65000
20240201,14:31:11,26.45,300,65000
20240201,14:31:19,26.5,1350,65000
20240201,14:31:28,26.15,150,65000
20240201,14:31:36,26.35,50,65000
20240201,14:31:52,26.55,200,65000
20240201,14:33:16,26.85,200,65300
20240201,14:34:11,26.55,600,65300
20240201,14:34:18,26.6,300,65300
20240201,14:34:27,26.8,300,65300
20240201,14:34:35,27.0,300,65300
20240201,14:34:43,27.0,3400,65300
20240201,14:35:06,27.0,250,65300
20240201,14:35:14,27.3,100,65300
20240201,14:36:06,27.5,50,65300
20240201,14:36:15,27.5,150,65300
20240201,14:37:04,26.95,250,64600
20240201,14:37:35,27.2,600,64600
20240201,14:37:51,27.2,600,64600
20240201,14:37:58,27.5,900,64600
20240201,14:38:07,27.5,550,64600
20240201,14:38:23,27.75,100,64600
20240201,14:38:32,27.75,100,64600
20240201,14:39:33,28.0,1200,65700
20240201,14:39:42,28.1,650,65700
20240201,14:39:51,27.55,400,65700
20240201,14:39:59,27.6,400,65700
20240201,14:40:54,27.1,50,65700
20240201,14:41:41,27.2,800,65700
20240201,14:42:05,27.15,150,65700
20240201,14:42:13,27.2,100,65700
20240201,14:42:20,27.1,200,65200
20240201,14:42:36,27.0,300,65200
20240201,14:42:43,26.95,100,65200
20240201,14:42:51,26.95,950,65200
20240201,14:43:05,27.2,100,65200
20240201,14:43:45,27.25,150,65200
20240201,14:44:09,27.7,2200,65200
20240201,14:44:17,27.45,1400,65200
20240201,14:44:26,27.35,50,65200
20240201,14:44:42,27.75,450,65200
20240201,14:44:51,27.6,3000,65200
20240201,14:44:59,27.95,1650,65200
20240201,14:45:08,27.9,400,65200
20240201,14:45:25,27.6,300,64300
20240201,14:45:33,27.55,1000,64300
20240201,14:45:41,27.6,450,64300
20240201,14:45:50,27.05,300,64300
20240201,14:45:59,27.35,450,64300
20240201,14:46:07,27.0,550,64300
20240201,14:46:31,26.65,1000,64300
20240201,14:46:48,26.55,100,64300
20240201,14:46:56,26.95,350,64300
20240201,14:47:20,26.85,50,64300
20240201,14:47:36,26.75,50,64300
20240201,14:48:42,26.7,1200,60400
20240201,14:48:50,26.75,750,60400
20240201,14:48:57,26.75,450,60400
20240201,14:49:05,26.75,700,60400
20240201,14:49:13,26.75,400,60400
20240201,14:49:29,26.45,400,60400
20240201,14:49:52,26.05,400,60400
20240201,14:50:00,26.0,350,60400
20240201,14:50:34,25.45,400,60400
20240201,14:51:18,25.1,150,58600
20240201,14:51:43,25.2,950,58600
20240201,14:51:51,25.7,100,58600
20240201,14:51:59,25.2,50,58600
20240201,14:52:25,25.75,300,58600
20240201,14:52:34,25.4,100,58600
20240201,14:52:42,25.75,50,58600
20240201,14:52:50,25.45,50,58600
20240201,14:53:29,25.75,50,58600
20240201,14:53:38,25.75,50,58600
20240201,14:54:01,25.7,400,58600
20240201,14:54:43,25.0,950,58650
20240201,14:55:33,25.0,200,58650
20240201,14:55:49,25.25,200,58650
20240201,14:56:22,24.55,850,58650
20240201,14:56:49,24.9,350,58650
20240201,14:57:23,24.7,1150,58900
20240201,14:57:31,24.95,400,58900
20240201,14:57:48,24.9,150,58900
20240201,14:58:04,24.6,200,58900
20240201,14:58:44,24.95,200,58900
20240201,14:58:52,24.9,200,58900
20240201,14:59:15,25.0,1150,58900
20240201,14:59:24,24.9,50,58900
20240201,14:59:40,24.5,800,58900
20240201,14:59:49,24.2,500,58900
20240201,15:00:06,24.2,3200,58900
20240201,15:00:15,25.25,200,58900
20240201,15:00:24,25.5,200,63900
20240201,15:00:33,25.75,250,63900
20240201,15:00:42,25.8,50,63900
20240201,15:01:42,25.5,50,63900
20240201,15:02:15,25.8,50,63900
20240201,15:02:31,26.0,200,63900
20240201,15:02:57,26.0,100,63900
20240201,15:03:06,26.5,400,63900
20240201,15:03:14,26.5,50,63900
20240201,15:03:45,25.85,400,64950
20240201,15:04:43,26.15,2000,64950
20240201,15:04:51,27.0,700,64950
20240201,15:04:59,27.0,100,64950
20240201,15:06:12,26.95,50,64950
20240201,15:07:25,26.45,100,67150
20240201,15:08:06,26.85,50,67150
20240201,15:08:39,26.8,250,67150
20240201,15:08:48,26.0,350,67150
20240201,15:10:13,26.7,50,67350
20240201,15:10:21,26.7,300,67350
20240201,15:10:29,26.55,100,67350
20240201,15:10:54,26.3,50,67350
20240201,15:11:03,26.45,150,67350
20240201,15:11:27,26.45,50,67350
20240201,15:11:59,27.55,1250,67350
20240201,15:12:22,27.4,50,67350
20240201,15:12:56,27.25,200,68200
20240201,15:13:05,27.25,3900,68200
20240201,15:13:13,27.45,50,68200
20240201,15:13:38,27.95,150,68200
20240201,15:13:45,27.95,150,68200
20240201,15:13:53,27.85,50,68200
20240201,15:14:02,27.95,300,68200
20240201,15:14:20,28.45,5500,68200
20240201,15:14:40,28.45,100,68200
20240201,15:14:57,28.95,150,68200
20240201,15:15:38,28.95,550,70250
20240201,15:15:56,29.05,100,70250
20240201,15:16:13,29.35,500,70250
20240201,15:16:21,29.35,50,70250
20240201,15:16:29,29.45,350,70250
20240201,15:16:54,28.4,200,70250
20240201,15:17:02,28.8,500,70250
20240201,15:17:29,28.1,250,70250
20240201,15:17:52,28.15,450,70250
20240201,15:18:07,28.05,200,70250
20240201,15:18:15,28.5,300,70250
20240201,15:18:45,28.6,100,71450
20240201,15:18:52,27.85,1800,71450
20240201,15:19:00,27.7,1800,71450
20240201,15:19:16,27.15,1600,71450
20240201,15:19:38,27.2,150,71450
20240201,15:20:02,27.25,50,71450
20240201,15:20:34,27.2,200,71450
20240201,15:20:42,27.4,600,71450
20240201,15:20:50,27.3,1100,71450
20240201,15:20:58,27.0,1400,71450
20240201,15:21:06,26.95,750,71450
20240201,15:21:15,26.85,700,71450
20240201,15:21:24,26.8,350,76100
20240201,15:21:32,26.65,250,76100
20240201,15:21:50,26.6,1000,76100
20240201,15:22:15,26.35,100,76100
20240201,15:22:40,26.3,150,76100
20240201,15:22:48,26.55,50,76100
20240201,15:23:21,26.1,150,76100
20240201,15:23:29,26.4,50,76100
20240201,15:23:55,25.95,150,76100
20240201,15:24:06,25.7,850,76100
20240201,15:24:17,25.75,50,76100
20240201,15:24:43,25.65,600,76300
20240201,15:24:57,26.3,150,76300
20240201,15:25:04,26.35,100,76300
20240201,15:25:28,26.45,100,76300
20240201,15:25:35,26.5,1400,76300
20240201,15:25:50,26.75,150,76300
20240201,15:26:05,26.7,150,76300
20240201,15:26:28,26.75,450,76300
20240201,15:26:35,26.9,200,76300
20240201,15:26:42,27.0,300,76300
20240201,15:26:50,26.9,250,76300
20240201,15:27:13,27.1,100,76300
20240201,15:27:44,27.4,100,77950
20240201,15:27:51,27.3,100,77950
20240201,15:28:15,27.35,700,77950
20240201,15:28:23,27.6,750,77950
20240201,15:28:31,27.55,300,77950
20240201,15:28:39,27.55,100,77950
20240201,15:28:56,27.4,700,77950
20240201,15:29:04,27.25,200,77950
20240201,15:29:12,28.2,400,77950
20240201,15:29:21,27.65,100,77950
20240201,15:29:28,27.65,100,77950
20240201,15:29:45,29.5,350,77950
20240201,15:29:56,29.5,50,77950
20240202,09:15:00,25.05,1,77550
20240202,09:15:00,25.05,100,77550
20240202,09:15:03,16.05,100,77550
20240202,09:15:09,16.05,50,77550
20240202,09:15:19,28.05,50,77550
20240202,09:15:24,17.05,50,77550
20240202,09:15:28,16.05,100,77550
20240202,09:15:33,16.05,50,77550
20240202,09:15:38,16.0,1000,77550
20240202,09:15:48,14.5,50,77550
20240202,09:15:53,14.5,200,77550
20240202,09:16:04,14.95,250,77550
20240202,09:16:10,14.0,3600,77550
20240202,09:16:27,13.9,450,77550
20240202,09:16:32,14.35,200,77550
20240202,09:16:43,14.35,50,77550
20240202,09:16:49,14.3,50,77550
20240202,09:16:54,14.55,250,77550
20240202,09:17:11,14.6,1850,77550
20240202,09:17:16,14.55,1150,74950
20240202,09:17:22,14.65,400,74950
20240202,09:17:42,14.5,600,74950
20240202,09:17:58,14.7,250,74950
20240202,09:18:03,14.5,250,74950
20240202,09:18:07,14.5,50,74950
20240202,09:18:08,14.5,300,74950
20240202,09:18:10,14.5,100,74950
20240202,09:18:12,14.45,2200,74950
20240202,09:18:13,14.4,650,74950
20240202,09:18:20,14.3,50,74950
20240202,09:18:28,14.45,200,74950
20240202,09:18:51,14.4,50,74950
20240202,09:18:58,14.45,100,74950
20240202,09:19:10,14.35,50,74950
20240202,09:19:13,14.4,300,74950
20240202,09:19:15,14.45,50,74950
20240202,09:19:21,14.6,150,74950
20240202,09:19:23,14.65,100,74950
20240202,09:19:36,14.85,50,74950
20240202,09:19:38,14.85,300,74950
20240202,09:19:48,14.75,150,74950
20240202,09:19:58,14.75,500,74950
20240202,09:20:06,14.8,600,74950
20240202,09:20:11,14.8,1050,74950
20240202,09:20:13,14.8,3950,74950
20240202,09:20:24,14.8,150,74550
20240202,09:20:29,14.75,50,74550
20240202,09:20:33,14.85,650,74550
20240202,09:20:44,14.95,100,74550
20240202,09:21:01,15.0,200,74550
20240202,09:21:06,14.9,50,74550
20240202,09:21:24,15.0,100,74550
20240202,09:21:26,15.05,350,74550
20240202,09:21:27,15.1,1300,74550
20240202,09:21:29,15.1,150,74550
20240202,09:21:31,15.05,350,74550
20240202,09:21:32,14.95,300,74550
20240202,09:21:36,14.95,850,74550
20240202,09:21:37,15.05,600,74550
20240202,09:21:49,15.0,50,74550
20240202,09:21:51,15.0,100,74550
20240202,09:21:54,15.0,850,74550
20240202,09:21:56,14.9,50,74550
20240202,09:21:57,14.8,200,74550
20240202,09:21:59,14.75,600,74550
20240202,09:22:00,14.6,350,74550
20240202,09:22:13,14.5,600,74550
20240202,09:22:24,14.4,50,74550
20240202,09:22:35,14.25,650,74550
20240202,09:22:46,14.0,500,74550
20240202,09:22:56,13.8,1550,74550
20240202,09:23:17,13.65,6100,74550
20240202,09:23:28,13.55,1000,76150
20240202,09:23:39,13.55,300,76150
20240202,09:23:49,13.6,1550,76150
20240202,09:24:10,13.6,1000,76150
20240202,09:24:21,13.6,150,76150
20240202,09:25:02,13.5,350,76150
20240202,09:25:14,13.5,100,76150
20240202,09:25:24,13.5,2050,76150
20240202,09:25:35,13.45,2050,76150
20240202,09:25:47,13.65,1450,76150
20240202,09:25:58,13.65,500,76150
20240202,09:26:08,13.9,1800,76150
20240202,09:26:19,13.9,1850,78950
20240202,09:26:30,13.8,1450,78950
20240202,09:26:52,14.0,150,78950
20240202,09:27:03,14.05,1900,78950
20240202,09:27:13,13.95,450,78950
20240202,09:27:34,13.75,850,78950
20240202,09:27:56,13.95,3150,78950
20240202,09:28:06,13.95,3600,78950
20240202,09:29:07,13.75,500,78950
20240202,09:29:58,13.8,500,74450
20240202,09:30:08,13.9,100,74450
20240202,09:30:19,14.0,3250,74450
20240202,09:30:30,13.95,650,74450
20240202,09:30:41,14.0,900,74450
20240202,09:31:32,14.05,150,74450
20240202,09:31:53,14.1,1000,74450
20240202,09:32:03,14.1,400,74450
20240202,09:32:34,14.15,3800,73600
20240202,09:32:44,14.0,100,73600
20240202,09:32:55,14.05,50,73600
20240202,09:33:16,14.0,950,73600
20240202,09:33:26,14.0,50,73600
20240202,09:33:58,14.0,50,73600
20240202,09:34:30,13.9,1650,73600
20240202,09:34:50,13.85,100,73600
20240202,09:35:00,13.75,400,73600
20240202,09:35:21,13.8,100,72150
20240202,09:35:31,13.85,400,72150
20240202,09:35:41,13.85,50,72150
20240202,09:35:51,13.85,500,72150
20240202,09:36:17,13.8,50,72150
20240202,09:36:20,13.7,400,72150
20240202,09:36:42,13.7,900,72150
20240202,09:36:47,13.7,900,72150
20240202,09:36:50,13.8,900,72150
20240202,09:37:15,13.9,1200,72150
20240202,09:37:25,13.75,1700,72150
20240202,09:37:35,13.6,100,72150
20240202,09:38:26,13.55,100,71150
20240202,09:38:47,13.45,150,71150
20240202,09:38:56,13.4,300,71150
20240202,09:39:58,13.35,200,71150
20240202,09:40:29,13.1,250,71150
20240202,09:41:09,13.0,900,71150
20240202,09:41:19,12.9,800,71150
20240202,09:41:29,13.35,150,70850
20240202,09:42:00,13.35,250,70850
20240202,09:42:06,13.45,600,70850
20240202,09:42:07,13.5,50,70850
20240202,09:42:12,13.5,250,70850
20240202,09:42:38,13.5,800,70850
20240202,09:42:42,13.5,100,70850
20240202,09:42:53,13.4,150,70850
20240202,09:43:09,13.3,100,70850
20240202,09:43:19,13.3,350,70850
20240202,09:43:29,13.3,100,70850
20240202,09:43:39,13.3,50,70850
20240202,09:43:49,13.25,50,70850
20240202,09:43:58,13.4,250,70850
20240202,09:44:37,13.25,100,70850
20240202,09:44:46,13.2,2750,70850
20240202,09:45:06,13.25,100,70850
20240202,09:45:26,13.2,50,70850
20240202,09:45:54,13.3,100,70850
20240202,09:46:04,13.4,50,70850
20240202,09:46:25,13.3,50,70850
20240202,09:47:25,13.3,2000,72100
20240202,09:48:08,13.15,200,72100
20240202,09:48:34,13.15,450,72100
20240202,09:49:52,12.8,300,72100
20240202,09:50:02,12.75,1150,72100
20240202,09:50:12,12.9,950,72100
20240202,09:50:43,12.95,1200,71300
20240202,09:50:53,12.95,1500,71300
20240202,09:51:03,12.9,900,71300
20240202,09:51:07,12.9,900,71300
20240202,09:51:12,12.9,150,71300
20240202,09:51:27,12.8,350,71300
20240202,09:51:29,12.9,400,71300
20240202,09:51:57,12.9,900,71300
20240202,09:51:59,12.95,900,71300
20240202,09:52:02,13.0,1800,71300
20240202,09:52:12,13.05,950,71300
20240202,09:52:17,12.95,50,71300
20240202,09:52:20,13.0,50,71300
20240202,09:52:22,13.05,150,71300
20240202,09:52:25,12.95,150,71300
20240202,09:52:44,12.85,50,71300
20240202,09:52:55,12.9,350,71300
20240202,09:52:57,13.05,1000,71300
20240202,09:53:24,12.7,50,75900
20240202,09:53:27,12.7,50,75900
20240202,09:53:30,12.8,50,75900
20240202,09:53:42,12.8,500,75900
20240202,09:53:52,12.9,6950,75900
20240202,09:53:53,12.95,1200,75900
20240202,09:54:02,13.05,900,75900
20240202,09:54:03,13.1,300,75900
20240202,09:54:06,13.15,1150,75900
20240202,09:54:18,13.05,50,75900
20240202,09:54:20,13.05,300,75900
20240202,09:54:25,13.05,50,75900
20240202,09:54:28,13.2,250,75900
20240202,09:54:33,13.15,50,75900
20240202,09:54:56,13.2,200,75900
20240202,09:55:01,13.15,100,75900
20240202,09:55:02,13.15,400,75900
20240202,09:55:15,13.1,100,75900
20240202,09:55:24,13.05,50,75900
20240202,09:56:49,13.0,50,74400
20240202,09:56:59,13.15,50,74400
20240202,09:57:28,13.05,100,74400
20240202,09:57:56,13.05,350,74400
20240202,09:58:50,12.95,1500,74400
20240202,09:58:52,13.0,1500,74400
20240202,09:58:54,12.65,6200,74400
20240202,09:58:55,12.65,1750,74400
20240202,09:59:00,12.9,50,74400
20240202,09:59:37,12.8,50,67500
20240202,09:59:48,12.75,50,67500
20240202,09:59:57,12.65,350,67500
20240202,10:00:07,12.55,100,67500
20240202,10:00:19,12.5,1500,67500
20240202,10:00:27,12.5,150,67500
20240202,10:00:43,12.55,50,67500
20240202,10:01:32,12.3,50,67500
20240202,10:02:16,12.25,1600,67500
20240202,10:02:36,12.25,150,67900
20240202,10:02:47,12.25,200,67900
20240202,10:02:56,12.25,200,67900
20240202,10:03:03,12.25,200,67900
20240202,10:03:05,12.25,200,67900
20240202,10:04:18,12.25,50,67900
20240202,10:04:38,12.25,250,67900
20240202,10:05:07,12.45,900,67900
20240202,10:05:17,12.35,200,67900
20240202,10:05:37,12.2,50,69300
20240202,10:05:48,12.2,700,69300
20240202,10:05:59,12.2,650,69300
20240202,10:06:14,12.2,100,69300
20240202,10:06:21,12.35,100,69300
20240202,10:06:26,12.3,650,69300
20240202,10:06:31,12.3,200,69300
20240202,10:06:39,12.3,100,69300
20240202,10:06:52,12.3,100,69300
20240202,10:07:11,12.35,50,69300
20240202,10:08:20,12.25,50,70200
20240202,10:08:39,12.15,450,70200
20240202,10:08:49,12.15,50,70200
20240202,10:09:08,12.1,100,70200
20240202,10:09:27,12.0,1300,70200
20240202,10:09:46,11.95,400,70200
20240202,10:10:16,11.95,50,70200
20240202,10:11:33,12.2,100,70500
20240202,10:11:52,12.15,150,70500
20240202,10:12:11,12.2,100,70500
20240202,10:12:20,12.15,150,70500
20240202,10:12:49,12.2,50,70500
20240202,10:12:59,12.15,50,70500
20240202,10:13:18,12.35,600,70500
20240202,10:14:44,12.35,50,70350
20240202,10:15:31,12.35,100,70350
20240202,10:15:40,12.4,50,70350
20240202,10:16:06,12.45,750,70350
20240202,10:16:24,12.35,100,70350
20240202,10:17:01,12.3,50,70350
20240202,10:17:10,12.25,50,70350
20240202,10:17:28,12.25,50,71350
20240202,10:18:20,12.35,800,71350
20240202,10:18:29,12.4,250,71350
20240202,10:18:38,12.4,100,71350
20240202,10:18:55,12.45,100,71350
20240202,10:19:04,12.5,1350,71350
20240202,10:19:13,12.45,100,71350
20240202,10:19:22,12.45,250,71350
20240202,10:20:31,12.65,250,72400
20240202,10:20:56,12.7,50,72400
20240202,10:21:37,12.6,250,72400
20240202,10:22:10,12.65,50,72400
20240202,10:22:36,12.85,50,72400
20240202,10:22:45,12.75,100,72400
20240202,10:23:30,12.75,300,72550
20240202,10:25:07,12.55,200,72550
20240202,10:25:40,12.65,50,72550
20240202,10:25:57,12.55,100,72550
20240202,10:26:05,12.5,800,72550
20240202,10:26:55,12.35,900,71900
20240202,10:28:21,12.35,50,71900
20240202,10:28:59,12.5,100,71900
20240202,10:30:38,12.3,550,71150
20240202,10:31:08,12.3,2400,71150
20240202,10:31:22,12.25,500,71150
20240202,10:31:29,12.1,2400,71150
20240202,10:32:51,12.35,1500,74800
20240202,10:34:58,12.3,950,74800
20240202,10:35:24,12.45,1500,74800
20240202,10:35:31,12.35,950,71050
20240202,10:35:38,12.35,1900,71050
20240202,10:35:45,12.35,900,71050
20240202,10:36:32,12.35,50,71050
20240202,10:38:30,12.3,250,68850
20240202,10:38:37,12.35,50,68850
20240202,10:38:49,12.25,900,68850
20240202,10:39:08,12.35,100,68850
20240202,10:39:35,12.3,50,68850
20240202,10:40:01,12.3,350,68850
20240202,10:41:04,12.35,200,68850
20240202,10:41:47,12.45,50,68750
20240202,10:41:55,12.55,200,68750
20240202,10:42:10,12.6,250,68750
20240202,10:42:38,12.7,100,68750
20240202,10:43:50,12.5,350,68750
20240202,10:44:03,12.45,100,68750
20240202,10:47:16,12.35,50,68750
20240202,10:51:23,12.45,50,68300
20240202,10:51:54,12.3,50,68300
20240202,10:52:00,12.2,500,68300
20240202,10:52:06,12.35,100,68300
20240202,10:52:19,12.35,50,68300
20240202,10:52:30,12.35,100,68300
20240202,10:53:29,12.2,50,68700
20240202,10:54:17,12.1,100,68700
20240202,10:55:03,12.1,50,68700
20240202,10:56:18,12.1,150,68700
20240202,10:57:33,11.95,50,68750
20240202,10:59:46,11.85,1800,68750
20240202,10:59:58,11.95,1800,68750
20240202,11:00:09,11.9,1900,68750
20240202,11:01:49,11.95,100,68750
20240202,11:02:09,11.9,100,68750
20240202,11:02:21,11.95,150,68750
20240202,11:02:59,12.0,1150,67550
20240202,11:03:11,11.9,650,67550
20240202,11:03:18,12.0,400,67550
20240202,11:03:29,12.05,300,67550
20240202,11:03:35,12.0,250,67550
20240202,11:03:41,12.0,750,67550
20240202,11:03:55,11.9,600,67550
20240202,11:04:02,11.9,50,67550
20240202,11:04:22,12.0,400,67550
20240202,11:04:28,12.1,50,67550
20240202,11:07:42,12.1,50,64400
20240202,11:08:18,12.05,250,64400
20240202,11:11:03,12.15,500,64400
20240202,11:11:39,12.2,150,64850
20240202,11:11:44,12.1,50,64850
20240202,11:11:49,12.0,450,64850
20240202,11:11:59,12.05,200,64850
20240202,11:13:07,12.05,550,64850
20240202,11:13:46,11.75,100,64850
20240202,11:13:56,11.7,350,64850
20240202,11:14:07,11.7,250,64850
20240202,11:14:27,11.7,300,64850
20240202,11:14:37,11.9,550,64600
20240202,11:14:48,11.9,50,64600
20240202,11:15:20,11.9,250,64600
20240202,11:16:02,11.95,250,64600
20240202,11:16:12,12.0,250,64600
20240202,11:16:23,12.1,700,64600
20240202,11:16:34,12.25,2000,64600
20240202,11:16:46,12.25,150,64600
20240202,11:17:19,12.25,50,64600
20240202,11:17:53,12.35,50,65750
20240202,11:18:38,12.15,100,65750
20240202,11:18:50,12.25,150,65750
20240202,11:19:24,12.05,450,65750
20240202,11:19:57,12.05,150,65750
20240202,11:20:19,12.1,1100,65750
20240202,11:20:52,12.25,50,66300
20240202,11:21:56,12.3,100,66300
20240202,11:22:50,12.5,900,66300
20240202,11:23:12,12.55,100,66300
20240202,11:23:44,12.35,50,67000
20240202,11:24:16,12.4,100,67000
20240202,11:25:09,12.35,100,67000
20240202,11:26:14,12.5,50,67000
20240202,11:27:20,12.5,250,66850
20240202,11:28:08,12.3,50,66850
20240202,11:28:19,12.4,200,66850
20240202,11:29:12,12.3,150,66850
20240202,11:30:06,12.25,150,66800
20240202,11:30:40,12.2,50,66800
20240202,11:31:02,12.2,850,66800
20240202,11:31:15,12.2,100,66800
20240202,11:31:27,12.3,50,66800
20240202,11:31:39,12.35,50,66800
20240202,11:31:52,12.15,50,66800
20240202,11:33:37,12.3,50,67650
20240202,11:34:37,12.25,450,67650
20240202,11:35:01,12.2,400,67650
20240202,11:35:13,12.15,400,67650
20240202,11:35:25,11.95,50,67650
20240202,11:36:22,11.95,200,68050
20240202,11:37:08,11.9,300,68050
20240202,11:37:19,12.0,300,68050
20240202,11:37:44,12.1,50,68050
20240202,11:38:20,12.05,100,68050
20240202,11:38:33,11.9,1300,68050
20240202,11:39:22,12.05,50,68750
20240202,11:39:35,12.15,100,68750
20240202,11:40:23,12.2,600,68750
20240202,11:40:37,12.35,400,68750
20240202,11:41:01,12.2,100,68750
20240202,11:41:14,12.35,150,68750
20240202,11:41:36,12.35,500,68750
20240202,11:41:59,12.3,200,69800
20240202,11:42:33,12.2,50,69800
20240202,11:42:56,12.45,100,69800
20240202,11:43:31,12.35,150,69800
20240202,11:44:06,12.55,550,69800
20240202,11:44:29,12.55,300,69800
20240202,11:44:41,12.65,100,69450
20240202,11:46:01,12.55,150,69450
20240202,11:46:13,12.85,150,69450
20240202,11:46:47,12.75,50,69450
20240202,11:47:10,12.65,100,69450
20240202,11:47:44,12.65,50,69450
20240202,11:48:54,12.8,100,69450
20240202,11:49:05,12.7,400,69450
20240202,11:49:16,12.6,950,69450
20240202,11:49:28,12.55,250,69450
20240202,11:49:39,12.6,1550,69450
20240202,11:50:24,12.6,200,69450
20240202,11:50:36,12.65,100,71400
20240202,11:50:47,12.7,100,71400
20240202,11:50:59,12.55,50,71400
20240202,11:51:55,12.5,350,71400
20240202,11:52:29,12.4,250,71400
20240202,11:53:13,12.55,50,71400
20240202,11:54:07,12.4,200,71150
20240202,11:54:19,12.2,50,71150
20240202,11:56:28,12.0,100,71150
20240202,11:56:39,11.9,2600,71200
20240202,11:57:45,12.0,50,71200
20240202,11:57:56,11.95,50,71200
20240202,11:58:07,12.0,100,71200
20240202,11:58:51,12.0,50,71200
20240202,11:59:02,12.1,150,71200
20240202,11:59:12,12.0,150,71200
20240202,11:59:23,12.0,400,71200
20240202,12:00:15,12.0,900,69400
20240202,12:00:35,11.9,50,69400
20240202,12:00:45,11.85,900,69400
20240202,12:00:55,11.95,400,69400
20240202,12:01:14,11.85,900,69400
20240202,12:01:35,11.8,50,69400
20240202,12:01:55,11.85,900,69400
20240202,12:02:05,11.9,100,69400
20240202,12:02:15,11.9,200,69400
20240202,12:02:25,11.8,450,69400
20240202,12:02:35,11.8,500,69400
20240202,12:02:45,11.8,750,68200
20240202,12:02:55,11.75,100,68200
