date,time,tick_price,volume,open_interest
20231201,09:17:32,140.0,50,650
20231201,09:18:24,141.0,100,650
20231201,09:18:43,141.05,100,650
20231201,09:19:15,141.05,400,650
20231201,09:20:19,139.0,100,650
20231201,09:20:44,138.95,50,650
20231201,09:22:59,138.9,50,650
20231201,09:25:22,132.8,100,750
20231201,09:25:44,132.8,100,750
20231201,09:26:22,132.5,100,950
20231201,09:26:45,132.3,100,950
20231201,09:26:53,132.3,100,950
20231201,09:27:00,132.3,150,950
20231201,09:28:08,132.3,200,950
20231201,09:28:15,135.0,50,950
20231201,09:28:56,137.0,50,950
20231201,09:31:24,135.0,50,1700
20231201,09:32:23,135.0,50,1700
20231201,09:35:50,135.0,50,1800
20231201,09:36:20,131.0,100,1800
20231201,09:37:27,131.0,100,1800
20231201,09:38:46,132.0,50,2000
20231201,09:39:23,131.0,400,2000
20231201,09:40:47,134.95,50,2000
20231201,09:43:03,134.0,50,2100
20231201,09:44:24,131.0,100,2150
20231201,09:44:55,131.0,200,2150
20231201,09:46:18,131.0,50,2150
20231201,09:46:33,131.0,50,2150
20231201,09:47:24,131.0,50,2550
20231201,09:51:15,129.15,50,2600
20231201,09:51:47,129.15,50,2600
20231201,09:52:26,127.35,50,2600
20231201,09:52:50,127.05,200,2600
20231201,09:53:05,127.0,50,2600
20231201,09:53:13,127.0,200,2600
20231201,09:54:51,126.8,100,2950
20231201,09:54:59,126.8,200,2950
20231201,09:55:07,127.85,50,2950
20231201,09:57:13,124.0,50,3300
20231201,09:59:17,124.0,50,3300
20231201,09:59:32,123.8,150,3400
20231201,10:02:19,123.8,200,3400
20231201,10:05:40,120.0,1050,3550
20231201,10:05:55,125.1,50,3550
20231201,10:06:46,125.15,50,3550
20231201,10:15:13,126.0,50,4700
20231201,10:15:21,119.95,1300,4700
20231201,10:17:11,124.85,150,4700
20231201,10:18:11,125.05,50,5850
20231201,10:19:46,125.5,200,5850
20231201,10:20:23,126.5,100,5850
20231201,10:20:38,127.0,100,5850
20231201,10:21:59,125.55,50,5850
20231201,10:22:37,126.0,50,5850
20231201,10:23:00,125.25,100,5850
20231201,10:23:07,125.0,150,5850
20231201,10:23:22,124.4,100,6300
20231201,10:23:29,124.3,50,6300
20231201,10:23:36,124.5,250,6300
20231201,10:24:35,124.5,50,6300
20231201,10:25:49,124.2,50,6300
20231201,10:27:50,122.35,50,6750
20231201,10:28:51,123.0,200,6750
20231201,10:30:35,124.0,100,7000
20231201,10:32:10,120.0,100,7000
20231201,10:32:41,123.95,50,7150
20231201,10:33:27,124.5,100,7150
20231201,10:34:37,124.5,50,7150
20231201,10:35:45,123.0,50,7350
20231201,10:36:07,124.5,50,7350
20231201,10:38:05,123.0,50,7350
20231201,10:39:03,122.8,50,7450
20231201,10:48:41,122.5,100,7500
20231201,10:48:55,122.45,50,7500
20231201,10:49:02,122.45,50,7500
20231201,10:49:58,122.55,50,7500
20231201,10:50:42,120.2,150,7700
20231201,10:54:24,123.0,50,7850
20231201,10:55:41,110.7,300,7850
20231201,11:00:40,110.7,50,8100
20231201,11:02:38,119.2,50,8150
20231201,11:02:53,120.95,50,8150
20231201,11:04:53,120.0,50,8150
20231201,11:07:14,120.5,50,8250
20231201,11:08:29,120.8,50,8300
20231201,11:08:38,121.0,200,8300
20231201,11:20:28,120.35,50,8450
20231201,11:24:18,121.0,150,8500
20231201,11:26:32,121.15,150,8500
20231201,11:28:14,121.7,100,8700
20231201,11:29:21,120.2,50,8700
20231201,11:30:17,121.65,100,8750
20231201,11:31:12,122.3,100,8750
20231201,11:31:36,122.25,200,8750
20231201,11:31:59,122.5,50,8750
20231201,11:32:22,122.7,50,8750
20231201,11:32:37,123.0,50,8750
20231201,11:32:44,123.0,50,8950
20231201,11:33:00,123.0,50,8950
20231201,11:33:23,124.45,50,8950
20231201,11:35:21,122.0,50,8950
20231201,11:36:29,120.0,550,9150
20231201,11:36:44,120.5,500,9150
20231201,11:37:28,120.5,200,9150
20231201,11:37:59,122.0,50,9150
20231201,11:38:07,122.75,50,9150
20231201,11:38:14,122.7,50,9150
20231201,11:38:22,122.65,50,9150
20231201,11:38:37,122.0,50,10350
20231201,11:38:44,122.85,50,10350
20231201,11:38:52,122.65,50,10350
20231201,11:39:20,122.8,50,10350
20231201,11:39:35,120.0,350,10350
20231201,11:39:51,118.7,50,10350
20231201,11:43:28,122.85,100,10750
20231201,11:44:19,122.95,50,10750
20231201,11:44:22,123.0,50,10750
20231201,11:48:28,122.7,100,10800
20231201,11:49:46,123.0,100,10800
20231201,11:49:49,122.95,50,10800
20231201,11:53:47,123.2,50,11000
20231201,11:58:15,123.45,100,11050
20231201,11:58:22,123.5,50,11050
20231201,11:58:31,123.5,150,11050
20231201,11:59:18,123.5,50,11050
20231201,12:00:34,123.6,50,11300
20231201,12:01:15,123.55,50,11300
20231201,12:01:23,123.65,250,11300
20231201,12:02:04,123.7,150,11300
20231201,12:04:18,124.0,50,11700
20231201,12:04:49,123.5,50,11700
20231201,12:05:20,123.25,50,11700
20231201,12:05:50,123.25,100,11850
20231201,12:06:12,123.3,50,11850
20231201,12:12:04,123.2,50,12000
20231201,12:19:30,120.0,500,12050
20231201,12:19:37,123.6,50,12050
20231201,12:20:13,123.6,50,12050
20231201,12:20:21,123.6,50,12050
20231201,12:20:36,120.75,500,12050
20231201,12:20:44,123.55,100,12950
20231201,12:20:51,123.55,50,12950
20231201,12:21:30,123.7,50,12950
20231201,12:22:15,124.0,100,12950
20231201,12:23:17,124.0,50,12950
20231201,12:23:33,124.75,300,12950
20231201,12:23:49,125.0,100,13450
20231201,12:23:56,126.0,150,13450
20231201,12:24:04,127.95,100,13450
20231201,12:24:19,127.95,50,13450
20231201,12:25:20,121.5,150,13450
20231201,12:27:44,125.3,100,13450
20231201,12:29:01,125.25,50,13850
20231201,12:33:32,124.05,100,13950
20231201,12:36:56,126.0,50,13950
20231201,12:39:58,125.85,50,14000
20231201,12:40:28,126.3,50,14000
20231201,12:41:44,125.05,200,14000
20231201,12:41:59,125.9,50,13950
20231201,12:42:06,126.3,50,13950
20231201,12:42:28,127.8,150,13950
20231201,12:42:44,127.85,50,13950
20231201,12:43:51,128.0,50,13950
20231201,12:44:06,129.5,50,13950
20231201,12:44:57,129.85,50,14150
20231201,12:48:07,130.0,50,14150
20231201,12:49:18,129.95,50,14150
20231201,12:51:11,126.0,300,14200
20231201,12:51:51,124.6,100,14200
20231201,13:05:07,125.0,50,14400
20231201,13:05:33,125.0,50,14400
20231201,13:05:42,125.0,50,14400
20231201,13:07:07,126.0,50,14550
20231201,13:09:16,126.0,100,14600
20231201,13:18:00,126.95,150,14700
20231201,13:18:07,126.65,50,14700
20231201,13:18:56,126.95,50,14700
20231201,13:19:59,126.95,50,14700
20231201,13:21:16,126.95,50,14850
20231201,13:22:04,126.95,50,14850
20231201,13:24:33,124.2,50,14850
20231201,13:25:21,126.75,50,14850
20231201,13:30:02,128.7,450,14850
20231201,13:31:55,127.95,50,14850
20231201,13:32:47,126.9,50,14850
20231201,13:33:16,125.95,50,15050
20231201,13:33:52,127.6,50,15050
20231201,13:33:56,127.9,150,15050
20231201,13:35:31,129.4,150,15050
20231201,13:36:28,128.65,200,15400
20231201,13:37:57,127.05,50,15400
20231201,13:38:13,127.0,50,15400
20231201,13:41:24,128.5,50,15500
20231201,13:50:16,128.5,350,15550
20231201,13:51:28,128.2,50,15900
20231201,13:52:34,128.65,50,15900
20231201,13:53:31,129.0,100,15900
20231201,13:53:46,129.05,50,15900
20231201,13:58:05,127.2,50,16100
20231201,14:00:22,126.55,100,16150
20231201,14:00:43,126.55,100,16150
20231201,14:02:09,126.55,100,16150
20231201,14:04:25,126.3,50,16350
20231201,14:09:15,126.6,50,16400
20231201,14:09:53,127.0,100,16400
20231201,14:16:07,125.5,150,16450
20231201,14:16:37,125.0,100,16450
20231201,14:16:45,125.05,500,16450
20231201,14:18:05,124.75,50,17200
20231201,14:18:37,124.5,950,17200
20231201,14:21:02,124.25,100,18200
20231201,14:21:25,124.15,500,18200
20231201,14:21:33,124.25,300,18200
20231201,14:23:24,124.35,50,18200
20231201,14:23:44,124.0,500,18200
20231201,14:30:17,125.0,50,19650
20231201,14:30:49,125.25,200,19650
20231201,14:31:38,125.25,200,19650
20231201,14:33:30,122.1,500,20100
20231201,14:38:02,125.4,100,20550
20231201,14:38:26,125.5,250,20550
20231201,14:41:53,126.65,500,20750
20231201,14:43:36,126.45,50,21000
20231201,14:43:53,126.8,50,21000
20231201,14:44:11,126.05,500,21000
20231201,14:44:20,124.05,500,21000
20231201,14:44:37,122.2,1500,21000
20231201,14:44:54,125.9,200,21000
20231201,14:45:11,124.0,900,23550
20231201,14:46:44,125.65,100,23550
20231201,14:47:00,125.0,100,23550
20231201,14:47:08,125.0,50,23550
20231201,14:47:33,125.4,50,23550
20231201,14:47:49,125.9,150,23550
20231201,14:47:58,127.05,300,23550
20231201,14:48:06,127.45,150,23600
20231201,14:48:15,127.45,1000,23600
20231201,14:48:39,127.15,150,23600
20231201,14:48:47,127.0,500,23600
20231201,14:48:55,127.05,50,23600
20231201,14:49:03,126.8,100,23600
20231201,14:49:11,127.65,150,23600
20231201,14:49:19,127.55,100,23600
20231201,14:49:26,127.6,100,23600
20231201,14:49:34,127.65,250,23600
20231201,14:49:41,128.2,50,23600
20231201,14:49:53,127.9,50,23600
20231201,14:50:06,128.45,100,23600
20231201,14:50:13,128.8,50,23600
20231201,14:50:15,128.8,50,23600
20231201,14:50:16,128.8,50,23600
20231201,14:50:21,128.5,50,23600
20231201,14:50:26,128.2,50,23600
20231201,14:50:32,128.15,50,23600
20231201,14:51:10,128.6,100,25700
20231201,14:52:52,128.35,50,25700
20231201,14:53:07,127.5,100,25700
20231201,14:53:37,128.65,50,25700
20231201,14:54:07,127.85,50,25800
20231201,14:54:14,127.85,100,25800
20231201,14:54:45,128.45,150,25800
20231201,14:55:41,128.5,50,25800
20231201,14:55:48,128.45,50,25800
20231201,14:55:55,128.45,100,25800
20231201,14:56:02,127.85,50,25800
20231201,14:56:28,127.85,100,25800
20231201,14:56:35,128.35,50,25800
20231201,14:58:16,128.4,50,26150
20231201,14:58:23,128.5,100,26150
20231201,14:58:31,128.6,100,26150
20231201,14:59:15,128.5,50,26150
20231201,15:00:08,128.4,100,26300
20231201,15:00:16,127.9,50,26300
20231201,15:00:24,128.0,100,26300
20231201,15:00:32,127.8,100,26300
20231201,15:00:48,127.8,200,26300
20231201,15:00:57,128.0,200,26300
20231201,15:01:05,128.15,100,26300
20231201,15:01:13,128.15,150,26300
20231201,15:01:22,128.25,50,26300
20231201,15:02:11,128.65,100,26300
20231201,15:02:27,128.95,100,26300
20231201,15:02:51,129.0,50,26300
20231201,15:03:06,128.8,50,26300
20231201,15:03:14,129.3,50,27200
20231201,15:03:31,129.35,50,27200
20231201,15:04:28,128.7,150,27200
20231201,15:04:51,129.15,650,27200
20231201,15:05:31,129.95,300,27200
20231201,15:05:38,130.0,100,27200
20231201,15:05:54,130.15,100,27200
20231201,15:06:17,130.25,50,27600
20231201,15:06:24,130.8,50,27600
20231201,15:06:32,130.8,50,27600
20231201,15:06:39,129.7,100,27600
20231201,15:06:54,131.25,50,27600
20231201,15:07:16,131.0,50,27600
20231201,15:07:40,130.05,50,27600
20231201,15:08:11,130.8,50,27600
20231201,15:08:18,130.6,250,27600
20231201,15:08:26,130.0,450,27600
20231201,15:09:20,130.95,50,28100
20231201,15:09:28,130.95,150,28100
20231201,15:09:35,130.9,50,28100
20231201,15:09:42,131.0,50,28100
20231201,15:09:58,131.05,100,28100
20231201,15:10:29,131.05,50,28100
20231201,15:10:37,131.1,100,28100
20231201,15:10:45,131.5,250,28100
20231201,15:10:53,131.25,100,28100
20231201,15:11:23,131.2,200,28100
20231201,15:11:31,131.2,150,28100
20231201,15:11:38,130.95,50,28100
20231201,15:12:25,130.35,100,28550
20231201,15:12:33,130.8,150,28550
20231201,15:12:41,130.8,50,28550
20231201,15:12:57,131.6,50,28550
20231201,15:13:01,131.45,50,28550
20231201,15:13:14,131.35,50,28550
20231201,15:13:16,130.9,50,28550
20231201,15:13:21,132.75,500,28550
20231201,15:13:42,130.75,50,28550
20231201,15:13:46,130.75,50,28550
20231201,15:13:57,130.35,100,28550
20231201,15:15:06,129.85,50,28550
20231201,15:15:37,129.65,50,28950
20231201,15:16:10,129.25,50,28950
20231201,15:16:43,127.3,50,28950
20231201,15:17:14,128.85,50,28950
20231201,15:17:29,129.95,50,28950
20231201,15:18:00,132.7,500,28950
20231201,15:19:01,130.0,50,29450
20231201,15:19:09,128.15,50,29450
20231201,15:22:14,129.65,100,29450
20231201,15:22:46,129.5,50,29450
20231201,15:27:39,128.7,100,29550
20231201,15:27:47,129.0,150,29550
20231201,15:27:56,128.6,350,29550
20231201,15:28:05,128.6,50,29550
20231201,15:28:14,128.0,150,29550
20231201,15:29:15,127.7,550,29550
20231201,15:29:23,127.35,200,29550
20231201,15:29:42,130.0,950,29550
20231201,15:29:51,130.0,100,29550
20231204,09:16:55,92.65,1,29750
20231204,09:16:55,93.15,100,29750
20231204,09:17:02,100.65,50,29750
20231204,09:17:10,100.65,150,29750
20231204,09:18:53,102.3,50,29950
20231204,09:19:23,102.3,50,29950
20231204,09:19:54,101.95,100,29950
20231204,09:20:03,94.1,200,29950
20231204,09:20:12,94.15,100,29950
20231204,09:20:37,101.0,100,30050
20231204,09:21:45,101.0,50,30050
20231204,09:23:06,101.0,100,30050
20231204,09:23:22,103.0,500,30050
20231204,09:23:30,103.0,50,30700
20231204,09:23:47,95.0,500,30700
20231204,09:23:56,95.0,500,30700
20231204,09:24:04,94.25,200,30700
20231204,09:24:13,94.15,450,30700
20231204,09:26:01,96.75,50,30700
20231204,09:26:36,96.15,50,31400
20231204,09:27:18,94.0,200,31400
20231204,09:27:35,90.0,200,31400
20231204,09:28:34,90.0,50,31400
20231204,09:28:42,90.0,50,31400
20231204,09:30:54,92.3,150,31150
20231204,09:31:11,95.0,50,31150
20231204,09:31:44,96.3,200,31150
20231204,09:34:54,95.0,50,31150
20231204,09:35:10,92.6,300,31150
20231204,09:37:04,94.9,50,31150
20231204,09:37:12,92.15,50,31150
20231204,09:38:07,95.0,250,31150
20231204,09:38:15,94.9,50,31150
20231204,09:38:30,94.95,150,31300
20231204,09:39:32,94.4,100,31300
20231204,09:39:40,94.4,150,31300
20231204,09:41:28,94.95,50,31300
20231204,09:41:52,94.0,100,31300
20231204,09:42:08,95.0,50,31300
20231204,09:43:29,97.05,300,31300
20231204,09:44:40,95.0,100,31500
20231204,09:45:13,97.0,150,31500
20231204,09:45:30,96.1,150,31500
20231204,09:45:39,97.0,300,31500
20231204,09:45:47,97.0,250,31500
20231204,09:46:10,97.5,50,31500
20231204,09:46:44,97.5,300,31500
20231204,09:47:00,97.5,300,31500
20231204,09:47:24,97.5,150,31500
20231204,09:47:40,97.5,650,31550
20231204,09:48:22,97.0,500,31550
20231204,09:48:47,94.1,200,31550
20231204,09:49:12,91.05,250,31550
20231204,09:49:20,96.0,100,31550
20231204,09:49:37,91.0,250,31550
20231204,09:51:02,94.15,50,32250
20231204,09:54:20,95.45,200,32300
20231204,09:54:29,95.5,150,32300
20231204,09:56:45,95.0,100,32250
20231204,09:56:53,95.0,100,32250
20231204,09:57:01,95.0,100,32250
20231204,09:57:43,96.0,500,32250
20231204,09:57:59,91.1,500,32250
20231204,09:58:08,95.0,150,32250
20231204,09:58:16,94.4,100,32250
20231204,10:01:11,94.75,200,32600
20231204,10:01:36,94.75,50,32600
20231204,10:02:10,93.5,600,32600
20231204,10:03:26,94.4,50,32800
20231204,10:03:35,94.25,600,32800
20231204,10:03:43,96.9,50,32800
20231204,10:09:05,93.0,1750,33150
20231204,10:09:46,92.8,500,33150
20231204,10:09:54,93.0,200,33150
20231204,10:10:18,93.35,200,33150
20231204,10:11:08,93.0,300,33150
20231204,10:12:33,95.0,400,35100
20231204,10:12:41,97.0,600,35100
20231204,10:12:49,97.9,50,35100
20231204,10:14:07,97.0,50,35100
20231204,10:14:32,98.05,200,35100
20231204,10:15:21,98.85,50,35550
20231204,10:16:01,99.25,100,35550
20231204,10:16:56,96.25,300,35550
20231204,10:17:04,98.3,250,35550
20231204,10:17:12,98.1,50,35550
20231204,10:21:23,96.0,50,36050
20231204,10:23:16,98.1,50,36050
20231204,10:23:56,96.2,50,36150
20231204,10:24:43,96.05,50,36150
20231204,10:25:23,97.25,150,36150
20231204,10:25:47,95.25,200,36150
20231204,10:27:00,97.3,50,36200
20231204,10:27:15,97.1,50,36200
20231204,10:27:31,95.2,400,36200
20231204,10:28:12,96.6,150,36200
20231204,10:29:00,96.55,200,36200
20231204,10:30:04,96.2,150,36600
20231204,10:30:13,96.5,50,36600
20231204,10:30:46,96.5,50,36600
20231204,10:31:02,96.1,350,36600
20231204,10:31:10,96.0,150,36600
20231204,10:34:11,95.6,50,36450
20231204,10:34:49,97.3,300,36450
20231204,10:36:39,95.6,50,36600
20231204,10:37:02,97.3,200,36600
20231204,10:41:28,96.15,400,36750
20231204,10:41:44,96.45,300,36550
20231204,10:41:52,96.4,100,36550
20231204,10:43:30,95.75,400,36550
20231204,10:43:46,95.4,50,36550
20231204,10:44:11,95.6,50,36550
20231204,10:46:00,95.75,100,36500
20231204,10:46:16,95.85,400,36500
20231204,10:47:43,95.8,50,36800
20231204,10:48:16,95.9,150,36800
20231204,10:49:05,95.95,150,36800
20231204,10:49:13,95.0,600,36800
20231204,10:49:21,97.0,100,36800
20231204,10:49:29,97.0,50,36800
20231204,10:50:17,101.2,1500,36800
20231204,10:52:50,96.9,400,38900
20231204,10:52:58,99.65,250,38900
20231204,10:53:06,99.4,100,38900
20231204,10:53:22,99.3,50,38900
20231204,10:53:30,99.35,100,38900
20231204,10:53:45,98.95,50,38700
20231204,10:53:48,97.0,50,38700
20231204,10:54:06,101.0,200,38700
20231204,10:54:08,98.75,200,38700
20231204,10:55:22,97.3,350,38700
20231204,10:55:59,97.3,100,38700
20231204,10:56:37,97.0,100,38850
20231204,10:58:50,99.5,600,38850
20231204,11:04:05,97.15,50,39200
20231204,11:08:24,99.0,200,39200
20231204,11:10:55,99.0,50,39100
20231204,11:11:11,96.95,150,39100
20231204,11:11:35,96.9,300,39100
20231204,11:14:45,96.9,50,39050
20231204,11:15:35,95.35,500,39050
20231204,11:15:52,94.95,400,39050
20231204,11:18:15,98.0,50,39050
20231204,11:24:38,96.0,100,39050
20231204,11:25:02,96.0,50,39050
20231204,11:25:26,96.0,100,39050
20231204,11:25:33,96.0,50,39050
20231204,11:25:42,94.15,200,39050
20231204,11:32:36,98.3,800,39300
20231204,11:32:43,96.75,200,39300
20231204,11:34:44,97.25,350,40100
20231204,11:34:54,97.25,100,40100
20231204,11:35:00,97.55,950,40100
20231204,11:36:58,97.5,200,40200
20231204,11:38:39,95.6,100,40200
20231204,11:38:46,96.85,100,40300
20231204,11:47:20,94.65,50,40250
20231204,11:47:28,94.65,50,40250
20231204,11:48:52,94.0,200,40250
20231204,11:49:37,94.5,100,40250
20231204,11:50:51,94.75,100,40250
20231204,11:51:58,94.95,250,40250
20231204,12:00:27,94.0,100,40500
20231204,12:00:49,94.0,100,40500
20231204,12:06:36,93.4,50,40600
20231204,12:07:09,93.9,50,40600
20231204,12:07:17,94.0,350,40600
20231204,12:08:36,93.45,50,40600
20231204,12:08:43,93.45,50,40600
20231204,12:08:59,93.45,50,41000
20231204,12:09:07,93.45,50,41000
20231204,12:09:15,93.45,50,41000
20231204,12:09:23,93.35,50,41000
20231204,12:12:05,93.45,50,40950
20231204,12:13:14,92.65,200,40950
20231204,12:15:51,92.3,50,40950
20231204,12:16:00,92.25,50,40950
20231204,12:16:26,92.05,50,40950
20231204,12:17:10,91.9,100,40950
20231204,12:17:35,91.9,300,40950
20231204,12:19:16,93.4,300,41150
20231204,12:20:12,93.45,200,41150
20231204,12:20:38,93.9,50,41150
20231204,12:21:48,93.5,100,41450
20231204,12:21:57,93.5,200,41450
20231204,12:24:18,93.5,50,41450
20231204,12:25:16,94.0,50,41450
20231204,12:25:33,94.0,100,41450
20231204,12:26:13,94.0,200,41450
20231204,12:30:30,94.9,200,41600
20231204,12:30:56,94.85,100,41600
20231204,12:32:24,95.4,100,41600
20231204,12:35:58,94.25,400,41550
20231204,12:37:13,93.0,50,41550
20231204,12:37:38,93.25,50,41550
20231204,12:40:11,94.85,100,41450
20231204,12:43:01,94.1,150,41500
20231204,12:43:10,94.05,150,41500
20231204,12:45:56,95.2,50,41500
20231204,12:46:20,94.0,50,41500
20231204,12:47:09,93.65,50,41500
20231204,12:48:51,93.3,50,41500
20231204,13:01:45,93.35,100,41550
20231204,13:02:36,93.3,50,41550
20231204,13:03:28,93.25,200,41500
20231204,13:04:01,93.55,350,41500
20231204,13:04:09,93.6,50,41500
20231204,13:04:34,93.9,50,41500
20231204,13:04:59,94.0,50,41500
20231204,13:06:46,94.5,200,41900
20231204,13:10:22,92.05,250,41900
20231204,13:10:55,92.95,200,41900
20231204,13:11:03,92.0,600,41900
20231204,13:11:58,92.0,100,41900
20231204,13:12:39,92.0,50,42650
20231204,13:16:31,91.9,50,42650
20231204,13:17:33,91.9,50,42650
20231204,13:17:42,91.95,150,42650
20231204,13:19:21,91.95,50,42650
20231204,13:19:38,91.75,150,42650
20231204,13:20:40,91.95,150,42650
20231204,13:21:44,92.0,50,42650
20231204,13:22:55,92.0,300,42650
20231204,13:23:13,92.0,150,42650
20231204,13:23:48,91.4,50,42650
20231204,13:27:40,92.0,50,43050
20231204,13:27:49,92.0,100,43050
20231204,13:27:57,91.95,200,43050
20231204,13:28:14,90.65,200,43050
20231204,13:28:23,91.0,300,43050
20231204,13:28:56,93.95,900,43050
20231204,13:29:29,94.4,600,43050
20231204,13:29:37,94.15,650,43050
20231204,13:29:45,94.25,150,43050
20231204,13:29:54,94.15,200,43050
20231204,13:30:02,94.2,150,44400
20231204,13:30:10,94.15,50,44400
20231204,13:30:18,94.15,250,44400
20231204,13:30:26,94.0,100,44400
20231204,13:31:16,94.05,50,44400
20231204,13:31:39,93.9,50,44400
20231204,13:32:02,94.05,50,44400
20231204,13:32:35,94.15,50,44400
20231204,13:33:08,93.9,50,44350
20231204,13:38:32,92.75,250,44350
20231204,13:39:12,91.9,50,44600
20231204,13:42:17,92.0,50,44600
20231204,13:42:25,92.2,50,44600
20231204,13:42:34,92.0,50,44600
20231204,13:43:21,91.7,150,44600
20231204,13:45:24,91.8,150,44700
20231204,13:45:32,91.85,150,44700
20231204,13:45:49,92.0,350,44700
20231204,13:46:49,92.45,300,44700
20231204,13:47:50,92.9,50,44700
20231204,13:49:03,93.25,50,45550
20231204,13:49:39,92.55,50,45550
20231204,13:49:48,93.0,100,45550
20231204,13:49:57,93.0,50,45550
20231204,13:51:35,93.0,50,45550
20231204,13:52:02,93.0,50,45750
20231204,13:56:49,93.15,50,45850
20231204,13:57:31,93.45,50,45900
20231204,13:58:49,93.15,200,45900
20231204,14:01:44,93.0,200,45950
20231204,14:03:44,92.95,50,46150
20231204,14:05:16,91.95,300,46150
20231204,14:05:34,91.45,50,46150
20231204,14:07:37,91.0,50,46200
20231204,14:08:29,91.0,50,46200
20231204,14:09:15,91.0,50,46250
20231204,14:09:24,90.0,550,46250
20231204,14:10:17,90.95,200,46250
20231204,14:11:00,91.0,50,46250
20231204,14:13:57,87.85,100,46400
20231204,14:14:23,87.85,150,46400
20231204,14:16:50,89.9,100,46400
20231204,14:17:09,90.45,50,46400
20231204,14:17:37,90.9,50,46400
20231204,14:18:50,91.95,150,46500
20231204,14:18:58,90.0,150,46500
20231204,14:21:04,90.25,50,46500
20231204,14:23:08,93.25,50,46800
20231204,14:25:04,93.25,250,46800
20231204,14:31:44,90.35,50,46550
20231204,14:34:01,90.95,50,46550
20231204,14:34:10,90.5,150,46550
20231204,14:34:47,91.0,350,46550
20231204,14:35:06,91.0,100,46550
20231204,14:38:13,92.95,100,46850
20231204,14:38:30,92.95,50,46850
20231204,14:43:53,91.0,200,46900
20231204,14:44:31,92.45,50,46900
20231204,14:44:49,91.05,50,46900
20231204,14:46:14,92.45,50,46950
20231204,14:47:49,92.5,1100,46950
20231204,14:48:07,92.5,50,46950
20231204,14:48:52,92.45,100,47400
20231204,14:49:10,92.35,100,47400
20231204,14:49:19,92.25,100,47400
20231204,14:49:37,92.25,250,47400
20231204,14:50:13,91.0,50,47400
20231204,14:51:09,92.0,50,47400
20231204,14:53:01,90.4,50,47750
20231204,14:55:03,90.0,300,47750
20231204,14:55:40,91.45,300,47750
20231204,14:56:00,91.5,100,47750
20231204,14:58:12,90.95,50,48200
20231204,14:58:22,91.0,50,48200
20231204,14:58:31,91.0,100,48200
20231204,14:59:48,92.1,50,48200
20231204,14:59:58,92.55,100,48200
20231204,15:00:48,90.85,200,48350
20231204,15:01:08,90.85,400,48350
20231204,15:04:38,90.9,100,48250
20231204,15:07:03,90.5,200,48250
20231204,15:14:42,92.75,200,48400
20231204,15:17:08,92.0,50,48400
20231204,15:17:27,92.5,350,48400
20231204,15:18:05,93.0,50,48400
20231204,15:20:29,93.0,150,48550
20231204,15:20:57,92.9,50,48550
20231204,15:23:01,94.6,250,48700
20231204,15:24:36,91.2,100,48800
20231204,15:25:05,91.2,50,48800
20231204,15:25:15,94.0,100,48800
20231204,15:25:34,91.25,100,48800
20231204,15:25:44,94.0,200,48800
20231204,15:27:31,93.4,50,49000
20231204,15:27:41,93.6,50,49000
20231204,15:29:27,91.95,50,49000
20231204,15:29:36,94.0,200,49000
20231205,09:18:00,80.75,1,48700
20231205,09:18:00,80.75,100,48700
20231205,09:18:19,88.95,150,48700
20231205,09:18:29,89.0,100,48700
20231205,09:18:59,90.0,50,48700
20231205,09:20:12,90.0,50,48700
20231205,09:23:07,94.4,50,48850
20231205,09:23:37,94.4,50,48900
20231205,09:24:35,94.0,50,48900
20231205,09:29:18,91.0,100,48950
20231205,09:29:29,92.0,100,48950
20231205,09:29:39,91.0,50,49000
20231205,09:30:00,92.0,350,49000
20231205,09:31:58,89.05,50,49000
20231205,09:33:45,89.2,50,49000
20231205,09:34:38,88.4,100,49000
20231205,09:35:20,88.4,100,49000
20231205,09:35:42,90.25,50,48950
20231205,09:43:20,88.45,50,49000
20231205,09:43:31,88.45,100,49000
20231205,09:43:41,88.4,50,49000
20231205,09:44:13,87.05,50,49000
20231205,09:44:55,87.05,100,49000
20231205,09:46:12,87.1,450,49000
20231205,09:47:05,87.0,50,49000
20231205,09:47:16,87.05,50,49000
20231205,09:49:12,87.05,50,49150
20231205,09:50:04,87.1,50,49150
20231205,09:50:14,87.05,150,49150
20231205,09:52:30,86.05,750,49050
20231205,09:53:01,87.0,50,49050
20231205,09:53:12,86.9,100,49050
20231205,09:53:44,86.9,50,49850
20231205,09:54:05,86.95,50,49850
20231205,09:54:47,87.1,250,49850
20231205,09:55:31,88.4,50,49850
20231205,09:55:52,89.25,100,49850
20231205,09:57:18,89.25,50,50000
20231205,10:00:27,89.4,50,50050
20231205,10:01:42,88.0,100,50050
20231205,10:01:53,89.4,50,50050
20231205,10:03:49,88.45,50,50150
20231205,10:05:45,88.45,100,50200
20231205,10:06:06,88.45,50,50200
20231205,10:07:21,86.0,50,50200
20231205,10:08:53,86.0,300,50300
20231205,10:13:08,87.0,50,50500
20231205,10:14:00,86.75,50,50500
20231205,10:14:32,86.0,150,50500
20231205,10:15:04,86.25,50,50700
20231205,10:15:14,86.0,200,50700
20231205,10:15:57,85.5,500,50700
20231205,10:17:02,85.15,200,50700
20231205,10:17:24,85.6,100,50700
20231205,10:17:56,85.6,300,51200
20231205,10:18:07,84.1,450,51200
20231205,10:19:02,84.3,150,51200
20231205,10:19:23,85.55,250,51200
20231205,10:19:35,85.65,50,51200
20231205,10:20:52,85.55,200,51950
20231205,10:21:03,85.6,100,51950
20231205,10:21:15,86.25,100,51950
20231205,10:21:38,86.0,600,51950
20231205,10:21:49,86.0,250,51950
20231205,10:23:24,86.0,50,51950
20231205,10:24:05,86.95,850,53150
20231205,10:31:26,86.9,100,54000
20231205,10:31:57,86.95,350,54000
20231205,10:35:59,86.25,50,54000
20231205,10:37:03,86.45,50,54000
20231205,10:37:36,86.25,50,54000
20231205,10:38:19,86.6,50,54000
20231205,10:39:24,86.9,300,54150
20231205,10:41:38,86.05,200,54150
20231205,10:44:40,86.8,50,54600
20231205,10:46:37,86.05,50,54650
20231205,10:48:01,86.0,50,54600
20231205,10:59:46,86.8,200,54650
20231205,11:00:39,85.05,100,54650
20231205,11:01:22,85.0,150,54650
20231205,11:01:32,86.2,50,54650
20231205,11:03:28,85.0,50,54800
20231205,11:04:41,84.95,50,54800
20231205,11:05:23,86.0,200,54800
20231205,11:06:03,85.25,400,54750
20231205,11:06:24,84.9,200,54750
20231205,11:07:36,86.0,50,54750
20231205,11:07:47,86.0,50,54750
20231205,11:07:57,86.0,200,54750
20231205,11:08:18,85.2,50,54750
20231205,11:08:39,86.4,150,54750
20231205,11:09:21,86.5,50,55050
20231205,11:10:27,86.95,100,55050
20231205,11:13:53,87.0,300,55050
20231205,11:14:36,87.0,500,55050
20231205,11:16:40,84.75,50,55000
20231205,11:17:33,86.65,150,55000
20231205,11:17:44,86.9,100,55000
20231205,11:17:54,86.65,50,55200
20231205,11:18:47,86.65,250,55200
20231205,11:18:58,87.0,250,55200
20231205,11:19:21,87.45,150,55200
20231205,11:19:32,85.5,50,55200
20231205,11:20:05,87.85,50,55200
20231205,11:20:17,88.45,100,55200
20231205,11:21:22,88.45,100,55450
20231205,11:21:33,89.5,500,55450
20231205,11:22:58,90.5,1200,55450
20231205,11:23:51,88.9,100,55450
20231205,11:24:43,90.5,250,55300
20231205,11:24:53,90.5,550,55300
20231205,11:27:31,90.45,100,54900
20231205,11:27:52,87.15,50,54900
20231205,11:28:24,89.0,50,54900
20231205,11:28:55,89.0,150,54900
20231205,11:30:29,88.75,100,54850
20231205,11:30:51,89.1,50,54850
20231205,11:31:22,89.35,50,54850
20231205,11:31:44,90.0,50,54850
20231205,11:32:06,90.0,50,54850
20231205,11:32:49,90.5,50,54850
20231205,11:33:44,90.95,50,54950
20231205,11:34:07,90.95,50,54950
20231205,11:36:05,89.1,50,54900
20231205,11:36:48,89.9,100,54900
20231205,11:36:59,90.9,150,54900
20231205,11:41:04,90.05,100,54800
20231205,11:41:14,90.7,50,54800
20231205,11:42:51,90.0,400,54850
20231205,11:43:01,90.5,200,54850
20231205,11:43:23,90.75,50,54850
20231205,11:43:44,90.95,150,54850
20231205,11:44:27,91.0,100,54850
20231205,11:46:13,92.05,700,54850
20231205,11:46:54,93.0,500,54850
20231205,11:47:05,90.05,50,54850
20231205,11:47:15,90.0,150,54850
20231205,11:48:48,90.0,50,54100
20231205,11:49:57,90.25,50,54100
20231205,11:52:03,91.8,300,54200
20231205,11:55:39,91.15,250,54300
20231205,11:57:03,90.05,100,54300
20231205,11:57:34,90.0,150,54300
20231205,11:57:55,92.0,500,54300
20231205,11:58:05,90.05,100,54300
20231205,11:59:49,92.0,500,54300
20231205,11:59:59,91.95,50,53800
20231205,12:00:39,90.05,50,53800
20231205,12:01:09,90.45,50,53800
20231205,12:01:59,90.05,100,53800
20231205,12:02:09,90.05,750,53800
20231205,12:02:41,90.0,300,53800
20231205,12:03:34,89.3,50,54100
20231205,12:05:28,89.0,150,54100
20231205,12:05:59,89.95,100,53950
20231205,12:06:10,90.0,100,53950
20231205,12:12:24,90.0,150,53950
20231205,12:26:55,88.05,200,53950
20231205,12:27:14,88.0,50,54050
20231205,12:27:24,88.0,50,54050
20231205,12:28:57,88.0,50,54050
20231205,12:33:11,87.3,150,54200
20231205,12:33:21,87.0,250,54200
20231205,12:33:30,87.0,50,54200
20231205,12:33:39,87.0,50,54200
20231205,12:33:48,87.0,50,54200
20231205,12:34:16,86.9,50,54200
20231205,12:35:16,86.85,400,54200
20231205,12:35:42,86.8,100,54200
20231205,12:36:17,85.0,1000,54550
20231205,12:36:54,86.5,150,54550
20231205,12:43:08,86.95,50,55050
20231205,12:45:41,88.0,50,55100
20231205,12:48:51,88.75,200,55150
20231205,12:56:34,88.75,300,55150
20231205,12:59:36,85.0,300,55150
20231205,13:04:50,87.5,100,55250
20231205,13:06:10,87.55,100,55150
20231205,13:06:20,87.5,50,55150
20231205,13:08:00,87.5,150,55150
20231205,13:09:45,86.85,100,55100
20231205,13:09:54,87.0,150,55100
20231205,13:10:14,87.0,50,55100
20231205,13:10:24,87.0,50,55100
20231205,13:10:44,86.8,250,55100
20231205,13:10:54,87.0,150,55100
20231205,13:11:04,87.5,150,55100
20231205,13:15:39,87.0,150,55000
20231205,13:19:12,87.15,50,55050
20231205,13:19:21,87.25,50,55050
20231205,13:19:31,87.35,100,55050
20231205,13:19:50,88.4,100,55050
20231205,13:22:07,88.05,150,55150
20231205,13:22:17,88.05,50,55150
20231205,13:23:36,88.0,100,55150
20231205,13:23:46,88.0,50,55150
20231205,13:26:09,88.9,500,55150
20231205,13:27:24,87.3,100,55050
20231205,13:28:27,88.65,500,55050
20231205,13:30:33,87.35,100,54650
20231205,13:31:32,87.9,100,54650
20231205,13:31:42,86.75,100,54650
20231205,13:32:24,86.35,200,54650
20231205,13:33:45,87.0,150,54650
20231205,13:36:09,86.2,100,54600
20231205,13:37:09,86.2,100,54600
20231205,13:37:29,86.25,50,54600
20231205,13:39:09,86.0,50,54600
20231205,13:42:13,86.25,50,54500
20231205,13:44:20,86.25,50,54500
20231205,13:44:50,85.3,100,54500
20231205,13:45:48,86.4,50,54650
20231205,13:48:49,85.35,50,54650
20231205,13:51:35,86.85,250,54600
20231205,13:51:44,86.85,250,54600
20231205,13:52:04,87.5,500,54600
20231205,13:53:33,86.0,50,54600
20231205,13:54:13,86.2,50,54050
20231205,13:54:32,87.4,250,54050
20231205,13:54:42,87.5,250,54050
20231205,13:54:52,86.45,350,54050
20231205,13:55:01,88.95,250,54050
20231205,14:00:04,88.65,250,54650
20231205,14:00:26,89.55,250,54900
20231205,14:00:36,90.4,300,54900
20231205,14:01:06,87.85,100,54900
20231205,14:03:51,87.95,100,55150
20231205,14:04:21,87.65,50,55150
20231205,14:04:42,87.9,50,55150
20231205,14:05:22,87.75,600,55150
20231205,14:05:32,87.7,100,55150
20231205,14:08:14,87.1,50,55000
20231205,14:08:55,88.0,500,55000
20231205,14:09:36,88.65,500,55150
20231205,14:10:44,88.55,350,55150
20231205,14:13:23,86.95,200,55500
20231205,14:15:39,87.25,50,55500
20231205,14:17:54,87.25,50,55500
20231205,14:18:23,87.4,100,55600
20231205,14:18:33,87.45,50,55600
20231205,14:19:55,87.15,100,55600
20231205,14:20:04,87.15,150,55600
20231205,14:23:07,87.0,500,55600
20231205,14:23:36,87.9,50,55600
20231205,14:23:55,88.25,50,55600
20231205,14:27:18,87.65,100,55650
20231205,14:29:33,86.35,50,55650
20231205,14:32:40,86.25,100,55650
20231205,14:33:56,85.6,450,55700
20231205,14:34:35,86.0,100,55700
20231205,14:35:05,86.0,100,55700
20231205,14:35:53,85.05,100,55700
20231205,14:36:04,85.45,150,55700
20231205,14:36:14,85.45,50,55700
20231205,14:37:05,85.9,150,55300
20231205,14:37:15,84.2,100,55300
20231205,14:40:59,85.05,100,55450
20231205,14:46:32,86.0,50,55500
20231205,14:46:52,86.0,50,55500
20231205,14:49:01,85.95,50,55600
20231205,14:50:52,86.0,50,55600
20231205,14:51:22,85.95,100,55600
20231205,14:51:53,85.0,200,55800
20231205,14:53:44,84.2,100,55800
20231205,14:58:41,84.7,50,55750
20231205,14:59:02,85.0,150,55750
20231205,14:59:23,82.25,50,55750
20231205,15:00:05,84.95,50,55750
20231205,15:00:16,83.0,50,55750
20231205,15:07:46,82.9,150,55700
20231205,15:09:01,83.4,50,55700
20231205,15:10:46,83.0,100,55750
20231205,15:10:56,83.0,50,55750
20231205,15:11:17,83.0,50,55750
20231205,15:11:59,84.0,50,55750
20231205,15:13:46,82.85,50,55950
20231205,15:13:57,82.85,50,55950
20231205,15:15:52,83.6,50,56050
20231205,15:17:07,83.55,50,56050
20231205,15:17:17,82.45,200,56050
20231205,15:21:46,83.05,100,56000
20231205,15:26:47,83.0,100,56000
20231205,15:27:08,83.0,100,56000
20231205,15:27:28,83.15,50,56000
20231205,15:27:38,83.85,150,56100
20231205,15:27:48,84.4,50,56100
20231205,15:29:04,84.9,100,56100
20231205,15:29:26,84.9,200,56100
20231205,15:29:49,84.9,650,56100
20231206,09:18:08,82.7,1,55350
20231206,09:18:08,82.7,50,55350
20231206,09:18:16,80.05,100,55350
20231206,09:18:24,80.05,50,55350
20231206,09:18:42,80.05,50,55350
20231206,09:19:21,80.85,1200,55350
20231206,09:19:41,80.85,50,55350
20231206,09:21:15,80.0,1000,55000
20231206,09:21:56,80.0,150,55000
20231206,09:22:17,80.0,100,55000
20231206,09:23:16,80.0,100,55000
20231206,09:26:11,80.8,200,55450
20231206,09:26:32,80.85,100,55450
20231206,09:28:40,82.05,50,55300
20231206,09:29:01,82.05,50,55300
20231206,09:29:11,82.1,50,55300
20231206,09:29:22,81.25,150,55300
20231206,09:29:43,82.6,450,55300
20231206,09:30:36,84.65,300,55200
20231206,09:31:29,86.6,400,55200
20231206,09:31:40,86.6,50,55200
20231206,09:32:02,84.05,100,55200
20231206,09:34:02,84.3,50,55250
20231206,09:34:13,86.5,100,55250
20231206,09:34:23,86.6,150,55250
20231206,09:35:06,86.65,100,55250
20231206,09:36:00,87.0,100,55400
20231206,09:36:21,87.45,100,55400
20231206,09:36:43,87.45,600,55400
20231206,09:37:47,87.8,200,55400
20231206,09:37:58,88.0,50,55400
20231206,09:38:20,89.4,100,55400
20231206,09:39:46,89.4,100,56150
20231206,09:39:53,88.2,200,56150
20231206,09:39:57,84.9,100,56150
20231206,09:39:59,85.25,150,56150
20231206,09:40:24,84.05,50,56150
20231206,09:41:46,84.0,700,56150
20231206,09:42:19,85.25,200,56200
20231206,09:42:40,83.75,500,56200
20231206,09:43:00,84.8,100,56200
20231206,09:43:22,85.45,50,56200
20231206,09:45:18,84.45,50,56500
20231206,09:45:29,83.9,250,56500
20231206,09:46:30,84.65,250,56500
20231206,09:46:41,84.65,50,56500
20231206,09:47:01,84.65,50,56500
20231206,09:51:12,84.65,50,57000
20231206,09:52:05,83.6,100,57000
20231206,09:52:48,82.55,200,57000
20231206,09:53:09,84.65,200,57000
20231206,09:56:58,84.0,550,57150
20231206,09:57:29,84.0,50,57150
20231206,09:58:21,84.0,250,57150
20231206,09:59:33,84.65,300,57150
20231206,09:59:54,84.65,250,58000
20231206,10:03:11,85.45,150,58250
20231206,10:03:22,86.0,250,58250
20231206,10:04:36,86.9,200,58250
20231206,10:05:39,86.0,50,58250
20231206,10:10:04,82.5,150,58600
20231206,10:10:15,87.25,150,58600
20231206,10:14:06,87.5,200,58800
20231206,10:15:09,88.0,850,59000
20231206,10:15:19,87.05,1350,59000
20231206,10:15:40,87.55,200,59000
20231206,10:16:12,88.85,200,59000
20231206,10:16:22,88.55,100,59000
20231206,10:16:43,87.85,150,59000
20231206,10:16:53,87.95,350,59000
20231206,10:17:03,87.85,100,59000
20231206,10:17:13,88.35,100,59000
20231206,10:17:23,88.0,400,59000
20231206,10:17:54,87.85,50,59650
20231206,10:18:56,87.85,50,59650
20231206,10:23:18,85.65,100,59750
20231206,10:24:11,87.8,100,59650
20231206,10:24:32,87.85,50,59650
20231206,10:24:43,88.0,100,59650
20231206,10:24:54,88.25,50,59650
20231206,10:25:47,88.0,50,59650
20231206,10:26:18,88.25,50,59650
20231206,10:26:28,88.25,200,59650
20231206,10:29:35,88.25,50,60250
20231206,10:31:19,87.25,50,60300
20231206,10:32:01,86.8,50,60300
20231206,10:32:12,86.9,150,60300
20231206,10:32:22,87.0,50,60300
20231206,10:35:39,86.25,50,60600
20231206,10:35:49,86.45,50,60600
20231206,10:37:07,86.65,50,60700
20231206,10:37:17,86.7,50,60700
20231206,10:37:26,86.7,50,60700
20231206,10:37:36,86.75,50,60700
20231206,10:38:32,88.0,450,60700
20231206,10:39:11,88.0,500,60600
20231206,10:47:05,85.0,100,60600
20231206,10:47:47,85.0,50,60600
20231206,10:49:30,84.6,100,60700
20231206,10:51:24,85.15,400,60700
20231206,10:52:37,85.0,50,60700
20231206,10:52:47,85.25,50,60700
20231206,10:53:58,85.25,50,60700
20231206,10:56:06,83.5,150,60700
20231206,10:56:45,84.0,50,60900
20231206,10:58:49,85.0,50,60800
20231206,10:59:19,83.4,50,60800
20231206,11:00:33,84.05,50,60800
20231206,11:00:53,84.0,50,60800
20231206,11:04:14,84.5,450,60750
20231206,11:04:34,84.0,50,60750
20231206,11:05:14,85.0,500,60750
20231206,11:06:42,86.0,500,60400
20231206,11:07:10,84.45,100,60400
20231206,11:07:29,84.45,500,60400
20231206,11:08:18,85.0,300,60400
20231206,11:09:28,86.0,250,60200
20231206,11:10:31,86.65,500,60200
20231206,11:11:12,87.2,850,60200
20231206,11:11:42,84.55,100,60200
20231206,11:11:52,83.75,100,60200
20231206,11:12:41,84.7,50,60550
20231206,11:13:20,84.95,100,60550
20231206,11:13:30,84.0,950,60550
20231206,11:13:39,84.0,50,60550
20231206,11:15:27,83.75,400,61350
20231206,11:19:02,84.25,50,61600
20231206,11:19:42,84.25,50,61600
20231206,11:23:05,83.55,150,61700
20231206,11:23:35,84.85,150,61700
20231206,11:23:45,85.3,900,61700
20231206,11:24:06,84.1,50,61950
20231206,11:24:26,85.05,50,61950
20231206,11:24:45,85.3,600,61950
20231206,11:25:14,85.35,450,61950
20231206,11:25:24,85.45,400,61950
20231206,11:25:33,85.7,50,61950
20231206,11:26:02,85.35,100,61950
20231206,11:26:11,85.9,50,61950
20231206,11:26:21,85.85,300,61950
20231206,11:26:30,85.7,50,61950
20231206,11:26:40,85.7,100,61950
20231206,11:26:49,83.95,250,61950
20231206,11:27:09,85.9,100,62600
20231206,11:27:28,85.95,50,62600
20231206,11:28:15,86.0,50,62600
20231206,11:28:33,86.0,50,62600
20231206,11:29:03,86.05,100,62600
20231206,11:29:23,85.05,50,62600
20231206,11:30:01,85.85,50,62800
20231206,11:30:20,83.8,50,62800
20231206,11:33:08,83.45,50,62750
20231206,11:33:27,84.25,100,62750
20231206,11:34:04,84.25,50,62750
20231206,11:34:24,84.25,50,62750
20231206,11:34:53,84.1,100,62750
20231206,11:35:21,85.3,600,62750
20231206,11:35:31,83.4,50,62750
20231206,11:36:37,83.65,50,62800
20231206,11:36:54,85.2,50,62800
20231206,11:37:03,85.2,100,62800
20231206,11:37:12,84.45,150,62800
20231206,11:37:57,85.45,50,62800
20231206,11:39:45,83.6,200,62800
20231206,11:41:44,83.6,750,63050
20231206,11:46:25,83.75,50,62750
20231206,11:46:35,83.75,50,62750
20231206,11:48:25,84.95,100,62650
20231206,11:48:34,85.0,100,62650
20231206,11:48:43,85.25,200,62650
20231206,11:49:16,85.0,50,62650
20231206,11:49:53,85.0,100,62650
20231206,11:50:03,84.45,150,62650
20231206,11:50:22,84.7,50,62650
20231206,11:50:32,84.0,100,62650
20231206,11:50:51,83.8,200,62650
20231206,11:51:38,84.95,100,63000
20231206,11:51:56,84.95,50,63000
20231206,11:52:32,83.85,100,63000
20231206,11:52:50,84.9,300,63000
20231206,11:53:44,85.0,50,63000
20231206,11:54:11,84.55,150,63300
20231206,11:54:20,85.0,50,63300
20231206,11:54:30,85.0,50,63300
20231206,11:54:39,85.0,50,63300
20231206,11:54:59,85.45,300,63300
20231206,11:55:17,85.45,100,63300
20231206,11:56:15,85.5,100,63300
20231206,11:56:35,85.3,50,63300
20231206,11:56:54,85.7,50,63300
20231206,11:57:48,85.7,50,63550
20231206,11:58:06,86.2,400,63550
20231206,11:58:15,86.2,450,63550
20231206,11:58:24,86.2,50,63550
20231206,11:59:56,84.95,50,63550
20231206,12:02:08,85.0,100,64150
20231206,12:02:17,85.0,50,64150
20231206,12:02:26,85.2,50,64150
20231206,12:02:44,84.9,100,64150
20231206,12:04:24,84.85,100,64300
20231206,12:04:51,84.85,100,64300
20231206,12:07:22,84.15,50,64500
20231206,12:07:41,84.2,50,64500
20231206,12:10:12,84.15,50,64600
20231206,12:10:39,84.35,150,64600
20231206,12:10:49,84.35,100,64600
20231206,12:10:58,84.2,50,64600
20231206,12:11:54,84.9,50,64600
20231206,12:12:12,84.9,50,64600
20231206,12:17:33,83.9,250,64650
20231206,12:18:14,83.95,50,64900
20231206,12:18:17,83.8,250,64900
20231206,12:18:18,83.8,50,64900
20231206,12:19:08,84.15,50,64900
20231206,12:19:35,84.25,50,64900
20231206,12:19:44,84.25,50,64900
20231206,12:19:52,84.4,100,64900
20231206,12:20:10,84.4,50,64900
20231206,12:20:36,84.6,200,64900
20231206,12:22:02,84.75,50,65650
20231206,12:22:12,84.5,100,65650
20231206,12:27:47,84.8,50,65700
20231206,12:29:06,84.9,100,65700
20231206,12:31:38,84.25,200,65750
20231206,12:31:48,84.25,100,65750
20231206,12:31:58,84.5,50,65750
20231206,12:32:08,85.0,700,65750
20231206,12:32:18,85.0,100,65750
20231206,12:32:38,85.7,400,65750
20231206,12:32:59,85.5,100,65750
20231206,12:33:10,85.9,50,65750
20231206,12:33:20,87.45,250,67000
20231206,12:33:30,85.95,100,67000
20231206,12:33:40,85.9,100,67000
20231206,12:34:20,85.7,100,67000
20231206,12:34:41,85.65,100,67000
20231206,12:34:51,85.7,250,67000
20231206,12:35:02,87.0,500,67000
20231206,12:35:13,87.0,100,67000
20231206,12:35:45,86.45,50,67000
20231206,12:36:16,86.45,350,67000
20231206,12:36:26,87.0,100,68550
20231206,12:36:36,86.5,50,68550
20231206,12:36:46,86.45,250,68550
20231206,12:37:06,85.95,150,68550
20231206,12:37:46,85.55,50,68550
20231206,12:38:07,85.55,50,68550
20231206,12:38:37,84.7,50,68550
20231206,12:40:43,85.0,50,69050
20231206,12:40:53,85.0,100,69050
20231206,12:42:10,85.45,50,69050
20231206,12:42:20,85.55,50,69100
20231206,12:42:39,85.75,100,69100
20231206,12:43:19,85.75,150,69100
20231206,12:43:29,85.8,50,69100
20231206,12:43:38,85.95,50,69100
20231206,12:44:16,86.0,50,69100
20231206,12:44:46,86.0,50,69100
20231206,12:44:56,86.0,150,69100
20231206,12:45:06,85.95,100,69100
20231206,12:45:16,86.4,50,69100
20231206,12:45:26,86.35,50,69650
20231206,12:45:46,86.4,100,69650
20231206,12:45:57,86.9,100,69650
20231206,12:46:18,86.9,50,69650
20231206,12:46:58,86.3,50,69650
20231206,12:47:19,87.0,50,69650
20231206,12:50:26,86.5,150,70050
20231206,12:51:16,86.0,100,70050
20231206,12:51:26,84.7,300,70300
20231206,12:52:16,86.35,50,70300
20231206,12:52:57,86.35,50,70300
20231206,12:53:16,86.45,50,70300
20231206,12:54:04,87.0,50,70300
20231206,12:54:24,87.0,50,70550
20231206,12:54:34,87.0,100,70550
20231206,12:55:15,86.75,150,70550
20231206,12:55:26,87.0,200,70550
20231206,12:56:07,86.3,50,70550
20231206,12:56:18,86.4,200,70550
20231206,12:56:48,86.55,50,70550
20231206,12:57:18,86.2,100,70550
20231206,12:58:59,85.3,50,71300
20231206,12:59:29,85.35,200,71300
20231206,13:00:27,85.25,150,71250
20231206,13:00:47,85.3,100,71250
20231206,13:01:44,85.3,50,71250
20231206,13:01:54,85.35,50,71250
20231206,13:02:13,85.35,100,71250
20231206,13:03:03,86.0,50,71250
20231206,13:07:07,87.1,100,71600
20231206,13:07:17,87.25,50,71600
20231206,13:07:38,88.05,400,71600
20231206,13:07:50,88.15,150,71600
20231206,13:08:23,88.9,50,71600
20231206,13:09:05,89.0,50,71600
20231206,13:09:27,89.0,50,72300
20231206,13:09:37,88.95,50,72300
20231206,13:10:07,88.5,50,72300
20231206,13:10:38,89.0,150,72300
20231206,13:14:55,87.2,50,72550
20231206,13:16:58,87.55,150,72500
20231206,13:19:11,87.25,50,72500
20231206,13:22:40,88.55,100,72500
20231206,13:24:19,88.05,100,72500
20231206,13:25:00,89.0,200,72600
20231206,13:25:11,89.0,200,72600
20231206,13:25:32,89.0,300,72600
20231206,13:26:44,89.4,50,72600
20231206,13:26:54,87.95,50,72600
20231206,13:31:54,86.45,200,73200
20231206,13:32:45,86.0,50,73200
20231206,13:32:55,86.0,100,73200
20231206,13:33:26,86.0,50,73100
20231206,13:39:19,85.55,150,73100
20231206,13:44:17,85.0,50,73000
20231206,13:46:35,84.95,100,73000
20231206,13:46:56,84.9,50,73000
20231206,13:47:06,84.9,400,73000
20231206,13:47:27,84.5,50,73000
20231206,13:47:37,84.2,100,73000
20231206,13:47:48,84.0,50,73000
20231206,13:48:31,83.95,100,73350
20231206,13:48:41,83.95,100,73350
20231206,13:50:23,84.0,100,73350
20231206,13:51:14,84.0,50,73350
20231206,13:51:24,84.0,50,73350
20231206,13:52:56,84.5,250,73300
20231206,13:53:06,84.5,50,73300
20231206,13:53:46,84.65,150,73300
20231206,13:54:05,84.9,100,73300
20231206,13:56:17,84.5,50,73650
20231206,14:02:07,83.5,50,73650
20231206,14:02:56,83.0,250,73650
20231206,14:03:55,82.35,50,73600
20231206,14:04:25,82.95,50,73600
20231206,14:05:54,82.1,150,73600
20231206,14:06:04,82.0,150,73600
20231206,14:06:34,82.25,50,73700
20231206,14:06:54,82.5,100,73700
20231206,14:07:12,82.5,100,73700
20231206,14:08:01,82.0,200,73700
20231206,14:09:16,83.05,1050,73700
20231206,14:09:43,83.0,300,73250
20231206,14:10:30,82.0,100,73250
20231206,14:11:26,81.4,100,73250
20231206,14:11:36,81.35,300,73250
20231206,14:11:55,81.2,100,73250
20231206,14:12:24,81.2,100,73250
20231206,14:12:43,81.0,150,73100
20231206,14:13:02,81.5,300,73100
20231206,14:14:18,81.0,50,73100
20231206,14:14:28,81.25,50,73100
20231206,14:14:56,81.75,150,73100
20231206,14:15:35,81.75,100,73200
20231206,14:15:45,81.45,50,73200
20231206,14:16:15,81.45,250,73200
20231206,14:17:26,81.45,50,73200
20231206,14:18:15,81.35,100,73200
20231206,14:18:24,81.25,50,73200
20231206,14:19:14,80.5,50,73650
20231206,14:19:54,80.5,400,73650
20231206,14:21:11,80.5,100,73650
20231206,14:21:31,80.05,150,73650
20231206,14:21:41,80.5,150,74250
20231206,14:22:02,80.35,100,74250
20231206,14:22:12,80.6,150,74250
20231206,14:22:22,80.85,100,74250
20231206,14:22:51,81.0,150,74250
20231206,14:23:01,80.95,50,74250
20231206,14:23:11,81.0,50,74250
20231206,14:23:31,80.95,50,74250
20231206,14:23:51,81.0,100,74250
20231206,14:24:00,81.0,50,74250
20231206,14:24:49,81.0,50,75200
20231206,14:24:58,81.0,50,75200
20231206,14:25:57,81.25,50,75200
20231206,14:26:07,81.5,100,75200
20231206,14:26:17,81.6,400,75200
20231206,14:27:20,82.05,50,75200
20231206,14:27:30,83.8,50,75200
20231206,14:27:40,83.65,50,75850
20231206,14:28:30,81.95,50,75850
20231206,14:28:50,81.9,100,75850
20231206,14:29:30,81.6,100,75850
20231206,14:29:59,80.35,100,75850
20231206,14:30:09,82.85,50,75850
20231206,14:31:30,81.05,150,75950
20231206,14:32:27,81.25,50,75950
20231206,14:35:16,80.1,50,76000
20231206,14:35:47,80.1,150,76000
20231206,14:35:58,80.1,50,76000
20231206,14:36:29,80.0,400,76000
20231206,14:37:21,80.15,100,76600
20231206,14:38:39,81.0,300,76600
20231206,14:43:31,80.15,50,76600
20231206,14:43:52,80.1,100,76600
20231206,14:45:23,80.25,50,76600
20231206,14:48:55,80.25,50,76600
20231206,14:49:14,80.1,50,76600
20231206,14:49:23,80.25,100,76600
20231206,14:52:57,80.15,50,76650
20231206,14:53:08,80.1,150,76650
20231206,14:56:52,80.0,50,76550
20231206,15:00:42,80.1,50,76600
20231206,15:00:53,80.0,250,76600
20231206,15:01:45,80.1,50,76600
20231206,15:03:45,80.5,50,76850
20231206,15:07:01,80.0,50,76900
20231206,15:07:33,77.85,1800,76900
20231206,15:07:54,77.85,400,76900
20231206,15:08:05,78.8,100,76900
20231206,15:08:16,79.0,300,76900
20231206,15:08:37,79.0,100,76900
20231206,15:08:48,79.2,50,76900
20231206,15:09:20,79.4,50,76900
20231206,15:09:30,80.45,350,76900
20231206,15:09:41,79.9,50,76850
20231206,15:09:51,79.55,50,76850
20231206,15:10:12,79.5,100,76850
20231206,15:10:22,79.5,50,76850
20231206,15:10:43,79.55,50,76850
20231206,15:11:03,79.55,50,76850
20231206,15:12:33,78.0,900,76850
20231206,15:12:43,77.55,900,76050
20231206,15:12:53,76.6,1150,76050
20231206,15:13:03,76.5,900,76050
20231206,15:13:13,76.5,300,76050
20231206,15:13:24,77.9,400,76050
20231206,15:13:54,77.9,50,76050
20231206,15:14:25,77.5,150,76050
20231206,15:14:54,77.9,200,76050
20231206,15:15:04,77.8,100,76050
20231206,15:15:14,77.8,100,76050
20231206,15:15:25,79.35,50,76050
20231206,15:15:46,78.35,50,76050
20231206,15:16:06,78.8,50,75600
20231206,15:16:17,79.25,150,75600
20231206,15:16:38,79.35,50,75600
20231206,15:17:29,79.6,50,75600
20231206,15:17:40,79.1,500,75600
20231206,15:17:50,79.65,50,75600
20231206,15:18:22,77.8,50,75600
20231206,15:19:54,78.95,200,75950
20231206,15:21:08,79.65,50,75950
20231206,15:21:28,79.2,50,75950
20231206,15:22:19,79.0,50,76000
20231206,15:22:40,79.45,400,76000
20231206,15:23:01,79.4,50,76000
20231206,15:24:05,78.1,100,76000
20231206,15:24:15,78.1,50,76000
20231206,15:24:26,78.1,50,76000
20231206,15:26:09,78.5,100,75850
20231206,15:26:20,77.65,50,75850
20231206,15:26:50,77.6,50,75850
20231206,15:27:56,77.45,250,75800
20231206,15:29:40,76.1,100,75800
20231206,15:29:51,76.0,100,75800
20231207,09:15:10,80.0,1,75700
20231207,09:15:10,80.0,150,75700
20231207,09:17:52,80.45,150,75700
20231207,09:18:02,80.45,500,75700
20231207,09:18:22,80.5,50,75700
20231207,09:18:32,80.9,100,75700
20231207,09:19:23,81.0,50,75700
20231207,09:20:45,81.0,100,76350
20231207,09:20:55,80.4,100,76350
20231207,09:21:25,80.0,200,76350
20231207,09:21:35,80.4,50,76350
20231207,09:22:05,80.1,50,76350
20231207,09:22:25,80.75,50,76350
20231207,09:24:48,80.5,50,76300
20231207,09:25:19,80.5,50,76300
20231207,09:25:29,81.0,350,76300
20231207,09:27:42,81.0,50,76400
20231207,09:28:45,81.0,50,76400
20231207,09:30:52,79.85,50,76400
20231207,09:32:18,79.85,150,76400
20231207,09:32:38,80.55,50,76500
20231207,09:34:50,80.25,100,76500
20231207,09:35:12,80.0,450,76500
20231207,09:35:22,80.0,100,76500
20231207,09:36:03,79.0,1150,76350
20231207,09:36:14,79.15,150,76350
20231207,09:36:34,79.0,200,76350
20231207,09:36:54,79.0,250,76350
20231207,09:37:58,78.7,50,76350
20231207,09:38:30,77.65,250,76350
20231207,09:43:22,77.65,100,76250
20231207,09:45:14,79.7,50,76300
20231207,09:45:45,78.65,50,76300
20231207,09:48:14,78.25,100,76250
20231207,09:48:25,78.55,50,76250
20231207,09:48:45,78.65,100,76250
20231207,09:51:08,78.0,50,76500
20231207,09:54:39,77.7,100,76500
20231207,09:56:58,77.9,200,76500
20231207,09:57:08,77.95,100,76500
20231207,10:04:45,78.4,100,76600
20231207,10:08:35,78.0,250,76600
20231207,10:12:13,78.5,300,76850
20231207,10:12:53,77.0,250,76850
20231207,10:13:42,77.0,100,76850
20231207,10:14:41,78.6,100,76900
20231207,10:16:15,78.6,250,76900
20231207,10:18:59,78.7,50,77150
20231207,10:19:18,78.05,50,77150
20231207,10:19:27,78.1,50,77150
20231207,10:19:37,78.1,50,77150
20231207,10:20:27,78.05,200,77150
20231207,10:20:47,77.15,50,77200
20231207,10:24:30,77.0,50,77200
20231207,10:26:59,76.0,100,77200
20231207,10:30:16,76.0,150,77100
20231207,10:30:47,77.95,50,77100
20231207,10:30:57,77.95,100,77100
20231207,10:32:14,77.95,250,77100
20231207,10:33:51,77.25,100,76950
20231207,10:36:21,76.65,50,76850
20231207,10:36:31,76.65,50,76850
20231207,10:36:41,76.65,100,76850
20231207,10:40:19,76.5,50,77000
20231207,10:40:28,77.15,50,77000
20231207,10:40:40,76.0,200,77000
20231207,10:45:32,75.45,50,76850
20231207,10:47:21,75.45,250,76850
20231207,10:47:41,75.15,50,76850
20231207,10:47:51,75.15,50,77050
20231207,10:49:22,75.1,50,77050
20231207,10:49:51,75.1,150,77050
20231207,10:50:50,75.0,100,76900
20231207,10:51:49,75.0,100,76900
20231207,10:51:59,72.5,1150,76900
20231207,10:52:10,72.5,50,76900
20231207,10:52:30,75.0,250,76900
20231207,10:53:12,74.45,100,76900
20231207,10:53:33,73.8,200,76900
20231207,10:54:36,72.25,100,77850
20231207,10:55:41,72.25,50,77850
20231207,10:55:51,74.0,50,77850
20231207,10:56:02,73.7,200,77850
20231207,10:56:13,73.6,100,77850
20231207,10:56:23,73.5,100,77850
20231207,10:57:04,73.5,100,78250
20231207,10:57:24,73.75,50,78250
20231207,10:58:15,74.0,50,78250
20231207,11:00:16,74.55,400,78250
20231207,11:00:36,74.5,250,78250
20231207,11:01:54,74.0,350,78250
20231207,11:02:49,73.65,50,78950
20231207,11:02:56,73.65,50,78950
20231207,11:05:32,72.15,50,78950
20231207,11:06:05,72.15,50,79000
20231207,11:06:48,74.6,750,79000
20231207,11:07:08,72.0,400,79000
20231207,11:09:21,72.0,250,79550
20231207,11:10:03,71.25,150,79550
20231207,11:11:04,71.25,350,79550
20231207,11:11:14,73.1,700,79550
20231207,11:13:44,71.45,100,80650
20231207,11:17:43,72.25,50,80650
20231207,11:17:53,72.35,100,80700
20231207,11:18:04,73.2,100,80700
20231207,11:18:14,73.3,50,80700
20231207,11:20:43,72.5,100,80700
20231207,11:22:35,72.5,50,81050
20231207,11:29:44,73.0,50,81100
20231207,11:30:14,73.3,100,81150
20231207,11:33:54,73.0,50,81250
20231207,11:37:39,72.8,50,81300
20231207,11:38:17,72.8,50,81300
20231207,11:40:40,73.0,50,81400
20231207,11:40:49,73.4,50,81400
20231207,11:49:20,73.4,200,81500
20231207,11:50:52,72.85,50,81500
20231207,11:51:22,72.0,150,81750
20231207,11:51:32,72.95,50,81750
20231207,11:51:53,72.3,200,81750
20231207,11:52:53,72.7,50,81750
20231207,11:53:22,73.0,200,81750
20231207,12:05:44,72.9,100,82000
20231207,12:06:19,72.5,100,82100
20231207,12:06:27,72.5,50,82100
20231207,12:06:35,72.5,50,82100
20231207,12:09:42,72.0,100,82300
20231207,12:10:11,72.45,100,82300
20231207,12:12:22,72.45,100,82400
20231207,12:17:44,73.5,200,82400
20231207,12:17:53,73.95,150,82400
20231207,12:18:12,73.85,100,82650
20231207,12:18:20,72.9,250,82650
20231207,12:18:46,73.15,100,82650
20231207,12:18:57,73.65,50,82650
20231207,12:19:06,73.95,250,82650
20231207,12:19:16,74.5,50,82650
20231207,12:19:26,74.0,150,82650
20231207,12:19:46,74.95,100,82650
20231207,12:19:55,74.25,100,82650
20231207,12:20:05,74.9,50,82650
20231207,12:20:23,74.9,50,82650
20231207,12:20:32,74.25,100,82650
20231207,12:20:42,74.95,150,82650
20231207,12:23:33,74.95,100,82700
20231207,12:25:48,74.95,200,82700
20231207,12:27:58,72.0,1000,82700
20231207,12:28:56,74.45,100,82700
20231207,12:29:13,74.25,50,82700
20231207,12:29:46,74.25,50,82700
20231207,12:31:17,74.45,100,83700
20231207,12:31:54,73.0,50,83700
20231207,12:32:12,73.25,50,83700
20231207,12:32:22,73.5,100,83700
20231207,12:32:32,73.75,50,83700
20231207,12:32:52,74.25,100,83700
20231207,12:33:02,75.0,50,84100
20231207,12:35:33,72.85,50,84100
20231207,12:49:07,73.0,100,84100
20231207,12:49:51,73.0,100,84100
20231207,12:51:04,73.0,50,84300
20231207,12:53:27,74.25,50,84300
20231207,12:56:39,74.25,100,84400
20231207,12:56:57,73.4,100,84400
20231207,12:57:04,74.95,150,84400
20231207,12:57:20,74.95,200,84400
20231207,12:57:43,74.15,50,84400
20231207,12:58:07,74.95,100,84400
20231207,12:58:32,75.0,50,84400
20231207,12:58:41,74.35,50,84400
20231207,12:58:57,74.95,50,84400
20231207,13:02:42,75.1,50,84600
20231207,13:03:06,72.05,50,84600
20231207,13:03:54,74.2,100,84600
20231207,13:10:31,72.95,300,84650
20231207,13:10:41,73.2,50,84650
20231207,13:10:50,73.2,100,84650
20231207,13:11:27,73.2,50,84650
20231207,13:12:11,73.85,100,85050
20231207,13:12:29,73.85,150,85050
20231207,13:14:04,73.8,50,85050
20231207,13:17:29,73.1,100,85250
20231207,13:18:57,72.5,100,85350
20231207,13:21:11,72.45,150,85450
20231207,13:21:58,72.25,150,85450
20231207,13:22:08,72.25,150,85450
20231207,13:22:49,72.25,50,85450
20231207,13:22:58,72.05,100,85450
20231207,13:23:08,72.25,50,85450
20231207,13:28:41,72.45,50,86050
20231207,13:28:50,72.45,150,86050
20231207,13:28:58,72.45,50,86050
20231207,13:29:58,72.9,50,86050
20231207,13:32:49,72.95,50,86350
20231207,13:34:06,72.0,50,86350
20231207,13:37:02,71.25,50,86400
20231207,13:37:12,71.25,100,86400
20231207,13:38:01,71.05,200,86400
20231207,13:39:04,71.05,300,86400
20231207,13:39:51,71.9,50,86700
20231207,13:41:59,72.0,50,86700
20231207,13:42:08,71.35,100,86700
20231207,13:47:43,71.25,100,86700
20231207,13:49:43,71.65,50,86800
20231207,13:50:23,71.8,100,86800
20231207,13:59:11,71.8,50,86850
20231207,14:02:57,71.1,200,86800
20231207,14:03:06,71.0,50,86800
20231207,14:03:15,71.0,450,86850
20231207,14:03:47,71.0,50,86850
20231207,14:03:56,71.05,50,86850
20231207,14:04:30,70.8,50,86850
20231207,14:10:14,70.8,150,87400
20231207,14:13:34,71.25,50,87550
20231207,14:18:23,71.5,450,87600
20231207,14:18:32,71.5,50,87600
20231207,14:18:41,71.5,50,87600
20231207,14:20:22,72.0,200,87600
20231207,14:20:58,72.3,400,87600
20231207,14:23:22,72.3,50,88050
20231207,14:27:09,71.5,200,88100
20231207,14:27:18,71.5,100,88100
20231207,14:27:36,71.5,100,88400
20231207,14:28:05,71.5,50,88400
20231207,14:30:53,70.7,250,88550
20231207,14:34:42,70.7,50,88300
20231207,14:36:08,70.7,100,88300
20231207,14:39:01,70.9,100,88400
20231207,14:40:10,70.9,50,88500
20231207,14:40:19,70.9,50,88500
20231207,14:44:04,70.05,50,88600
20231207,14:46:13,70.05,150,88650
20231207,14:47:03,72.0,50,88650
20231207,14:48:45,71.25,50,88750
20231207,14:48:55,71.25,50,88750
20231207,14:49:15,71.25,50,88750
20231207,14:50:55,71.25,50,88750
20231207,14:51:05,71.25,50,88750
20231207,14:55:53,71.55,600,88800
20231207,14:56:02,71.5,50,88800
20231207,14:58:17,72.45,100,88750
20231207,14:59:17,71.55,100,88750
20231207,14:59:47,71.9,450,88750
20231207,15:01:28,70.0,950,88200
20231207,15:01:39,70.0,100,88200
20231207,15:02:30,70.35,50,88200
20231207,15:11:21,70.35,50,88900
20231207,15:13:10,71.45,50,88850
20231207,15:15:57,70.0,100,88800
20231207,15:16:06,71.15,50,88800
20231207,15:16:44,70.5,1000,88800
20231207,15:16:54,71.1,350,88800
20231207,15:17:04,70.8,1100,88800
20231207,15:17:24,70.95,450,88800
20231207,15:17:34,70.65,50,88800
20231207,15:17:44,70.3,50,88800
20231207,15:17:54,71.0,100,88800
20231207,15:18:04,71.1,200,88800
20231207,15:18:13,71.15,150,88800
20231207,15:18:23,71.7,250,90550
20231207,15:18:33,71.7,300,90550
20231207,15:18:43,71.3,200,90550
20231207,15:18:52,71.3,100,90550
20231207,15:19:22,71.7,50,90550
20231207,15:21:00,71.55,100,90550
20231207,15:22:18,71.5,50,90500
20231207,15:22:47,71.5,100,90500
20231207,15:22:57,71.5,100,90500
20231207,15:23:26,71.5,100,90500
20231207,15:23:44,70.45,250,90500
20231207,15:23:54,70.5,50,90500
20231207,15:25:03,71.45,50,90700
20231207,15:25:53,71.35,150,90700
20231207,15:26:03,70.5,100,90700
20231207,15:27:41,71.0,250,90450
20231207,15:27:51,71.0,250,90450
20231207,15:28:21,71.05,200,90450
20231207,15:28:42,71.05,50,90450
20231207,15:28:51,71.05,200,90450
20231207,15:29:51,69.55,50,90450
20231208,09:15:07,70.0,1,89700
20231208,09:15:07,70.0,50,89700
20231208,09:15:17,69.0,250,89700
20231208,09:16:08,69.0,100,89700
20231208,09:17:48,70.05,150,89400
20231208,09:17:55,71.2,200,89400
20231208,09:18:39,71.2,100,89400
20231208,09:19:06,71.5,150,89400
20231208,09:19:25,71.5,200,89400
20231208,09:20:22,70.95,100,89400
20231208,09:20:50,71.05,50,88950
20231208,09:23:30,69.8,200,88950
20231208,09:23:58,69.05,100,88950
20231208,09:24:08,69.05,100,88950
20231208,09:24:36,69.0,150,88950
20231208,09:28:35,69.05,200,88600
20231208,09:34:13,69.25,50,88600
20231208,09:34:23,69.2,50,88600
20231208,09:34:32,69.1,50,88600
20231208,09:34:41,69.1,150,88600
20231208,09:35:28,69.1,50,88600
20231208,09:37:34,69.1,100,88750
20231208,09:38:09,69.1,50,88750
20231208,09:38:26,69.1,50,88750
20231208,09:39:11,69.1,100,88750
20231208,09:39:20,69.35,150,88750
20231208,09:40:06,69.0,300,88750
20231208,09:41:11,68.95,50,88750
20231208,09:44:11,68.75,150,88750
20231208,09:44:38,68.8,50,88900
20231208,09:46:26,68.8,100,88900
20231208,09:47:48,68.05,50,88900
20231208,09:48:50,68.05,50,88900
20231208,09:49:34,68.05,50,88900
20231208,09:49:44,68.1,50,88900
20231208,09:50:03,68.0,50,88900
20231208,09:50:12,68.0,50,88900
20231208,09:50:49,68.0,100,88900
20231208,09:53:03,67.05,100,88900
20231208,09:54:57,68.0,50,89050
20231208,09:55:44,68.45,50,89050
20231208,09:55:54,68.95,200,89050
20231208,09:57:08,67.45,150,89050
20231208,09:57:26,67.5,300,89050
20231208,10:01:12,67.2,550,88950
20231208,10:01:21,67.0,500,88950
20231208,10:01:48,67.0,100,88950
20231208,10:01:57,67.45,50,88950
20231208,10:03:11,67.2,200,89200
20231208,10:03:32,67.0,100,89200
20231208,10:04:00,67.0,50,89200
20231208,10:04:46,67.3,500,89200
20231208,10:05:04,66.4,500,89200
20231208,10:06:58,66.4,50,89550
20231208,10:07:35,66.7,150,89550
20231208,10:09:00,66.9,150,89750
20231208,10:09:09,66.95,200,89750
20231208,10:09:19,66.95,100,89750
20231208,10:09:28,66.95,50,89750
20231208,10:09:38,66.9,100,89750
20231208,10:09:47,67.0,100,89750
20231208,10:09:56,67.0,50,89750
20231208,10:10:34,65.2,100,89750
20231208,10:13:15,65.2,250,90350
20231208,10:13:43,65.6,500,90350
20231208,10:14:29,66.7,50,90350
20231208,10:14:57,66.7,100,91100
20231208,10:17:24,66.75,50,91100
20231208,10:17:33,66.75,50,91100
20231208,10:18:33,66.5,50,91200
20231208,10:19:35,66.9,100,91200
20231208,10:20:19,66.8,50,91200
20231208,10:20:38,67.0,100,91400
20231208,10:20:47,67.1,50,91400
20231208,10:20:57,66.95,50,91400
20231208,10:21:06,66.95,50,91400
20231208,10:23:05,67.25,50,91400
20231208,10:23:15,67.2,250,91400
20231208,10:27:48,67.4,150,91650
20231208,10:28:43,67.45,50,91650
20231208,10:29:11,67.2,100,91650
20231208,10:29:40,67.25,50,91800
20231208,10:29:59,67.2,50,91800
20231208,10:31:25,66.9,100,91800
20231208,10:31:34,66.5,50,91800
20231208,10:32:59,66.6,250,91650
20231208,10:33:17,67.3,50,91650
20231208,10:35:08,67.35,100,91650
20231208,10:36:36,67.45,150,91900
20231208,10:36:53,67.9,250,91900
20231208,10:37:02,67.25,50,91900
20231208,10:37:10,67.25,50,91900
20231208,10:37:36,67.8,50,91900
20231208,10:38:53,67.95,50,92350
20231208,10:39:09,67.95,100,92350
20231208,10:39:18,68.25,50,92350
20231208,10:39:36,67.5,100,92350
20231208,10:40:35,67.75,200,92350
20231208,10:42:02,67.65,300,92650
20231208,10:42:10,67.65,100,92650
20231208,10:43:03,67.55,50,92650
20231208,10:44:14,67.2,200,92650
20231208,10:44:32,67.1,100,92650
20231208,10:44:59,67.5,250,92650
20231208,10:48:55,67.05,100,92750
20231208,10:49:03,67.05,150,92750
20231208,10:49:11,67.1,200,92750
20231208,10:52:15,67.7,100,92950
20231208,10:53:09,68.0,250,92950
20231208,10:53:19,68.4,50,92950
20231208,10:53:38,68.1,50,93350
20231208,10:53:57,68.05,50,93350
20231208,10:54:15,67.5,500,93350
20231208,10:54:24,68.1,100,93350
20231208,10:54:33,67.5,500,93350
20231208,10:54:50,68.1,50,93350
20231208,10:55:08,69.55,200,93350
20231208,10:55:17,68.4,100,93350
20231208,10:55:35,68.9,50,93350
20231208,10:56:01,68.7,50,93350
20231208,10:56:37,68.6,50,94500
20231208,10:59:45,68.25,50,94550
20231208,11:01:15,68.25,50,94550
20231208,11:01:43,68.95,250,94550
20231208,11:02:02,68.95,50,94550
20231208,11:02:49,69.4,50,94800
20231208,11:03:08,69.9,100,94800
20231208,11:03:18,69.3,100,94800
20231208,11:05:22,70.05,50,94800
20231208,11:05:52,69.9,50,95050
20231208,11:06:01,70.4,100,95050
20231208,11:06:21,70.85,100,95050
20231208,11:07:00,71.0,100,95050
20231208,11:08:56,71.0,100,95400
20231208,11:09:24,70.0,100,95400
20231208,11:09:42,70.0,200,95400
20231208,11:09:52,70.0,200,95400
20231208,11:10:01,70.0,400,95400
20231208,11:12:12,70.25,200,96400
20231208,11:12:21,70.05,100,96400
20231208,11:13:16,69.0,150,96400
20231208,11:13:26,68.9,100,96400
20231208,11:14:23,68.0,50,96400
20231208,11:15:21,68.5,150,96650
20231208,11:17:13,67.25,100,96650
20231208,11:18:26,67.0,100,96850
20231208,11:19:20,66.75,50,96850
20231208,11:21:45,66.05,50,96850
20231208,11:22:58,65.6,50,96850
20231208,11:27:24,66.9,50,96950
20231208,11:29:47,67.0,50,97000
20231208,11:37:27,66.0,200,97000
20231208,11:37:45,65.75,300,97000
20231208,11:40:22,65.7,200,97100
20231208,11:40:31,65.05,400,97100
20231208,11:41:23,65.05,100,97100
20231208,11:43:23,65.25,50,97350
20231208,11:43:32,65.25,50,97350
20231208,11:43:49,65.5,50,97350
20231208,11:47:43,65.5,100,97500
20231208,11:48:52,65.55,50,97450
20231208,11:50:41,65.55,400,97450
20231208,11:52:26,65.4,50,97300
20231208,11:53:27,65.4,100,97300
20231208,11:53:35,65.4,50,97300
20231208,11:53:44,65.45,50,97300
20231208,11:54:01,65.45,50,97350
20231208,11:54:09,65.55,50,97350
20231208,11:54:27,65.7,200,97350
20231208,11:57:48,65.75,250,97550
20231208,11:58:13,65.6,100,97550
20231208,12:01:51,65.7,50,97800
20231208,12:02:36,65.45,100,97800
20231208,12:02:45,67.0,1800,97800
20231208,12:02:54,67.1,150,99600
20231208,12:03:03,67.0,1800,99600
20231208,12:03:40,67.0,850,99600
20231208,12:03:49,67.0,50,99600
20231208,12:04:16,67.0,50,99600
20231208,12:04:58,67.0,50,99600
20231208,12:05:07,67.0,250,99600
20231208,12:06:15,68.0,1800,101500
20231208,12:07:52,68.0,300,101500
20231208,12:08:00,68.05,200,101500
20231208,12:08:09,68.0,50,101500
20231208,12:09:27,68.0,500,102200
20231208,12:10:49,68.0,300,102200
20231208,12:11:05,68.0,50,102200
20231208,12:11:22,68.0,300,102200
20231208,12:12:52,68.0,300,103350
20231208,12:13:34,67.25,200,103350
20231208,12:18:38,67.75,50,103500
20231208,12:19:21,67.05,50,103500
20231208,12:19:29,68.25,50,103500
20231208,12:21:05,67.05,50,103500
20231208,12:23:10,67.95,100,103500
20231208,12:24:57,67.25,50,103450
20231208,12:26:26,67.25,50,103450
20231208,12:27:02,67.25,50,103550
20231208,12:27:45,67.25,50,103550
20231208,12:34:01,67.45,50,103650
20231208,12:34:10,67.45,200,103650
20231208,12:34:19,67.45,50,103650
20231208,12:34:27,67.05,200,103650
20231208,12:35:53,67.05,50,103650
20231208,12:36:01,67.1,50,104000
20231208,12:36:10,67.1,100,104000
20231208,12:36:18,67.1,50,104000
20231208,12:38:06,67.4,50,104000
20231208,12:38:15,67.45,100,104000
20231208,12:39:39,67.5,550,104150
20231208,12:40:28,67.4,150,104150
20231208,12:40:36,67.65,150,104150
20231208,12:40:45,67.9,150,104150
20231208,12:44:26,68.5,150,103700
20231208,12:47:11,68.75,250,103700
20231208,12:51:50,69.85,200,103650
20231208,12:59:45,69.7,200,103550
20231208,13:01:06,70.0,300,103550
20231208,13:01:15,71.0,50,103550
20231208,13:01:24,71.6,50,103550
20231208,13:01:42,71.6,100,103550
20231208,13:01:51,71.0,200,103550
20231208,13:02:00,70.6,150,103550
20231208,13:02:09,71.15,100,103550
20231208,13:02:28,71.4,50,103550
20231208,13:02:47,72.0,100,103550
20231208,13:03:08,72.4,350,103900
20231208,13:03:56,72.0,250,103900
20231208,13:04:35,72.4,50,103900
20231208,13:04:45,72.45,50,103900
20231208,13:05:13,72.75,100,103900
20231208,13:05:40,72.75,100,103900
20231208,13:05:49,73.35,50,103900
20231208,13:06:07,73.35,150,104150
20231208,13:06:17,72.0,200,104150
20231208,13:06:26,71.95,100,104150
20231208,13:06:45,72.0,50,104150
20231208,13:07:04,71.95,50,104150
20231208,13:07:22,72.0,50,104150
20231208,13:07:40,71.45,350,104150
20231208,13:07:49,71.25,350,104150
20231208,13:09:30,71.25,50,104650
20231208,13:09:39,71.65,300,104650
20231208,13:09:48,71.45,100,104650
20231208,13:09:57,71.4,50,104650
20231208,13:11:18,71.65,50,104650
20231208,13:12:18,71.65,50,105200
20231208,13:12:45,71.65,50,105200
20231208,13:13:50,71.65,150,105200
20231208,13:16:26,70.05,150,105250
20231208,13:17:03,71.8,50,105250
20231208,13:19:15,70.15,50,105100
20231208,13:19:41,70.25,50,105100
20231208,13:20:39,70.25,100,105100
20231208,13:20:56,70.25,50,105100
20231208,13:21:21,70.65,50,105300
20231208,13:21:39,70.75,250,105300
20231208,13:21:48,70.25,200,105300
20231208,13:21:57,70.8,100,105300
20231208,13:22:06,70.95,100,105300
20231208,13:22:41,71.45,50,105300
20231208,13:23:35,72.0,700,105300
20231208,13:23:44,71.25,50,105300
20231208,13:24:26,72.0,200,106350
20231208,13:25:24,71.75,150,106350
20231208,13:28:53,72.0,50,106700
20231208,13:29:31,72.45,50,106700
20231208,13:29:41,72.1,100,106700
20231208,13:31:10,72.25,300,106850
20231208,13:31:19,71.0,500,106850
20231208,13:32:36,70.0,400,106850
20231208,13:35:15,70.25,50,107300
20231208,13:35:25,70.25,50,107300
20231208,13:35:34,70.25,50,107300
20231208,13:35:43,70.25,50,107300
20231208,13:37:53,70.95,250,107500
20231208,13:38:32,71.45,50,107500
20231208,13:39:01,71.9,200,107500
20231208,13:39:21,72.4,400,107900
20231208,13:39:32,72.45,50,107900
20231208,13:40:30,72.5,200,107900
20231208,13:40:40,72.5,50,107900
20231208,13:40:59,72.55,250,107900
20231208,13:41:18,72.45,200,107900
20231208,13:41:45,72.5,250,107900
20231208,13:41:55,72.5,250,107900
20231208,13:42:42,72.9,200,109250
20231208,13:44:10,73.3,100,109250
20231208,13:44:29,73.0,50,109250
20231208,13:44:39,73.0,50,109250
20231208,13:44:49,73.3,50,109250
20231208,13:47:06,72.75,250,109400
20231208,13:47:54,72.5,150,109400
20231208,13:48:13,72.5,150,109400
20231208,13:48:23,73.0,50,109400
20231208,13:48:32,73.0,50,109400
20231208,14:01:22,71.25,100,109650
20231208,14:01:42,71.0,100,109650
20231208,14:04:18,72.5,100,109750
20231208,14:04:28,72.9,100,109750
20231208,14:04:37,72.9,100,109750
20231208,14:06:51,70.25,150,109900
20231208,14:09:02,70.0,200,109900
20231208,14:09:11,69.45,100,110000
20231208,14:09:20,69.75,100,110000
20231208,14:09:38,69.9,50,110000
20231208,14:10:06,70.0,100,110000
20231208,14:10:15,70.0,50,110000
20231208,14:10:24,70.0,50,110000
20231208,14:10:43,70.25,100,110000
20231208,14:10:53,70.45,50,110000
20231208,14:11:39,69.2,250,110000
20231208,14:12:16,70.0,200,110550
20231208,14:16:01,70.5,200,110550
20231208,14:19:02,70.05,100,110400
20231208,14:19:12,70.0,50,110400
20231208,14:20:07,70.05,50,110400
20231208,14:20:34,70.0,50,110400
20231208,14:20:53,70.25,50,110400
20231208,14:21:32,70.25,50,110550
20231208,14:22:20,70.25,50,110550
20231208,14:27:39,70.25,50,110600
20231208,14:35:10,69.5,300,110600
20231208,14:35:19,69.5,150,110650
20231208,14:35:29,69.5,100,110650
20231208,14:35:39,69.5,150,110650
20231208,14:37:42,69.0,100,111200
20231208,14:38:30,68.5,150,111200
20231208,14:40:55,67.25,150,111350
20231208,14:43:24,67.0,100,111350
20231208,14:45:59,67.05,100,111400
20231208,14:47:54,67.0,100,111400
20231208,14:48:13,67.0,100,111450
20231208,14:48:23,67.0,150,111450
20231208,14:51:34,67.0,2150,111550
20231208,14:57:58,66.45,100,111550
20231208,15:02:32,66.0,250,111650
20231208,15:03:14,65.25,350,111650
20231208,15:04:15,67.0,100,111400
20231208,15:05:15,66.95,50,111400
20231208,15:05:24,66.95,50,111400
20231208,15:06:15,65.25,100,111200
20231208,15:06:26,65.0,100,111200
20231208,15:06:45,65.0,50,111200
20231208,15:07:14,65.0,50,111200
20231208,15:07:24,66.9,100,111200
20231208,15:08:31,65.05,50,111200
20231208,15:09:10,65.05,100,111200
20231208,15:09:59,65.0,100,111350
20231208,15:11:27,64.5,100,111350
20231208,15:12:48,64.5,50,111450
20231208,15:13:08,64.7,50,111450
20231208,15:17:51,65.0,100,111400
20231208,15:18:00,64.95,600,111400
20231208,15:18:19,65.05,100,111400
20231208,15:19:26,65.5,50,111300
20231208,15:19:45,65.0,150,111300
20231208,15:20:05,65.0,200,111300
20231208,15:20:15,65.05,150,111300
20231208,15:20:34,65.75,650,111300
20231208,15:20:43,64.65,150,111300
20231208,15:21:02,65.05,50,111300
20231208,15:21:40,64.8,100,110800
20231208,15:21:50,65.05,100,110800
20231208,15:22:09,65.0,50,110800
20231208,15:22:41,65.05,50,110800
20231208,15:22:51,65.4,50,110800
20231208,15:23:20,65.85,50,110800
20231208,15:23:30,64.9,50,110800
20231208,15:24:59,65.1,50,110850
20231208,15:26:34,65.05,100,110850
20231208,15:26:53,65.05,100,110850
20231208,15:27:22,64.55,100,110850
20231208,15:27:32,65.0,250,110750
20231208,15:28:11,65.8,250,110750
20231208,15:28:21,65.05,50,110750
20231208,15:29:27,65.95,250,110750
20231208,15:29:36,66.0,100,110750
20231208,15:29:55,65.9,50,110750
20231211,09:15:19,62.0,1,110450
20231211,09:15:19,62.0,50,110450
20231211,09:17:49,63.65,1500,110500
20231211,09:18:57,64.4,50,110500
20231211,09:19:54,64.4,50,110500
20231211,09:20:42,65.0,100,109900
20231211,09:21:49,65.0,150,109900
20231211,09:22:47,64.0,200,109900
20231211,09:22:57,63.95,100,109900
20231211,09:23:07,63.6,50,109900
20231211,09:23:16,63.7,200,109900
20231211,09:23:44,63.45,150,110350
20231211,09:24:03,63.0,350,110350
20231211,09:24:13,63.0,200,110350
20231211,09:25:02,63.0,50,110350
20231211,09:25:20,63.0,100,110350
20231211,09:26:20,63.5,250,110350
20231211,09:26:30,63.5,400,110350
20231211,09:26:51,64.95,200,111750
20231211,09:27:01,65.0,50,111750
20231211,09:27:22,65.2,50,111750
20231211,09:27:41,65.2,100,111750
20231211,09:27:52,65.25,650,111750
20231211,09:28:13,65.4,100,111750
20231211,09:29:05,65.4,500,111750
20231211,09:29:34,65.0,50,112850
20231211,09:30:14,64.05,250,112850
20231211,09:30:55,65.4,350,112850
20231211,09:32:44,63.55,1500,112900
20231211,09:33:04,65.0,150,112900
20231211,09:37:07,66.9,50,114500
20231211,09:41:11,66.9,50,114500
20231211,09:42:20,64.5,500,114500
20231211,09:44:53,64.9,100,114500
20231211,09:45:41,64.5,100,114500
20231211,09:45:51,65.0,100,114500
20231211,09:46:10,65.25,50,114500
20231211,09:49:22,63.8,100,114750
20231211,09:50:18,63.8,50,114750
20231211,09:53:35,63.8,50,114700
20231211,09:53:45,63.8,150,114750
20231211,09:55:00,64.9,150,114750
20231211,09:56:06,63.3,150,114750
20231211,09:58:10,64.65,100,114900
20231211,09:58:19,64.95,150,114900
20231211,09:58:29,64.8,400,114900
20231211,09:58:39,64.6,100,114900
20231211,09:59:16,64.95,100,114900
20231211,09:59:35,65.0,50,115050
20231211,09:59:54,65.0,50,115050
20231211,10:00:03,65.0,50,115050
20231211,10:00:13,64.55,300,115050
20231211,10:00:23,65.0,50,115050
20231211,10:01:03,64.9,100,115050
20231211,10:01:51,65.0,50,115050
20231211,10:02:00,65.15,50,115050
20231211,10:02:38,65.15,100,115050
20231211,10:02:58,65.15,100,115050
20231211,10:03:44,65.5,50,115050
20231211,10:05:26,63.6,50,115050
20231211,10:10:48,64.5,1050,114900
20231211,10:12:04,64.75,150,115950
20231211,10:12:13,64.75,50,115950
20231211,10:12:32,64.75,50,115950
20231211,10:13:11,63.8,50,115950
20231211,10:13:48,64.75,250,115950
20231211,10:14:06,64.75,700,115950
20231211,10:14:15,65.0,100,115950
20231211,10:14:25,64.75,200,115950
20231211,10:14:56,64.5,50,117050
20231211,10:15:06,64.0,250,117050
20231211,10:15:16,64.0,550,117050
20231211,10:15:26,64.45,50,117050
20231211,10:15:36,64.5,400,117050
20231211,10:15:56,64.4,150,117050
20231211,10:16:06,65.0,350,117050
20231211,10:16:16,65.0,200,117050
20231211,10:16:25,65.0,200,117050
20231211,10:16:35,65.4,300,117050
20231211,10:16:45,65.2,350,117050
20231211,10:16:55,65.25,150,117050
20231211,10:17:05,65.4,200,117050
20231211,10:17:34,65.4,100,117050
20231211,10:18:03,65.4,100,118850
20231211,10:18:12,65.4,50,118850
20231211,10:18:41,64.6,50,118850
20231211,10:20:44,64.25,100,118950
20231211,10:24:02,64.0,150,119050
20231211,10:26:58,63.9,100,118900
20231211,10:27:08,63.9,100,118900
20231211,10:28:03,63.95,50,118900
20231211,10:28:09,63.95,100,118900
20231211,10:29:54,62.75,50,119100
20231211,10:31:33,63.25,150,119100
20231211,10:33:55,63.25,50,119200
20231211,10:34:15,63.1,100,119200
20231211,10:34:33,63.3,250,119200
20231211,10:34:43,63.35,150,119200
20231211,10:34:54,63.5,250,119200
20231211,10:35:41,63.6,50,120000
20231211,10:35:50,63.6,50,120000
20231211,10:36:19,63.9,300,120000
20231211,10:36:29,63.95,450,120000
20231211,10:37:07,64.65,150,120000
20231211,10:37:16,64.65,50,120000
20231211,10:37:25,64.05,150,120000
20231211,10:37:35,64.05,250,120000
20231211,10:37:44,64.1,50,120000
20231211,10:37:54,64.2,150,120000
20231211,10:38:03,65.35,1400,120000
20231211,10:38:41,64.6,100,120000
20231211,10:39:01,64.35,100,119800
20231211,10:40:01,65.3,150,119800
20231211,10:40:11,65.4,100,119800
20231211,10:40:22,65.7,100,119800
20231211,10:40:53,66.0,200,119800
20231211,10:44:14,66.0,900,120400
20231211,10:48:35,66.05,150,121300
20231211,10:49:12,65.15,350,121300
20231211,10:49:21,65.15,50,121300
20231211,10:49:40,65.25,200,121300
20231211,10:51:34,66.25,50,121800
20231211,10:51:45,66.45,50,121800
20231211,10:54:19,66.35,250,121900
20231211,10:54:30,66.2,100,121900
20231211,10:54:40,65.9,200,121900
20231211,10:55:00,65.4,50,121900
20231211,11:00:20,65.0,50,121500
20231211,11:00:48,64.95,50,121500
20231211,11:01:35,64.0,50,121500
20231211,11:05:17,64.25,350,121500
20231211,11:05:36,64.25,50,121500
20231211,11:06:45,63.65,100,121800
20231211,11:07:34,63.9,50,121800
20231211,11:11:52,64.0,400,121750
20231211,11:12:01,64.0,50,121750
20231211,11:13:07,64.5,50,121750
20231211,11:13:16,64.45,50,121750
20231211,11:15:25,64.5,200,121850
20231211,11:16:12,64.4,250,121850
20231211,11:16:22,64.25,100,121850
20231211,11:16:41,64.6,50,121850
20231211,11:16:51,64.55,50,121850
20231211,11:17:37,64.65,100,121850
20231211,11:18:59,65.0,50,122000
20231211,11:20:52,64.95,250,122050
20231211,11:21:01,65.0,200,122050
20231211,11:21:11,65.4,200,122050
20231211,11:21:31,65.1,400,122050
20231211,11:21:50,65.6,100,122050
20231211,11:22:00,65.3,100,122050
20231211,11:22:09,65.2,150,122050
20231211,11:22:18,65.5,50,122050
20231211,11:22:28,65.2,50,122050
20231211,11:22:47,64.5,50,122050
20231211,11:22:56,64.5,50,122050
20231211,11:23:15,64.5,50,122050
20231211,11:24:01,64.35,50,122400
20231211,11:25:31,64.85,250,122400
20231211,11:26:54,64.55,200,122550
20231211,11:33:28,64.75,50,122650
20231211,11:34:12,64.9,50,122650
20231211,11:35:12,64.9,50,122650
20231211,11:36:35,64.75,100,122700
20231211,11:37:03,64.85,50,122700
20231211,11:37:13,65.0,800,122700
20231211,11:37:23,65.1,50,122700
20231211,11:37:54,65.95,300,122700
20231211,11:38:04,66.35,250,122700
20231211,11:38:14,66.45,50,122700
20231211,11:38:24,67.25,550,122700
20231211,11:38:44,67.25,50,122700
20231211,11:38:54,67.4,100,124100
20231211,11:39:04,67.4,150,124100
20231211,11:39:13,67.4,50,124100
20231211,11:39:23,66.8,250,124100
20231211,11:39:41,67.65,50,124100
20231211,11:40:11,67.7,50,124100
20231211,11:41:02,67.7,50,124100
20231211,11:41:12,67.0,50,124100
20231211,11:47:15,66.1,100,124150
20231211,11:50:11,66.65,100,124050
20231211,11:51:15,66.0,50,124050
20231211,11:51:25,66.0,100,124050
20231211,11:51:35,66.25,50,124050
20231211,11:58:28,66.3,150,124250
20231211,12:01:18,66.25,200,124100
20231211,12:01:27,66.0,50,124100
20231211,12:04:51,66.0,100,124200
20231211,12:05:18,66.0,100,124200
20231211,12:05:56,65.5,50,124400
20231211,12:06:06,65.5,50,124400
20231211,12:18:44,65.7,100,124500
20231211,12:19:31,65.95,100,124500
20231211,12:20:29,65.5,150,124500
20231211,12:21:58,65.45,150,124750
20231211,12:22:08,66.1,350,124750
20231211,12:22:27,65.7,50,124750
20231211,12:22:37,66.1,100,124750
20231211,12:22:46,66.15,150,124750
20231211,12:23:31,66.25,50,124750
20231211,12:23:40,66.25,100,124750
20231211,12:23:48,66.25,50,124750
20231211,12:23:57,66.15,50,125750
20231211,12:24:06,66.45,50,125750
20231211,12:24:25,66.65,100,125750
20231211,12:25:22,66.75,50,125750
20231211,12:25:31,65.95,400,125750
20231211,12:26:17,67.05,50,125750
20231211,12:26:27,66.1,100,125750
20231211,12:26:54,66.25,50,125750
20231211,12:27:40,67.1,50,125750
20231211,12:28:38,67.05,50,125750
20231211,12:28:47,66.3,50,125750
20231211,12:29:33,66.45,50,125750
20231211,12:34:09,66.1,50,125800
20231211,12:35:08,65.8,50,125800
20231211,12:35:36,65.8,50,125800
20231211,12:35:46,65.85,100,125800
20231211,12:36:05,65.85,100,125900
20231211,12:36:25,66.0,650,125900
20231211,12:36:36,66.45,100,125900
20231211,12:36:57,66.5,50,125900
20231211,12:37:08,65.95,250,125900
20231211,12:37:19,65.9,50,125900
20231211,12:37:40,65.9,50,125900
20231211,12:37:50,66.45,50,125900
20231211,12:38:00,66.3,50,125900
20231211,12:38:11,66.3,100,125900
20231211,12:40:41,65.6,200,126650
20231211,12:41:01,66.6,50,126650
20231211,12:46:44,65.3,50,126500
20231211,12:47:58,65.3,100,126500
20231211,12:48:08,65.3,50,126450
20231211,12:49:19,64.95,200,126450
20231211,12:49:28,65.0,50,126450
20231211,12:50:04,65.25,50,126450
20231211,12:51:27,65.25,50,126650
20231211,12:51:37,65.25,100,126650
20231211,12:52:14,65.5,150,126650
20231211,12:52:24,66.05,450,126650
20231211,12:53:16,66.0,100,126650
20231211,12:53:33,66.4,50,126650
20231211,12:53:50,66.1,100,126650
20231211,12:57:44,66.1,50,127300
20231211,13:10:31,66.4,50,127300
20231211,13:10:40,66.4,50,127300
20231211,13:12:03,65.5,50,127300
20231211,13:12:13,65.5,50,127450
20231211,13:13:04,65.5,50,127450
20231211,13:13:36,65.5,50,127450
20231211,13:16:04,65.3,100,127600
20231211,13:21:48,65.0,50,127600
20231211,13:26:11,64.75,50,127650
20231211,13:26:20,64.75,50,127650
20231211,13:26:29,64.45,50,127650
20231211,13:27:24,64.25,50,127750
20231211,13:27:34,64.25,50,127750
20231211,13:27:43,64.25,100,127750
20231211,13:28:00,64.35,50,127750
20231211,13:30:24,64.9,50,127950
20231211,13:31:53,64.95,50,127950
20231211,13:32:39,64.35,50,127950
20231211,13:32:57,64.85,100,127950
20231211,13:33:14,64.7,100,127950
20231211,13:33:32,64.65,50,127950
20231211,13:33:41,64.65,50,127950
20231211,13:34:07,64.55,50,127950
20231211,13:34:16,64.35,50,127950
20231211,13:36:07,64.2,50,128200
20231211,13:36:25,64.0,100,128200
20231211,13:39:08,63.95,100,128200
20231211,13:39:25,63.9,50,128350
20231211,13:40:18,64.0,150,128350
20231211,13:40:53,64.3,100,128350
20231211,13:41:12,64.35,100,128350
20231211,13:41:22,63.95,200,128350
20231211,13:41:53,63.9,100,128350
20231211,13:42:33,64.15,50,128650
20231211,13:43:01,64.3,100,128650
20231211,13:47:23,64.25,50,128700
20231211,13:49:55,64.3,50,128750
20231211,13:51:23,64.35,350,128800
20231211,13:51:32,64.35,50,128800
20231211,13:51:41,64.35,50,128800
20231211,13:51:51,64.6,150,128800
20231211,13:52:08,64.7,50,128800
20231211,13:52:17,64.8,50,128800
20231211,13:52:43,64.9,50,128800
20231211,13:53:01,65.25,50,128800
20231211,13:55:06,64.65,150,129600
20231211,13:56:42,65.15,50,129600
20231211,14:01:46,64.75,100,129650
20231211,14:04:46,63.85,50,129750
20231211,14:05:02,63.75,50,129750
20231211,14:05:19,63.75,50,129750
20231211,14:05:27,63.75,50,129750
20231211,14:07:47,63.9,50,129850
20231211,14:09:02,63.95,50,129850
20231211,14:13:13,63.7,900,129900
20231211,14:13:47,63.5,100,129900
20231211,14:13:55,63.1,750,129900
20231211,14:14:03,63.3,100,129900
20231211,14:14:20,63.5,200,129900
20231211,14:14:29,63.5,50,129900
20231211,14:15:02,63.7,100,129900
20231211,14:15:17,63.75,50,130350
20231211,14:15:25,63.9,50,130350
20231211,14:15:42,63.9,50,130350
20231211,14:15:50,63.95,50,130350
20231211,14:15:58,64.0,50,130350
20231211,14:16:06,64.0,50,130350
20231211,14:16:47,63.5,50,130350
20231211,14:20:51,63.65,50,130650
20231211,14:22:55,63.2,100,130700
20231211,14:23:04,63.2,100,130700
20231211,14:23:13,63.15,300,130700
20231211,14:23:22,63.25,150,130700
20231211,14:23:31,63.1,300,130700
20231211,14:23:39,63.25,50,130700
20231211,14:27:44,63.0,50,131100
20231211,14:28:47,63.1,50,131100
20231211,14:29:28,62.55,100,131100
20231211,14:30:10,62.5,100,131100
20231211,14:31:02,63.2,100,131200
20231211,14:33:30,63.0,50,131200
20231211,14:35:08,62.95,100,131200
20231211,14:35:47,63.0,100,131200
20231211,14:36:13,63.0,50,131200
20231211,14:36:31,63.25,50,131400
20231211,14:37:14,63.25,50,131400
20231211,14:39:22,62.05,300,131500
20231211,14:41:01,62.05,450,131500
20231211,14:42:03,63.15,100,131500
20231211,14:42:47,63.25,50,131500
20231211,14:42:55,63.3,200,132250
20231211,14:43:21,63.0,100,132250
20231211,14:43:47,63.2,50,132250
20231211,14:44:13,63.3,100,132250
20231211,14:44:55,63.05,100,132250
20231211,14:45:20,63.3,50,132250
20231211,14:46:36,62.8,50,132500
20231211,14:46:45,62.8,100,132500
20231211,14:49:33,62.7,50,132450
20231211,14:49:42,62.6,150,132450
20231211,14:51:36,64.25,50,132650
20231211,14:53:04,62.85,50,132650
20231211,14:53:31,62.85,50,132650
20231211,14:53:58,62.9,100,132650
20231211,14:54:33,64.35,50,132750
20231211,14:55:10,63.3,50,132750
20231211,14:55:38,63.95,50,132750
20231211,14:56:05,63.35,50,132750
20231211,14:56:52,63.45,50,132750
20231211,14:57:18,63.15,50,132750
20231211,14:58:16,63.0,200,132600
20231211,14:58:51,63.45,500,132600
20231211,14:58:52,63.45,100,132600
20231211,15:00:09,63.45,50,132600
20231211,15:00:37,63.45,50,132700
20231211,15:01:07,63.55,100,132700
20231211,15:01:17,64.2,1800,132700
20231211,15:01:27,64.2,150,132700
20231211,15:01:36,64.45,1000,132700
20231211,15:01:53,64.8,250,132700
20231211,15:02:02,64.75,2200,132700
20231211,15:02:12,65.0,100,132700
20231211,15:02:21,64.5,150,132700
20231211,15:02:30,64.7,300,132700
20231211,15:02:39,64.6,350,132700
20231211,15:02:49,64.55,150,132700
20231211,15:02:59,64.7,300,132700
20231211,15:03:08,64.85,1950,132700
20231211,15:03:18,64.65,300,132700
20231211,15:03:28,64.55,50,137400
20231211,15:03:38,64.8,250,137400
20231211,15:03:48,64.45,200,137400
20231211,15:03:58,64.3,250,137400
20231211,15:04:08,63.95,350,137400
20231211,15:04:27,63.9,300,137400
20231211,15:04:37,63.85,100,137400
20231211,15:04:47,63.85,200,137400
20231211,15:04:56,64.2,100,137400
20231211,15:05:06,63.9,50,137400
20231211,15:05:26,64.0,150,137400
20231211,15:05:56,65.35,150,137400
20231211,15:06:15,65.5,50,137400
20231211,15:06:55,65.1,50,139000
20231211,15:08:18,64.2,450,139000
20231211,15:09:19,64.8,150,139000
20231211,15:14:46,65.0,200,138850
20231211,15:14:56,65.0,50,138850
20231211,15:15:51,65.7,150,138950
20231211,15:16:50,65.9,150,138950
20231211,15:17:00,65.9,150,138950
20231211,15:17:10,66.55,200,138950
20231211,15:17:20,67.2,50,138950
20231211,15:17:39,65.1,100,138950
20231211,15:19:08,65.75,100,139050
20231211,15:22:56,65.75,50,139100
20231211,15:24:12,65.5,50,139100
20231211,15:25:10,64.2,150,139200
20231211,15:26:44,64.3,150,139200
20231211,15:27:14,64.6,600,139200
20231211,15:27:23,64.6,200,139200
20231211,15:28:09,64.7,100,139450
20231211,15:28:38,65.35,200,139450
20231211,15:28:57,65.8,50,139450
20231211,15:29:07,66.9,50,139450
20231211,15:29:36,64.1,50,139450
20231212,09:21:39,65.0,1,139800
20231212,09:21:39,65.0,100,139800
20231212,09:22:44,63.5,500,139800
20231212,09:24:09,62.1,100,139450
20231212,09:26:24,62.05,100,139450
20231212,09:26:43,62.0,150,139350
20231212,09:28:16,61.6,150,139350
20231212,09:30:47,61.6,50,139350
20231212,09:32:39,59.2,50,139300
20231212,09:34:22,59.2,200,139300
20231212,09:35:55,59.2,50,139300
20231212,09:38:50,59.45,300,139350
20231212,09:39:09,59.6,50,139350
20231212,09:39:46,59.5,50,139350
20231212,09:41:34,59.5,50,139350
20231212,09:42:20,60.4,150,139750
20231212,09:42:30,60.9,100,139750
20231212,09:42:58,60.95,50,139750
20231212,09:43:07,61.0,50,139750
20231212,09:45:05,61.0,50,139750
20231212,09:45:23,60.0,50,139750
20231212,09:45:50,61.0,50,139750
20231212,09:46:28,60.0,50,139750
20231212,09:49:05,60.5,100,139750
20231212,09:56:00,60.5,200,139750
20231212,09:56:45,60.0,100,139600
20231212,10:01:03,60.5,200,139700
20231212,10:02:15,60.6,50,139700
20231212,10:04:37,60.0,50,139700
20231212,10:05:56,58.1,300,139700
20231212,10:07:24,58.1,100,139700
20231212,10:09:16,60.0,250,140050
20231212,10:11:39,60.45,50,140050
20231212,10:13:14,60.85,50,140000
20231212,10:13:25,60.9,200,140000
20231212,10:15:14,60.1,50,140000
20231212,10:15:25,60.5,50,140000
20231212,10:16:54,61.25,100,140000
20231212,10:18:14,60.0,50,140150
20231212,10:18:33,61.4,50,140150
20231212,10:19:04,61.75,50,140150
20231212,10:19:54,61.8,50,140150
20231212,10:20:04,61.9,50,140150
20231212,10:22:30,61.9,50,140250
20231212,10:25:41,61.9,100,140250
20231212,10:26:41,62.5,100,140250
20231212,10:28:03,60.95,100,140450
20231212,10:28:14,62.5,100,140450
20231212,10:36:47,60.65,100,140500
20231212,10:36:57,60.35,50,140500
20231212,10:38:22,61.2,50,140500
20231212,10:38:32,61.2,50,140500
20231212,10:38:41,61.1,50,140500
20231212,10:38:51,61.25,100,140750
20231212,10:39:00,61.25,100,140750
20231212,10:39:29,61.25,50,140750
20231212,10:39:57,61.3,100,140750
20231212,10:41:02,61.55,50,140750
20231212,10:42:06,60.45,50,140950
20231212,10:42:42,60.3,100,140950
20231212,10:49:08,60.15,50,140950
20231212,10:49:48,59.65,100,140950
20231212,10:49:57,59.65,100,140950
20231212,10:50:15,59.65,300,140950
20231212,10:51:01,59.45,50,141400
20231212,10:56:20,60.6,50,141350
20231212,10:58:29,60.6,50,141350
20231212,11:04:37,59.9,50,141400
20231212,11:04:45,59.75,50,141400
20231212,11:06:38,59.75,50,141400
20231212,11:06:56,59.75,50,141400
20231212,11:11:14,59.9,350,141450
20231212,11:11:23,59.85,100,141450
20231212,11:11:51,60.25,200,141450
20231212,11:12:01,60.25,200,141650
20231212,11:12:19,60.4,100,141650
20231212,11:12:29,60.45,700,141650
20231212,11:12:38,60.5,50,141650
20231212,11:12:48,60.5,50,141650
20231212,11:12:57,60.6,50,141650
20231212,11:13:07,60.5,150,141650
20231212,11:13:17,60.25,250,141650
20231212,11:13:26,60.5,50,141650
20231212,11:13:35,60.5,150,141650
20231212,11:13:54,60.25,250,141650
20231212,11:14:12,60.35,150,141650
20231212,11:14:29,60.3,100,141650
20231212,11:14:38,60.5,200,141650
20231212,11:14:47,60.5,50,141650
20231212,11:14:56,60.4,50,141650
20231212,11:15:05,60.5,100,143150
20231212,11:15:33,60.5,50,143150
20231212,11:15:42,60.5,50,143150
20231212,11:15:51,60.5,50,143150
20231212,11:16:09,60.5,150,143150
20231212,11:16:28,60.45,50,143150
20231212,11:17:38,60.75,750,143150
20231212,11:18:23,60.7,150,144050
20231212,11:18:42,60.75,250,144050
20231212,11:19:01,61.0,100,144050
20231212,11:19:10,60.8,50,144050
20231212,11:19:18,61.0,50,144050
20231212,11:20:14,61.05,950,144050
20231212,11:20:53,60.8,50,144050
20231212,11:21:02,60.75,50,145450
20231212,11:21:11,60.65,250,145450
20231212,11:21:30,60.7,50,145450
20231212,11:21:49,60.8,100,145450
20231212,11:22:24,61.4,50,145450
20231212,11:22:50,61.4,50,145450
20231212,11:23:51,61.45,50,145450
20231212,11:26:43,61.25,100,145750
20231212,11:27:47,61.35,50,145850
20231212,11:28:05,61.25,100,145850
20231212,11:28:33,61.0,50,145850
20231212,11:29:02,61.7,200,145850
20231212,11:29:41,61.7,50,145850
20231212,11:30:00,61.7,50,145850
20231212,11:30:09,62.0,50,146200
20231212,11:30:47,62.3,50,146200
20231212,11:31:42,61.9,100,146200
20231212,11:32:47,61.7,100,146200
20231212,11:35:05,61.85,100,146300
20231212,11:35:23,61.6,50,146300
20231212,11:35:32,62.15,250,146300
20231212,11:35:41,62.15,250,146300
20231212,11:35:51,61.6,150,146300
20231212,11:36:00,61.85,150,146800
20231212,11:36:10,62.15,50,146800
20231212,11:36:20,62.35,50,146800
20231212,11:36:39,62.25,100,146800
20231212,11:36:49,61.85,200,146800
20231212,11:36:58,62.4,250,146800
20231212,11:37:08,62.35,200,146800
20231212,11:37:27,62.2,150,146800
20231212,11:37:36,62.2,100,146800
20231212,11:37:45,62.1,100,146800
20231212,11:38:04,62.3,50,146800
20231212,11:38:31,62.4,50,146800
20231212,11:38:40,62.25,100,146800
20231212,11:39:26,62.2,50,147450
20231212,11:39:35,61.85,50,147450
20231212,11:39:53,62.05,200,147450
20231212,11:46:18,62.0,50,147450
20231212,11:49:59,61.05,100,147750
20231212,11:50:09,61.25,50,147750
20231212,11:50:18,61.0,50,147750
20231212,11:50:26,61.2,100,147750
20231212,11:51:02,60.9,500,147550
20231212,11:51:54,60.5,100,147550
20231212,11:52:03,60.7,400,147550
20231212,11:52:30,61.3,100,147550
20231212,11:52:48,60.15,100,147550
20231212,11:53:15,61.0,50,147550
20231212,11:53:24,60.65,200,147550
20231212,11:53:42,61.35,50,147550
20231212,11:54:00,61.65,50,147550
20231212,11:54:10,61.6,100,147550
20231212,11:54:19,61.65,50,147750
20231212,11:54:28,61.95,100,147750
20231212,11:54:54,61.7,50,147750
20231212,11:55:12,61.55,50,147750
20231212,11:55:22,61.95,50,147750
20231212,11:55:40,61.9,150,147750
20231212,11:59:25,60.85,50,148100
20231212,12:02:04,61.0,50,148100
20231212,12:02:13,61.0,50,148100
20231212,12:04:33,61.25,50,148100
20231212,12:11:16,60.8,100,148100
20231212,12:11:32,61.0,50,148150
20231212,12:13:20,61.0,100,148250
20231212,12:14:04,60.6,100,148250
20231212,12:14:13,60.6,100,148250
20231212,12:16:36,60.0,100,148150
20231212,12:17:47,61.15,200,148150
20231212,12:21:54,60.6,150,148000
20231212,12:22:02,60.5,100,148000
20231212,12:22:18,60.5,50,148000
20231212,12:24:32,60.35,50,148000
20231212,12:25:40,60.0,100,148000
20231212,12:25:58,60.0,100,148000
20231212,12:26:16,60.0,250,148000
20231212,12:30:54,60.15,150,148350
20231212,12:31:03,60.0,100,148350
20231212,12:32:37,59.85,100,148350
20231212,12:33:13,59.85,100,148550
20231212,12:34:12,60.0,50,148550
20231212,12:35:46,59.75,200,148550
20231212,12:35:55,59.75,50,148550
20231212,12:36:54,60.3,50,148850
20231212,12:37:03,60.4,50,148850
20231212,12:37:36,61.1,50,148850
20231212,12:39:59,59.7,100,148950
20231212,12:45:27,60.95,150,148850
20231212,12:47:32,60.95,50,148850
20231212,12:49:48,61.05,50,148900
20231212,12:50:10,61.45,200,148900
20231212,12:50:20,61.45,50,148900
20231212,12:50:40,61.3,100,148900
20231212,12:51:01,61.65,250,148900
20231212,12:51:12,62.0,250,149350
20231212,12:51:22,61.7,100,149350
20231212,12:51:32,61.85,200,149350
20231212,12:51:52,61.85,150,149350
20231212,12:52:01,61.8,100,149350
20231212,12:52:11,61.9,250,149350
20231212,12:52:21,62.0,300,149350
20231212,12:52:31,61.95,50,149350
20231212,12:52:41,61.8,500,149350
20231212,12:52:52,61.6,250,149350
20231212,12:53:12,61.35,150,149350
20231212,12:53:22,61.35,50,149350
20231212,12:53:32,61.55,50,149350
20231212,12:53:50,61.6,50,149350
20231212,12:54:00,61.75,50,149350
20231212,12:54:10,61.75,50,149350
20231212,12:54:19,61.9,100,150350
20231212,12:54:48,62.6,100,150350
20231212,12:54:57,62.6,50,150350
20231212,12:55:07,62.05,100,150350
20231212,12:55:26,62.0,100,150350
20231212,12:55:36,61.85,50,150350
20231212,12:56:33,62.35,50,150350
20231212,12:58:56,62.15,300,150600
20231212,12:59:06,63.0,1650,150600
20231212,12:59:56,62.35,150,150600
20231212,13:00:06,62.8,200,150600
20231212,13:00:16,62.8,100,151100
20231212,13:00:26,62.55,150,151100
20231212,13:00:35,62.8,50,151100
20231212,13:00:55,62.75,50,151100
20231212,13:01:14,62.7,50,151100
20231212,13:01:24,62.75,100,151100
20231212,13:05:24,60.65,50,151250
20231212,13:05:33,61.0,100,151250
20231212,13:07:43,61.5,100,151300
20231212,13:10:44,60.2,100,151300
20231212,13:13:54,60.35,100,151300
20231212,13:15:19,61.6,50,151400
20231212,13:26:50,60.9,300,151400
20231212,13:30:41,60.6,200,151350
20231212,13:31:32,60.4,100,151350
20231212,13:31:42,60.25,50,151350
20231212,13:32:29,60.5,50,151350
20231212,13:32:39,60.5,50,151350
20231212,13:32:50,60.5,150,151350
20231212,13:37:56,60.6,50,151600
20231212,13:39:48,61.0,150,151600
20231212,13:41:45,60.55,100,151600
20231212,13:41:55,60.55,50,151600
20231212,13:46:23,60.45,50,151700
20231212,13:46:42,60.35,50,151700
20231212,13:48:34,60.95,200,151750
20231212,13:51:18,60.4,100,151850
20231212,13:51:27,60.65,50,151850
20231212,13:51:37,60.55,50,151850
20231212,13:51:46,60.55,50,151850
20231212,13:52:45,60.3,300,151850
20231212,13:53:05,60.3,50,151850
20231212,13:54:25,60.3,50,151800
20231212,13:54:54,61.2,100,151800
20231212,13:58:53,61.2,100,151650
20231212,13:59:32,61.25,500,151650
20231212,13:59:42,61.65,500,151650
20231212,14:00:23,61.45,50,152100
20231212,14:00:43,61.6,50,152100
20231212,14:01:32,60.55,300,152100
20231212,14:02:51,61.4,150,152100
20231212,14:03:10,60.95,200,152100
20231212,14:03:40,60.95,100,152150
20231212,14:04:39,60.35,450,152150
20231212,14:04:49,60.55,100,152150
20231212,14:04:58,61.0,500,152150
20231212,14:05:36,60.45,100,152150
20231212,14:05:46,60.45,50,152150
20231212,14:05:55,60.9,50,152150
20231212,14:06:24,61.35,50,152350
20231212,14:06:33,61.35,50,152350
20231212,14:06:52,61.15,50,152350
20231212,14:07:02,61.4,50,152350
20231212,14:10:53,61.6,50,152500
20231212,14:14:46,61.6,100,152500
20231212,14:14:56,61.65,150,152500
20231212,14:16:10,61.9,50,152600
20231212,14:17:21,61.9,50,152600
20231212,14:19:48,61.25,50,152700
20231212,14:19:57,61.25,50,152700
20231212,14:20:35,61.5,50,152700
20231212,14:20:44,61.55,200,152700
20231212,14:21:24,61.55,150,152700
20231212,14:27:58,61.55,50,152900
20231212,14:29:18,62.0,100,152900
20231212,14:30:29,62.0,250,152900
20231212,14:31:10,61.65,50,152900
20231212,14:31:40,61.75,50,152900
20231212,14:33:09,61.2,50,152900
20231212,14:34:22,61.2,200,153250
20231212,14:36:03,62.0,50,153250
20231212,14:38:35,62.45,100,153300
20231212,14:41:24,62.45,50,153400
20231212,14:41:35,62.75,100,153400
20231212,14:41:46,63.25,450,153400
20231212,14:41:57,63.35,450,153400
20231212,14:42:18,63.55,300,153400
20231212,14:42:29,63.5,50,154750
20231212,14:42:40,63.5,50,154750
20231212,14:42:51,63.95,50,154750
20231212,14:43:01,64.45,250,154750
20231212,14:43:12,64.5,50,154750
20231212,14:43:24,64.75,150,154750
20231212,14:43:55,64.6,50,154750
20231212,14:44:05,64.95,50,154750
20231212,14:44:17,64.95,50,154750
20231212,14:44:40,64.55,50,154750
20231212,14:45:13,64.2,200,154750
20231212,14:45:24,64.0,200,155250
20231212,14:45:36,63.85,500,155250
20231212,14:45:59,63.0,50,155250
20231212,14:46:30,63.8,50,155250
20231212,14:47:00,63.8,100,155250
20231212,14:47:11,63.85,100,155250
20231212,14:47:21,63.8,150,155250
20231212,14:47:31,63.85,50,155250
20231212,14:50:55,63.95,100,156250
20231212,14:51:37,64.0,250,156300
20231212,14:51:48,64.6,800,156300
20231212,14:53:04,64.35,150,156300
20231212,14:53:26,63.6,50,156300
20231212,14:53:36,63.6,50,156300
