date,time,tick_price,volume,open_interest
20240201,13:50:37,8.5,50,50
20240201,13:50:53,8.5,50,50
20240201,13:51:26,8.5,50,50
20240201,13:52:36,8.5,50,50
20240201,14:03:50,8.5,900,150
20240201,14:46:14,8.5,300,1050
20240202,09:33:25,6.0,1,1350
20240202,09:33:25,6.0,200,1350
20240202,09:36:52,6.85,50,1550
20240202,09:41:28,6.85,50,1550
20240202,09:42:49,6.75,50,1550
20240202,09:42:59,6.75,50,1550
20240202,09:45:05,6.75,150,1700
20240202,09:51:32,6.0,100,1750
20240202,09:53:07,6.2,200,1750
20240202,09:54:16,6.1,200,2050
20240202,10:01:23,6.0,200,2250
20240202,10:04:17,6.2,300,2450
20240202,10:05:37,6.2,50,2650
20240202,10:05:48,6.2,150,2650
20240202,10:09:26,4.35,150,2650
20240202,10:09:36,4.35,50,2650
20240202,10:09:56,5.95,150,2650
20240202,10:11:51,5.9,150,2800
20240202,10:13:18,6.05,50,2800
20240202,10:15:03,6.05,50,2950
20240202,10:15:12,6.1,50,2950
20240202,10:20:22,6.1,50,3000
20240202,10:27:58,6.45,50,3050
20240202,10:30:59,6.15,50,3050
20240202,10:32:15,6.4,200,3050
20240202,10:36:32,6.35,50,3050
20240202,10:37:54,6.15,50,3050
20240202,10:40:00,6.1,500,3050
20240202,10:40:08,6.1,450,3050
20240202,10:41:25,6.3,50,3100
20240202,10:41:46,5.85,100,3100
20240202,10:48:07,6.2,100,3100
20240202,10:49:34,5.95,100,3100
20240202,10:53:28,6.2,50,3150
20240202,10:53:47,5.95,50,3150
20240202,10:54:23,6.2,50,3150
20240202,11:07:18,6.1,50,3200
20240202,11:07:31,6.05,50,3200
20240202,11:15:19,6.05,50,3200
20240202,11:16:12,6.05,50,3200
20240202,11:16:22,6.05,150,3200
20240202,11:16:34,6.15,50,3200
20240202,11:16:45,6.35,650,3200
20240202,11:16:56,6.5,1450,3200
20240202,11:17:29,6.5,1800,3200
20240202,11:17:41,6.5,2450,5950
20240202,11:17:52,6.55,1000,5950
20240202,11:21:45,6.45,50,8200
20240202,11:21:55,6.45,50,8200
20240202,11:22:05,6.5,200,8200
20240202,11:22:27,6.5,50,8200
20240202,11:22:49,6.55,250,8200
20240202,11:23:33,6.6,50,8200
20240202,11:25:42,6.7,50,8150
20240202,11:26:14,6.8,450,8150
20240202,11:26:33,6.7,50,8150
20240202,11:27:38,6.7,50,8150
20240202,11:28:29,6.75,150,8150
20240202,11:31:02,6.75,200,8150
20240202,11:32:03,6.7,50,8150
20240202,11:33:01,6.65,50,8200
20240202,11:36:56,6.65,550,8150
20240202,11:37:08,6.75,1450,8150
20240202,11:37:19,6.75,200,8150
20240202,11:37:31,6.75,650,8150
20240202,11:37:43,6.8,400,8150
20240202,11:37:55,6.8,100,8150
20240202,11:38:32,6.8,50,8150
20240202,11:38:45,6.8,50,11450
20240202,11:38:56,6.8,50,11450
20240202,11:40:36,6.6,1500,11450
20240202,11:42:10,6.55,950,12650
20240202,11:42:21,6.6,150,12650
20240202,11:43:19,6.7,50,12650
20240202,11:43:31,6.6,350,12650
20240202,11:44:06,6.6,50,12650
20240202,11:45:26,6.7,50,12650
20240202,11:47:21,6.7,50,12650
20240202,12:05:14,6.3,100,12700
20240202,12:11:13,6.5,100,12800
20240202,12:13:02,6.5,100,12900
20240202,12:13:17,6.25,1850,12900
20240202,12:14:45,6.3,250,13050
20240202,12:15:00,6.3,50,13050
20240202,12:15:52,6.25,100,13050
20240202,12:15:59,6.25,50,13050
20240202,12:16:13,6.05,100,13050
20240202,12:16:20,6.05,50,13050
20240202,12:18:11,6.25,100,13400
20240202,12:19:43,6.25,250,13400
20240202,12:20:05,6.25,250,13400
20240202,12:20:54,6.2,1900,14000
20240202,12:21:16,6.15,800,14000
20240202,12:22:27,6.2,1500,14000
20240202,12:22:41,6.2,150,14000
20240202,12:23:18,6.15,150,14000
20240202,12:23:54,6.1,100,14650
20240202,12:25:02,6.2,50,14650
20240202,12:25:11,6.0,1850,14650
20240202,12:25:18,6.0,1050,14650
20240202,12:25:26,6.0,300,14650
20240202,12:25:34,5.95,550,14650
20240202,12:25:57,5.85,450,14650
20240202,12:26:04,5.8,500,14650
20240202,12:26:18,5.8,50,14650
20240202,12:27:26,5.8,100,17000
20240202,12:27:42,5.8,650,17000
20240202,12:28:14,5.8,500,17000
20240202,12:28:54,5.95,450,17000
20240202,12:29:11,6.0,100,17000
20240202,12:29:20,5.95,50,17000
20240202,12:29:37,5.8,50,17000
20240202,12:30:23,6.0,200,18200
20240202,12:30:44,6.0,750,18200
20240202,12:32:09,6.05,50,18200
20240202,12:32:19,6.05,1650,18200
20240202,12:32:29,5.85,2000,18200
20240202,12:33:16,6.1,50,16950
20240202,12:34:03,5.95,50,16950
20240202,12:34:13,5.75,150,16950
20240202,12:34:23,5.85,50,16950
20240202,12:35:24,5.75,50,16950
20240202,12:35:33,5.65,50,16950
20240202,12:35:42,5.65,300,16900
20240202,12:35:52,5.8,150,16900
20240202,12:36:02,5.8,300,16900
20240202,12:36:11,5.7,550,16900
20240202,12:36:21,5.75,150,16900
20240202,12:36:31,6.0,50,16900
20240202,12:36:40,5.9,50,16900
20240202,12:36:49,5.9,100,16900
20240202,12:36:59,5.7,50,16900
20240202,12:37:08,5.7,50,16900
20240202,12:37:17,5.65,150,16900
20240202,12:38:13,5.7,50,16900
20240202,12:39:12,5.55,150,17200
20240202,12:39:22,5.6,350,17200
20240202,12:39:51,5.7,50,17200
20240202,12:40:01,5.6,100,17200
20240202,12:40:12,5.65,250,17200
20240202,12:40:23,5.6,300,17200
20240202,12:40:55,5.7,100,17200
20240202,12:41:16,5.9,50,17200
20240202,12:41:26,5.9,50,17200
20240202,12:41:36,6.0,50,17200
20240202,12:41:45,5.95,150,16750
20240202,12:42:34,5.9,150,16750
20240202,12:42:44,5.95,150,16750
20240202,12:42:54,5.95,150,16750
20240202,12:44:12,6.0,550,16750
20240202,12:44:50,5.9,100,17150
20240202,12:45:20,6.0,150,17150
20240202,12:47:41,6.0,50,17150
20240202,12:48:36,6.15,50,17150
20240202,12:48:46,6.25,150,17150
20240202,12:49:22,6.3,50,17150
20240202,12:50:25,6.45,50,17150
20240202,12:50:34,6.5,100,17150
20240202,12:50:58,6.5,400,17150
20240202,12:51:24,6.35,500,17150
20240202,12:53:56,6.4,100,17500
20240202,12:57:28,6.05,1800,17500
20240202,12:57:53,6.05,500,17500
20240202,12:58:01,6.15,50,17500
20240202,12:58:10,6.15,100,17500
20240202,12:58:27,6.25,50,17500
20240202,12:59:34,6.35,50,17500
20240202,13:00:42,6.5,300,19500
20240202,13:05:07,6.3,500,19500
20240202,13:09:33,6.25,50,19950
20240202,13:11:56,6.3,50,19950
20240202,13:15:13,6.75,50,19900
20240202,13:15:22,6.9,100,19900
20240202,13:15:30,6.9,150,19900
20240202,13:15:40,7.0,100,19900
20240202,13:15:49,7.15,100,19900
20240202,13:16:18,7.15,150,19900
20240202,13:16:46,6.95,100,19900
20240202,13:17:15,6.85,50,19900
20240202,13:17:24,6.9,50,19900
20240202,13:19:14,6.7,550,20150
20240202,13:20:23,6.75,50,20150
20240202,13:21:03,6.9,200,20150
20240202,13:21:51,7.0,50,20150
20240202,13:22:15,7.05,200,20150
20240202,13:25:03,7.3,50,19750
20240202,13:26:01,7.55,600,19750
20240202,13:26:53,7.55,50,19950
20240202,13:28:32,7.25,150,19950
20240202,13:29:47,7.2,300,19950
20240202,13:30:03,7.2,50,19900
20240202,13:31:05,7.4,50,19900
20240202,13:31:36,7.45,50,19900
20240202,13:31:44,7.5,500,19900
20240202,13:32:55,7.8,50,19900
20240202,13:35:16,7.8,50,19900
20240202,13:35:24,7.45,50,19900
20240202,13:37:52,7.2,50,19950
20240202,13:38:09,7.1,200,19950
20240202,13:38:27,7.05,450,19950
20240202,13:38:36,7.0,250,19950
20240202,13:38:46,6.95,200,19950
20240202,13:38:55,6.9,250,20000
20240202,13:39:13,6.9,400,20000
20240202,13:39:22,6.85,250,20000
20240202,13:39:31,6.8,250,20000
20240202,13:39:39,6.75,50,20000
20240202,13:39:58,6.65,50,20000
20240202,13:42:21,6.9,50,20000
20240202,13:42:53,6.9,750,20000
20240202,13:43:01,6.9,300,20000
20240202,13:44:47,6.7,200,20000
20240202,13:49:04,6.65,50,19950
20240202,13:49:12,6.7,50,19950
20240202,13:49:26,6.75,50,19950
20240202,13:49:57,6.8,50,19950
20240202,13:50:11,6.8,50,19950
20240202,14:00:37,6.5,100,20050
20240202,14:07:16,6.55,50,20050
20240202,14:08:18,6.3,50,20050
20240202,14:12:01,6.4,50,20050
20240202,14:13:11,6.5,150,20050
20240202,14:13:18,6.5,100,20050
20240202,14:13:39,6.4,300,20050
20240202,14:13:47,6.35,50,20050
20240202,14:14:01,6.4,100,20050
20240202,14:14:09,6.35,50,20050
20240202,14:14:31,6.3,50,20050
20240202,14:15:04,6.25,1000,19550
20240202,14:16:25,6.45,50,19550
20240202,14:16:46,6.4,50,19550
20240202,14:17:09,6.35,50,19550
20240202,14:18:09,6.35,50,20600
20240202,14:18:40,6.35,50,20600
20240202,14:24:57,6.15,50,20600
20240202,14:25:05,6.15,50,20600
20240202,14:25:19,6.0,50,20600
20240202,14:27:12,6.0,50,20500
20240202,14:27:33,6.1,50,20500
20240202,14:28:29,6.2,50,20500
20240202,14:29:03,6.25,50,20500
20240202,14:31:43,6.1,1850,20450
20240202,14:31:50,6.0,50,20450
20240202,14:32:10,6.1,150,20450
20240202,14:34:16,5.8,1800,20950
20240202,14:35:34,6.05,50,20950
20240202,14:36:06,6.05,200,22750
20240202,14:44:47,5.45,50,22750
20240202,14:45:56,5.45,1900,22750
20240202,14:46:52,5.75,150,22750
20240202,14:46:59,5.65,550,22750
20240202,14:47:30,5.6,100,22750
20240202,14:47:36,5.6,50,22750
20240202,14:56:32,6.1,100,22850
20240202,14:56:42,6.15,100,22850
20240202,14:57:01,6.3,100,22950
20240202,14:57:11,6.35,200,22950
20240202,14:57:38,6.35,150,22950
20240202,15:00:25,5.95,100,23150
20240202,15:01:43,5.95,250,23150
20240202,15:03:44,6.1,500,23150
20240202,15:04:01,6.3,50,23150
20240202,15:04:20,6.4,100,23150
20240202,15:04:29,6.1,350,23150
20240202,15:05:13,6.4,50,23150
20240202,15:05:21,6.25,50,23150
20240202,15:05:39,6.4,50,23150
20240202,15:08:49,5.9,100,23950
20240202,15:09:16,5.6,600,23950
20240202,15:10:37,6.1,150,23950
20240202,15:11:22,5.85,50,23950
20240202,15:12:58,5.95,150,23950
20240202,15:13:25,5.95,50,23950
20240202,15:14:09,5.7,200,23950
20240202,15:17:35,6.2,50,23900
20240202,15:18:11,6.15,50,23900
20240202,15:19:56,6.05,100,23900
20240202,15:20:22,6.2,50,23900
20240202,15:21:04,6.3,50,23900
20240202,15:22:19,6.25,50,23950
20240202,15:22:28,6.35,50,23950
20240202,15:25:46,5.9,150,23950
20240202,15:26:03,6.0,300,23950
20240202,15:26:11,6.0,250,23950
20240202,15:27:17,6.1,100,24250
20240202,15:28:03,5.95,100,24250
20240202,15:28:35,5.95,50,24250
20240202,15:29:08,5.0,1000,24250
20240202,15:29:16,5.6,450,24250
20240202,15:29:24,5.55,1800,24250
20240202,15:29:42,5.45,300,24250
20240205,09:15:40,5.85,1,27150
20240205,09:15:40,6.0,100,27150
20240205,09:15:50,7.5,550,27150
20240205,09:15:58,7.5,100,27150
20240205,09:16:06,6.55,250,27150
20240205,09:16:16,7.9,4000,27850
20240205,09:16:25,6.7,2600,27850
20240205,09:16:34,6.7,300,27850
20240205,09:16:43,6.7,1900,27850
20240205,09:17:12,6.9,100,27850
20240205,09:17:20,6.75,1000,27850
20240205,09:17:30,6.9,100,27850
20240205,09:17:39,6.85,1600,27850
20240205,09:17:47,6.8,50,27850
20240205,09:17:55,6.95,800,27850
20240205,09:18:03,6.95,50,27850
20240205,09:18:11,6.95,250,27850
20240205,09:18:26,7.0,100,27850
20240205,09:18:43,6.95,450,27850
20240205,09:18:51,7.05,100,27850
20240205,09:19:25,7.15,100,28900
20240205,09:19:33,7.1,50,28900
20240205,09:19:49,7.15,400,28900
20240205,09:20:12,7.0,100,28900
20240205,09:20:44,6.9,550,28900
20240205,09:21:24,6.9,400,28900
20240205,09:21:32,6.95,400,28900
20240205,09:21:46,7.0,350,28900
20240205,09:21:54,7.05,250,28900
20240205,09:22:31,7.05,450,30350
20240205,09:22:53,6.9,50,30350
20240205,09:23:01,6.95,50,30350
20240205,09:23:08,6.9,500,30350
20240205,09:23:36,6.8,200,30350
20240205,09:23:58,6.8,250,30350
20240205,09:24:43,6.8,200,30350
20240205,09:24:50,6.75,100,30350
20240205,09:25:07,6.75,550,30350
20240205,09:25:22,6.7,200,30250
20240205,09:25:37,6.75,50,30250
20240205,09:26:01,6.5,150,30250
20240205,09:26:10,6.45,50,30250
20240205,09:26:18,6.4,200,30250
20240205,09:26:35,6.3,200,30250
20240205,09:27:34,6.2,300,30250
20240205,09:28:02,6.25,50,30250
20240205,09:28:09,6.3,700,30250
20240205,09:28:38,6.3,400,30500
20240205,09:28:46,6.35,100,30500
20240205,09:29:02,6.4,250,30500
20240205,09:29:17,6.3,150,30500
20240205,09:30:06,6.35,100,30500
20240205,09:30:21,6.4,250,30500
20240205,09:30:37,6.5,750,30500
20240205,09:30:51,6.45,100,30500
20240205,09:31:28,6.5,50,31650
20240205,09:33:13,6.4,250,31650
20240205,09:33:21,6.45,100,31650
20240205,09:34:50,6.35,100,31550
20240205,09:35:05,6.4,50,31550
20240205,09:35:19,6.4,250,31550
20240205,09:35:26,6.35,50,31550
20240205,09:35:41,6.4,650,31550
20240205,09:36:21,6.45,500,31550
20240205,09:36:36,6.5,1250,31550
20240205,09:36:48,6.45,50,31550
20240205,09:37:27,6.55,50,31200
20240205,09:37:42,6.45,50,31200
20240205,09:37:56,6.3,2150,31200
20240205,09:38:10,6.3,200,31200
20240205,09:39:08,6.25,50,31200
20240205,09:39:16,6.2,50,31200
20240205,09:39:31,6.2,300,31200
20240205,09:41:42,6.1,300,32400
20240205,09:41:49,6.1,500,32400
20240205,09:41:57,6.15,450,32400
20240205,09:42:19,6.15,50,32400
20240205,09:42:48,6.05,100,32400
20240205,09:43:59,6.2,200,32500
20240205,09:44:06,6.2,300,32500
20240205,09:44:19,6.2,250,32500
20240205,09:45:05,6.2,150,32500
20240205,09:45:34,6.1,100,32500
20240205,09:47:17,6.0,250,32550
20240205,09:47:54,6.05,400,32550
20240205,09:48:21,6.0,100,32550
20240205,09:48:36,5.95,100,32550
20240205,09:50:05,5.95,50,33050
20240205,09:53:08,5.95,200,33000
20240205,09:53:47,5.9,150,33000
20240205,09:53:55,5.9,350,33000
20240205,09:54:16,5.95,300,33000
20240205,09:55:06,5.9,300,33000
20240205,09:55:41,5.95,100,32700
20240205,09:55:48,5.9,900,32700
20240205,09:56:03,5.9,50,32700
20240205,09:56:23,6.0,100,32700
20240205,09:58:10,5.8,50,32700
20240205,09:58:55,5.8,50,33300
20240205,09:59:01,5.85,150,33300
20240205,10:02:00,5.9,250,33250
20240205,10:02:09,5.85,600,33250
20240205,10:03:55,5.9,50,33250
20240205,10:07:35,5.9,500,32900
20240205,10:07:46,5.85,350,32900
20240205,10:09:16,5.9,200,32900
20240205,10:12:10,5.8,500,33900
20240205,10:14:20,5.75,150,34000
20240205,10:15:06,5.75,200,34000
20240205,10:16:01,5.75,150,34000
20240205,10:17:10,5.75,100,34050
20240205,10:17:40,5.95,150,34050
20240205,10:18:00,5.95,50,34050
20240205,10:18:11,6.0,100,34050
20240205,10:18:32,6.0,2750,34050
20240205,10:18:42,6.0,900,34050
20240205,10:19:03,6.15,850,34050
20240205,10:19:23,6.15,50,34050
20240205,10:19:33,6.3,100,35850
20240205,10:19:54,6.35,500,35850
20240205,10:20:13,6.35,300,35850
20240205,10:20:23,6.2,300,35850
20240205,10:20:33,6.05,100,35850
20240205,10:20:43,6.0,200,35850
20240205,10:20:53,5.95,100,35850
20240205,10:21:13,6.15,100,35850
20240205,10:21:23,6.15,50,35850
20240205,10:22:38,6.1,50,35400
20240205,10:22:57,5.95,50,35400
20240205,10:24:09,5.95,50,35400
20240205,10:24:28,5.9,250,35400
20240205,10:24:38,5.8,850,35400
20240205,10:24:58,5.75,250,35400
20240205,10:25:07,5.75,50,35400
20240205,10:25:25,5.8,400,35400
20240205,10:25:34,5.8,50,35400
20240205,10:25:41,5.8,50,35400
20240205,10:26:08,5.7,200,35400
20240205,10:27:18,5.7,600,35400
20240205,10:27:27,5.75,300,35400
20240205,10:27:35,5.8,1050,35400
20240205,10:27:52,5.9,500,35400
20240205,10:28:15,5.85,250,35400
20240205,10:28:42,5.9,100,33200
20240205,10:28:59,5.85,100,33200
20240205,10:29:40,5.85,50,33200
20240205,10:31:04,5.95,450,33200
20240205,10:31:11,5.95,200,33200
20240205,10:32:09,6.25,50,33200
20240205,10:32:27,6.2,200,33200
20240205,10:33:01,6.15,600,33200
20240205,10:34:20,6.15,50,33200
20240205,10:35:29,6.2,200,33700
20240205,10:35:36,6.2,100,33700
20240205,10:35:51,6.25,300,33700
20240205,10:36:15,6.25,200,33700
20240205,10:36:39,6.1,100,33700
20240205,10:37:29,6.0,500,33850
20240205,10:38:28,5.8,300,33850
20240205,10:38:36,5.8,50,33850
20240205,10:40:05,5.85,150,33850
20240205,10:40:14,5.95,150,33850
20240205,10:40:45,5.85,50,33400
20240205,10:42:00,5.9,300,33400
20240205,10:42:25,5.9,350,33400
20240205,10:42:48,5.9,250,33400
20240205,10:43:25,5.85,300,33400
20240205,10:43:49,5.8,500,33150
20240205,10:43:58,5.8,450,33150
20240205,10:44:14,5.75,50,33150
20240205,10:45:20,5.85,150,33150
20240205,10:45:29,5.85,50,33150
20240205,10:45:55,5.75,50,33150
20240205,10:46:12,5.75,250,33150
20240205,10:46:21,5.8,50,33150
20240205,10:46:47,5.8,50,33000
20240205,10:49:06,5.95,750,33000
20240205,10:50:00,5.85,100,32800
20240205,10:50:15,5.9,250,32800
20240205,10:50:22,5.9,250,32800
20240205,10:50:57,5.95,1600,32800
20240205,10:51:35,6.0,100,32800
20240205,10:51:42,6.05,1900,32800
20240205,10:51:49,6.1,1150,32800
20240205,10:53:13,6.05,550,34200
20240205,10:53:35,6.05,50,34200
20240205,10:53:42,6.0,250,34200
20240205,10:53:51,6.05,50,34200
20240205,10:54:26,6.1,50,34200
20240205,10:55:17,5.95,250,34200
20240205,10:55:41,6.05,800,33150
20240205,10:55:58,6.0,50,33150
20240205,10:58:23,5.85,250,33150
20240205,10:59:26,5.9,150,32650
20240205,10:59:59,5.9,50,32650
20240205,11:02:51,5.85,150,32800
20240205,11:03:30,5.85,150,32800
20240205,11:04:04,5.8,1200,32800
20240205,11:04:19,5.8,150,32800
20240205,11:04:48,5.75,150,33050
20240205,11:05:21,5.8,150,33050
20240205,11:05:39,5.85,250,33050
20240205,11:05:50,5.9,50,33050
20240205,11:05:54,5.8,1450,33050
20240205,11:05:59,5.85,2350,33050
20240205,11:06:48,5.9,50,33050
20240205,11:06:53,5.9,450,33050
20240205,11:07:11,6.0,50,33050
20240205,11:07:49,5.9,400,35050
20240205,11:08:20,5.85,50,35050
20240205,11:11:33,5.9,50,35200
20240205,11:12:14,5.8,100,35200
20240205,11:16:12,5.85,50,35300
20240205,11:17:28,5.8,150,35300
20240205,11:18:06,5.8,350,35300
20240205,11:19:44,5.95,1800,35150
20240205,11:20:36,5.6,1800,35150
20240205,11:21:52,5.6,300,35150
20240205,11:23:50,5.75,50,35150
20240205,11:29:17,5.65,200,35150
20240205,11:35:57,5.65,50,35350
20240205,11:36:43,5.6,50,35350
20240205,11:37:00,5.6,100,35350
20240205,11:37:49,5.6,50,35400
20240205,11:41:48,5.4,150,35400
20240205,11:43:03,5.4,50,35400
20240205,11:44:02,5.6,250,35350
20240205,11:44:09,5.6,200,35350
20240205,11:44:36,5.65,50,35350
20240205,11:46:33,5.6,50,35350
20240205,11:48:46,5.65,50,35650
20240205,11:50:04,5.8,1800,35600
20240205,11:50:32,5.7,300,35600
20240205,11:50:51,5.6,200,35600
20240205,11:51:43,5.6,50,35600
20240205,11:55:15,5.55,100,35800
20240205,11:55:37,5.6,100,35800
20240205,11:57:04,5.6,200,35800
20240205,11:57:56,5.55,50,35800
20240205,12:00:26,5.45,100,35850
20240205,12:04:10,5.4,200,35850
20240205,12:06:07,5.5,250,35850
20240205,12:06:12,5.5,300,35850
20240205,12:07:16,5.5,150,35850
20240205,12:09:44,5.55,50,36500
20240205,12:14:12,5.35,50,36500
20240205,12:14:17,5.2,50,36500
20240205,12:14:23,5.2,50,36500
20240205,12:16:49,5.05,500,36450
20240205,12:18:02,5.0,500,36450
20240205,12:18:12,5.0,300,36450
20240205,12:18:33,5.0,100,36450
20240205,12:19:12,4.85,2050,36450
20240205,12:19:45,4.9,1800,39650
20240205,12:19:58,5.0,250,39650
20240205,12:20:16,5.0,400,39650
20240205,12:20:25,4.8,2300,39650
20240205,12:20:32,4.95,500,39650
20240205,12:22:15,4.95,100,39650
20240205,12:22:34,4.95,700,39650
20240205,12:23:02,4.9,100,43250
20240205,12:23:12,5.0,50,43250
20240205,12:24:09,5.0,750,43250
20240205,12:27:08,5.2,150,42550
20240205,12:27:13,5.15,300,42550
20240205,12:27:52,5.25,100,42550
20240205,12:28:11,5.15,50,42550
20240205,12:28:44,5.1,50,43000
20240205,12:29:05,5.15,100,43000
20240205,12:29:47,5.25,300,43000
20240205,12:31:16,5.2,50,43000
20240205,12:32:38,5.2,400,43150
20240205,12:34:52,5.15,50,43300
20240205,12:38:07,5.05,200,43250
20240205,12:46:12,5.05,50,43300
20240205,12:48:59,5.0,250,43350
20240205,12:49:17,4.95,300,43350
20240205,12:49:30,4.95,150,43350
20240205,12:50:05,5.0,250,43550
20240205,12:51:33,5.0,50,43550
20240205,12:53:01,4.95,150,43550
20240205,12:53:04,4.9,350,43550
20240205,12:53:24,5.0,200,43550
20240205,12:53:54,4.95,50,43550
20240205,12:56:04,5.05,1100,44050
20240205,12:56:30,4.95,100,44050
20240205,12:56:50,4.9,500,44050
20240205,12:59:11,4.95,50,44700
20240205,13:01:56,4.9,100,44700
20240205,13:04:15,5.0,50,44700
20240205,13:04:25,5.05,50,44700
20240205,13:06:41,4.75,650,44700
20240205,13:11:19,4.7,800,44950
20240205,13:11:47,4.7,800,44950
20240205,13:11:50,4.7,250,44950
20240205,13:15:24,4.7,250,44900
20240205,13:16:42,4.65,50,44900
20240205,13:17:15,4.65,1500,44900
20240205,13:17:22,4.8,500,44900
20240205,13:17:27,4.9,600,44900
20240205,13:17:54,4.75,200,44900
20240205,13:19:05,4.7,150,44900
20240205,13:21:42,4.7,150,46300
20240205,13:21:53,4.65,500,46300
20240205,13:33:24,4.75,400,46300
20240205,13:34:16,4.65,350,46300
20240205,13:35:01,4.75,300,46300
20240205,13:36:06,4.75,450,46300
20240205,13:37:08,4.65,250,46300
20240205,13:37:21,4.65,50,46300
20240205,13:38:09,4.75,450,45650
20240205,13:38:31,4.75,300,45650
20240205,13:42:55,4.75,250,45650
20240205,13:46:06,4.8,50,45400
20240205,13:47:00,4.8,1200,45400
20240205,13:49:53,4.7,150,44600
20240205,13:50:31,4.55,200,44600
20240205,13:51:21,4.55,1050,44600
20240205,13:52:56,4.6,100,44250
20240205,13:58:25,4.65,250,44150
20240205,14:00:12,4.7,50,43900
20240205,14:00:45,4.8,500,43900
20240205,14:02:00,4.75,50,43900
20240205,14:03:51,4.8,50,43900
20240205,14:06:32,4.8,50,43950
20240205,14:07:40,4.95,200,43950
20240205,14:08:17,4.9,50,44100
20240205,14:08:57,4.85,600,44100
20240205,14:09:12,4.95,350,44100
20240205,14:09:55,5.05,100,44100
20240205,14:10:02,5.15,300,44100
20240205,14:10:48,5.1,800,44100
20240205,14:12:47,5.15,1450,44200
20240205,14:13:00,5.1,50,44200
20240205,14:14:14,4.9,550,44700
20240205,14:14:21,4.9,150,44700
20240205,14:14:34,4.95,50,44700
20240205,14:15:21,4.95,150,44700
20240205,14:17:25,4.8,250,44500
20240205,14:17:30,4.8,250,44500
20240205,14:17:46,4.85,50,44500
20240205,14:17:50,4.8,250,44500
20240205,14:17:54,4.9,500,44500
20240205,14:18:02,4.9,50,44500
20240205,14:18:26,4.9,50,44500
20240205,14:18:48,4.75,1550,44500
20240205,14:19:01,4.75,150,44500
20240205,14:19:06,4.75,1350,44500
20240205,14:19:47,4.9,1650,44500
20240205,14:19:50,4.9,50,44500
20240205,14:20:30,4.9,50,46550
20240205,14:20:33,4.9,50,46550
20240205,14:20:41,5.0,450,46550
20240205,14:21:37,5.05,50,46550
20240205,14:21:44,5.1,50,46550
20240205,14:22:25,5.15,400,46550
20240205,14:24:54,5.3,750,46600
20240205,14:25:00,5.3,250,46600
20240205,14:25:06,5.4,100,46600
20240205,14:26:10,5.5,150,46600
20240205,14:26:16,5.55,300,46600
20240205,14:26:35,5.6,100,46600
20240205,14:26:46,5.55,50,46600
20240205,14:27:57,5.6,50,46600
20240205,14:28:16,5.55,250,46600
20240205,14:28:41,5.55,300,46600
20240205,14:29:05,5.45,650,46600
20240205,14:29:11,5.55,100,46600
20240205,14:30:09,5.45,50,46600
20240205,14:30:36,5.45,750,46600
20240205,14:30:42,5.45,50,46600
20240205,14:30:48,5.45,100,46600
20240205,14:30:54,5.5,50,46600
20240205,14:31:05,5.45,200,46600
20240205,14:32:25,5.5,50,47100
20240205,14:33:00,5.45,1400,47100
20240205,14:33:18,5.5,50,47100
20240205,14:33:36,5.45,350,47100
20240205,14:33:44,5.4,50,47100
20240205,14:34:08,5.35,150,47100
20240205,14:34:26,5.4,450,47100
20240205,14:34:44,5.4,50,47100
20240205,14:35:01,5.4,450,47650
20240205,14:35:17,5.4,50,47650
20240205,14:35:42,5.5,400,47650
20240205,14:36:38,5.6,100,47650
20240205,14:37:07,5.55,50,47650
20240205,14:37:54,5.6,50,47650
20240205,14:38:30,5.6,50,48150
20240205,14:38:58,5.65,100,48150
20240205,14:40:28,5.7,50,48150
20240205,14:40:46,5.55,250,48150
20240205,14:41:47,5.6,1100,47950
20240205,14:42:24,5.7,1100,47950
20240205,14:42:36,5.8,300,47950
20240205,14:42:49,5.85,550,47950
20240205,14:42:59,5.9,1100,47950
20240205,14:43:09,6.0,1950,47950
20240205,14:43:19,5.85,100,47950
20240205,14:43:39,6.2,950,47950
20240205,14:43:49,6.45,500,47950
20240205,14:43:59,6.3,50,47950
20240205,14:44:20,6.25,1700,49500
20240205,14:44:41,5.9,850,49500
20240205,14:45:02,6.05,1050,49500
20240205,14:45:12,6.5,1350,49500
20240205,14:45:22,6.6,100,49500
20240205,14:45:34,6.6,650,49500
20240205,14:45:56,6.75,550,49500
20240205,14:46:08,6.75,1000,49500
20240205,14:46:18,6.55,1050,49500
20240205,14:46:28,6.35,50,49500
20240205,14:46:38,6.4,50,49500
20240205,14:46:49,6.35,50,49500
20240205,14:47:09,6.25,700,50150
20240205,14:47:29,5.9,350,50150
20240205,14:47:39,5.9,650,50150
20240205,14:47:50,5.8,250,50150
20240205,14:48:01,5.7,300,50150
20240205,14:48:12,5.55,50,50150
20240205,14:48:22,5.55,500,50150
20240205,14:48:32,5.5,350,50150
20240205,14:48:52,5.6,450,50150
20240205,14:49:02,5.7,150,50150
20240205,14:49:12,5.7,1100,50150
20240205,14:49:22,5.65,300,50150
20240205,14:49:32,5.7,1600,50150
20240205,14:49:42,5.75,50,50150
20240205,14:49:52,5.9,350,50150
20240205,14:50:11,5.8,100,50450
20240205,14:50:22,5.8,50,50450
20240205,14:50:32,5.9,300,50450
20240205,14:50:52,6.3,1250,50450
20240205,14:51:11,6.2,250,50450
20240205,14:51:21,6.2,850,50450
20240205,14:51:40,6.4,350,50450
20240205,14:51:58,6.25,400,50450
20240205,14:52:07,6.2,100,50450
20240205,14:52:25,6.15,400,50450
20240205,14:52:35,6.1,100,50450
20240205,14:53:05,6.0,550,49100
20240205,14:53:25,6.05,100,49100
20240205,14:53:54,6.0,100,49100
20240205,14:54:22,5.9,200,49100
20240205,14:54:41,5.75,300,49100
20240205,14:55:09,5.8,600,49100
20240205,14:55:36,6.0,350,49100
20240205,14:55:47,6.05,300,49100
20240205,14:56:06,6.1,50,49100
20240205,14:56:43,6.15,550,49450
20240205,14:57:15,6.25,100,49450
20240205,14:57:54,6.1,50,49450
20240205,14:58:04,6.25,200,49450
20240205,14:58:22,6.35,250,49450
20240205,14:58:31,6.4,400,49450
20240205,14:58:41,6.35,200,49450
20240205,14:58:50,6.35,50,49450
20240205,15:00:12,6.35,250,49800
20240205,15:00:21,6.3,50,49800
20240205,15:00:32,6.1,500,49800
20240205,15:00:41,6.05,100,49800
20240205,15:00:51,6.3,650,49800
20240205,15:01:00,6.3,50,49800
20240205,15:01:55,6.3,150,49800
20240205,15:02:22,6.2,150,49900
20240205,15:02:30,6.3,1250,49900
20240205,15:02:48,6.3,750,49900
20240205,15:03:14,6.05,250,49900
20240205,15:03:24,6.05,50,49900
20240205,15:04:28,5.85,100,49900
20240205,15:04:37,6.0,350,49900
20240205,15:04:54,5.95,50,49900
20240205,15:05:04,5.8,150,49900
20240205,15:05:14,5.95,100,50400
20240205,15:05:32,5.95,50,50400
20240205,15:05:42,5.95,50,50400
20240205,15:05:52,5.9,500,50400
20240205,15:06:03,5.85,250,50400
20240205,15:06:13,5.75,200,50400
20240205,15:06:32,5.75,50,50400
20240205,15:06:43,5.75,50,50400
20240205,15:07:01,5.8,50,50400
20240205,15:07:41,5.75,50,50400
20240205,15:08:10,5.75,300,49700
20240205,15:08:27,5.6,150,49700
20240205,15:08:36,5.55,50,49700
20240205,15:08:46,5.45,100,49700
20240205,15:08:56,5.35,300,49700
20240205,15:09:30,5.25,50,49700
20240205,15:09:39,5.25,50,49700
20240205,15:10:05,5.15,150,49700
20240205,15:10:14,5.25,150,49700
20240205,15:10:41,5.2,100,49700
20240205,15:10:51,5.25,550,49700
20240205,15:11:21,5.35,1100,49750
20240205,15:11:32,5.35,100,49750
20240205,15:11:52,5.5,50,49750
20240205,15:12:11,5.4,50,49750
20240205,15:13:00,5.75,1000,49750
20240205,15:13:29,5.55,150,49750
20240205,15:13:39,5.65,50,49750
20240205,15:13:48,5.6,50,49750
20240205,15:13:57,5.6,200,49750
20240205,15:14:24,5.7,50,50650
20240205,15:14:51,5.7,150,50650
20240205,15:15:30,5.75,150,50650
20240205,15:15:40,5.8,50,50650
20240205,15:16:38,5.8,400,50650
20240205,15:16:57,5.7,50,50650
20240205,15:17:16,5.7,100,50650
20240205,15:17:45,5.6,50,50650
20240205,15:18:13,5.55,100,50650
20240205,15:18:59,5.65,50,50650
20240205,15:19:37,5.85,150,50650
20240205,15:21:43,5.7,100,50550
20240205,15:22:01,5.9,350,50550
20240205,15:22:10,5.7,100,50550
20240205,15:22:29,5.75,350,50550
20240205,15:22:57,5.9,50,50550
20240205,15:23:06,5.85,50,50600
20240205,15:23:15,5.85,50,50600
20240205,15:23:24,5.85,50,50600
20240205,15:23:32,5.8,300,50600
20240205,15:24:50,5.7,300,50600
20240205,15:25:16,5.7,150,50600
20240205,15:25:52,6.05,50,50600
20240205,15:26:25,6.15,600,50150
20240205,15:27:10,5.9,200,50150
20240205,15:27:19,6.25,1200,50150
20240205,15:27:36,6.2,500,50150
20240205,15:28:46,6.25,100,50150
20240205,15:29:04,6.2,250,50150
20240205,15:29:22,6.2,100,51050
20240205,15:29:31,6.2,50,51050
20240205,15:29:49,6.35,50,51050
20240206,09:15:09,6.05,1,51050
20240206,09:15:09,6.0,300,51050
20240206,09:15:23,6.0,200,51050
20240206,09:15:32,5.9,750,51050
20240206,09:15:43,5.9,150,51050
20240206,09:16:14,5.65,150,51050
20240206,09:16:24,5.6,100,51050
20240206,09:16:45,5.55,100,51300
20240206,09:16:57,5.55,100,51300
20240206,09:17:09,5.85,200,51300
20240206,09:17:20,5.9,50,51300
20240206,09:17:40,6.15,50,51300
20240206,09:17:49,6.2,50,51300
20240206,09:17:58,6.35,50,51300
20240206,09:18:08,6.35,150,51300
20240206,09:18:27,6.45,200,51300
20240206,09:18:38,6.45,500,51300
20240206,09:18:57,6.35,1100,51300
20240206,09:19:16,6.25,200,51300
20240206,09:19:25,6.2,50,51300
20240206,09:19:44,6.35,2500,52600
20240206,09:19:54,6.15,150,52600
20240206,09:20:03,6.1,500,52600
20240206,09:21:25,6.35,50,52600
20240206,09:21:50,6.35,50,52600
20240206,09:22:15,6.45,450,52600
20240206,09:22:32,6.35,450,52900
20240206,09:22:41,6.3,50,52900
20240206,09:22:52,6.25,50,52900
20240206,09:23:01,6.2,50,52900
20240206,09:23:47,6.1,300,52900
20240206,09:23:55,6.05,350,52900
20240206,09:24:04,5.8,500,52900
20240206,09:24:21,6.1,50,52900
20240206,09:24:30,6.0,50,52900
20240206,09:24:47,6.0,50,52900
20240206,09:24:56,6.0,100,52900
20240206,09:26:06,5.75,50,53800
20240206,09:26:41,5.85,50,53800
20240206,09:26:52,5.9,150,53800
20240206,09:27:03,5.85,100,53800
20240206,09:27:15,5.9,50,53800
20240206,09:27:49,5.95,800,53800
20240206,09:28:01,5.95,150,53800
20240206,09:28:12,5.85,400,53800
20240206,09:28:46,5.85,50,52700
20240206,09:29:18,5.9,100,52700
20240206,09:29:29,5.95,50,52700
20240206,09:29:50,5.95,50,52700
20240206,09:31:18,5.8,400,52700
20240206,09:31:29,5.65,400,52700
20240206,09:31:40,5.65,900,53000
20240206,09:32:00,5.65,150,53000
20240206,09:32:10,5.65,3600,53000
20240206,09:32:44,5.6,500,53000
20240206,09:32:55,5.75,500,53000
20240206,09:33:07,5.65,50,53000
20240206,09:34:05,5.6,50,53000
20240206,09:36:13,5.75,100,55750
20240206,09:37:43,5.05,700,55850
20240206,09:38:18,5.4,100,55850
20240206,09:38:55,5.35,50,55850
20240206,09:39:06,5.3,100,55850
20240206,09:39:55,5.3,2000,55850
20240206,09:40:06,5.3,100,55850
20240206,09:40:52,5.45,200,55750
20240206,09:41:03,5.45,50,55750
20240206,09:42:00,5.7,50,55750
20240206,09:42:24,5.45,650,55750
20240206,09:42:35,5.55,200,55750
20240206,09:43:48,5.5,300,56400
20240206,09:43:58,5.5,200,56400
20240206,09:44:09,5.55,50,56400
20240206,09:44:19,5.5,50,56400
20240206,09:44:29,5.55,50,56400
20240206,09:45:10,5.5,400,56400
20240206,09:45:32,5.4,100,56400
20240206,09:46:06,5.4,300,56400
20240206,09:46:18,5.4,50,56400
20240206,09:46:30,5.4,250,56400
20240206,09:46:40,5.5,50,57200
20240206,09:46:50,5.5,150,57200
20240206,09:47:00,5.4,350,57200
20240206,09:47:33,5.3,200,57200
20240206,09:47:54,5.3,50,57200
20240206,09:48:04,5.4,200,57200
20240206,09:50:25,5.3,400,57600
20240206,09:50:57,5.4,500,57600
20240206,09:51:19,5.45,500,57600
20240206,09:52:34,5.3,50,57600
20240206,09:53:46,5.45,50,58700
20240206,09:54:18,5.4,2850,58700
20240206,09:54:29,5.4,100,58700
20240206,09:54:58,5.5,850,58700
20240206,09:55:19,5.35,500,58700
20240206,09:55:31,5.5,50,58700
20240206,09:56:26,5.4,50,61150
20240206,09:56:35,5.4,100,61150
20240206,09:56:45,5.3,250,61150
20240206,09:57:15,5.35,900,61150
20240206,09:58:31,5.3,200,61150
20240206,09:58:42,5.25,250,61650
20240206,09:58:54,5.3,300,61650
20240206,09:59:38,5.45,500,61650
20240206,10:00:40,5.3,100,61650
20240206,10:01:11,5.25,100,61650
20240206,10:01:49,5.2,500,61900
20240206,10:02:18,5.2,100,61900
20240206,10:02:38,5.1,150,61900
20240206,10:02:49,5.2,50,61900
20240206,10:03:25,5.05,250,61900
20240206,10:03:37,5.0,1000,61900
20240206,10:03:49,5.1,200,61900
20240206,10:04:00,5.15,300,61900
20240206,10:04:11,5.05,50,61900
20240206,10:04:23,5.05,150,61900
20240206,10:04:44,5.15,850,61900
20240206,10:04:55,5.2,150,61900
20240206,10:06:26,5.3,150,61900
20240206,10:06:48,5.25,250,61900
20240206,10:06:58,5.25,350,61900
20240206,10:07:08,5.2,150,61900
20240206,10:07:28,5.25,350,61900
20240206,10:07:39,5.25,350,62250
20240206,10:07:58,5.3,1800,62250
20240206,10:08:19,5.35,50,62250
20240206,10:08:30,5.4,1050,62250
20240206,10:08:41,5.25,500,62250
20240206,10:09:22,5.2,500,62250
20240206,10:10:21,5.3,1250,62250
20240206,10:11:43,5.25,50,63050
20240206,10:12:13,5.25,50,63050
20240206,10:12:33,5.25,50,63050
20240206,10:13:12,5.2,500,63050
20240206,10:13:22,5.2,50,63050
20240206,10:13:54,5.25,200,62900
20240206,10:15:46,5.3,500,62900
20240206,10:16:30,5.25,100,62900
20240206,10:16:41,5.4,50,62900
20240206,10:17:22,5.3,1550,62900
20240206,10:17:52,5.25,500,62900
20240206,10:18:27,5.25,250,62900
20240206,10:20:34,5.3,600,63000
20240206,10:20:44,5.3,200,63000
20240206,10:20:53,5.3,150,63000
20240206,10:21:02,5.25,450,63000
20240206,10:21:31,5.2,250,63000
20240206,10:21:49,5.15,50,63000
20240206,10:22:17,5.15,1800,63000
20240206,10:22:36,5.2,200,63000
20240206,10:23:03,5.1,1850,63850
20240206,10:24:10,5.1,400,63850
20240206,10:24:28,5.15,100,63850
20240206,10:24:37,5.15,1000,63850
20240206,10:24:58,5.3,500,63850
20240206,10:25:08,5.3,450,63850
20240206,10:25:40,5.3,50,63850
20240206,10:26:01,5.3,50,66700
20240206,10:26:21,5.3,100,66700
20240206,10:26:41,5.3,150,66700
20240206,10:26:51,5.25,150,66700
20240206,10:27:12,5.3,300,66700
20240206,10:27:22,5.3,250,66700
20240206,10:27:31,5.3,250,66700
20240206,10:28:34,5.25,50,66700
20240206,10:28:54,5.25,50,67550
20240206,10:29:04,5.25,50,67550
20240206,10:29:15,5.25,250,67550
20240206,10:29:57,5.3,200,67550
20240206,10:30:29,5.35,1450,67550
20240206,10:30:39,5.4,50,67550
20240206,10:30:49,5.45,100,67550
20240206,10:30:59,5.4,250,67550
20240206,10:31:09,5.45,600,67550
20240206,10:31:30,5.4,150,67550
20240206,10:31:41,5.15,5200,68700
20240206,10:32:01,5.2,3250,68700
20240206,10:32:10,5.4,200,68700
20240206,10:32:20,5.45,50,68700
20240206,10:32:30,5.5,2700,68700
20240206,10:32:57,5.5,150,68700
20240206,10:33:07,5.5,250,68700
20240206,10:33:25,5.45,50,68700
20240206,10:33:44,5.45,100,68700
20240206,10:34:13,5.4,250,68700
20240206,10:35:37,5.45,2500,71150
20240206,10:35:47,5.45,150,71150
20240206,10:35:56,5.45,500,71150
20240206,10:38:18,5.4,50,71150
20240206,10:38:45,5.4,50,71150
20240206,10:40:06,5.25,400,71150
20240206,10:41:13,5.35,50,71350
20240206,10:41:21,5.4,50,71350
20240206,10:41:56,5.35,250,71350
20240206,10:42:05,5.35,100,71350
20240206,10:42:13,5.4,300,71350
20240206,10:42:31,5.45,100,71350
20240206,10:42:40,5.35,50,71350
20240206,10:43:40,5.25,450,71350
20240206,10:44:57,5.15,50,71350
20240206,10:45:19,5.1,300,71350
20240206,10:45:39,5.05,50,71350
20240206,10:46:06,5.0,550,71350
20240206,10:46:23,4.9,150,71350
20240206,10:46:40,4.9,350,71350
20240206,10:46:58,4.9,100,72350
20240206,10:47:23,5.0,100,72350
20240206,10:47:31,5.05,250,72350
20240206,10:47:48,5.0,50,72350
20240206,10:50:01,4.9,300,72450
20240206,10:51:26,4.9,50,72450
20240206,10:51:43,4.8,1550,72450
20240206,10:52:02,4.7,250,72450
20240206,10:52:41,4.7,500,72450
20240206,10:53:42,4.8,1050,74750
20240206,10:53:51,4.8,500,74750
20240206,10:54:29,4.8,100,74750
20240206,10:55:23,4.75,500,74750
20240206,10:56:11,4.85,50,74300
20240206,10:58:48,4.8,50,74250
20240206,10:58:59,4.75,50,74250
20240206,10:59:39,4.7,50,74250
20240206,10:59:59,4.65,100,74250
20240206,11:01:13,4.65,350,74250
20240206,11:01:22,4.7,50,74250
20240206,11:01:30,4.75,400,74250
20240206,11:01:46,4.7,50,74250
20240206,11:04:55,4.75,100,73550
20240206,11:06:05,4.75,100,73550
20240206,11:06:49,4.75,550,73550
20240206,11:07:50,5.0,500,73500
20240206,11:07:58,5.0,1000,73500
20240206,11:08:11,4.9,150,73500
20240206,11:08:17,5.0,1100,73500
20240206,11:08:24,5.0,750,73500
20240206,11:08:31,5.0,400,73500
20240206,11:08:45,5.0,300,73500
20240206,11:09:06,4.85,100,73500
20240206,11:09:16,4.85,50,73500
20240206,11:09:25,4.9,1500,73500
20240206,11:10:27,4.9,50,73500
20240206,11:10:36,4.9,50,73500
20240206,11:11:57,4.9,1000,70500
20240206,11:12:40,5.0,1000,70500
20240206,11:13:18,4.85,1650,70500
20240206,11:14:23,4.9,50,72100
20240206,11:14:42,4.9,900,72100
20240206,11:14:50,4.9,50,72100
20240206,11:15:26,4.95,50,72100
20240206,11:16:19,4.85,200,72100
20240206,11:20:07,4.9,1500,71950
20240206,11:20:25,4.85,250,71950
20240206,11:20:31,4.85,700,71950
20240206,11:20:47,4.9,100,71950
20240206,11:21:05,4.9,250,71950
20240206,11:21:11,4.85,1800,71950
20240206,11:21:32,4.85,50,71950
20240206,11:21:39,4.8,1800,71950
20240206,11:22:25,4.75,1800,71950
20240206,11:22:56,4.75,600,77500
20240206,11:23:28,4.8,200,77500
20240206,11:23:55,4.8,200,77500
20240206,11:26:49,4.7,2500,77500
20240206,11:28:53,4.85,750,78500
20240206,11:28:59,4.85,250,78500
20240206,11:29:13,4.8,550,78500
20240206,11:29:19,4.75,150,78500
20240206,11:30:30,4.95,500,78500
20240206,11:30:36,4.95,1200,78500
20240206,11:30:42,5.05,150,78500
20240206,11:30:48,4.9,200,78500
20240206,11:30:53,4.9,200,78500
20240206,11:31:17,4.95,200,78500
20240206,11:31:46,4.95,400,78500
20240206,11:32:50,4.9,100,79000
20240206,11:33:00,4.85,2900,79000
20240206,11:33:13,4.9,1850,79000
20240206,11:33:41,4.9,100,79000
20240206,11:34:21,4.8,200,79000
20240206,11:34:36,4.85,50,79000
20240206,11:35:02,4.8,50,77650
20240206,11:35:16,4.8,700,77650
20240206,11:36:21,4.9,100,77650
20240206,11:36:32,4.9,100,77650
20240206,11:36:45,4.9,50,77650
20240206,11:36:57,4.9,550,77650
20240206,11:37:10,5.0,350,77650
20240206,11:37:21,4.9,400,77650
20240206,11:38:21,4.9,400,78200
20240206,11:39:16,4.95,50,78200
20240206,11:39:50,4.95,50,78200
20240206,11:40:00,4.9,300,78200
20240206,11:40:11,4.9,950,78200
20240206,11:41:15,4.95,50,78000
20240206,11:41:26,5.0,1000,78000
20240206,11:42:28,5.0,1150,78000
20240206,11:42:38,5.0,200,78000
20240206,11:43:10,5.0,400,78000
20240206,11:44:06,5.0,250,80000
20240206,11:44:28,5.0,1250,80000
20240206,11:45:07,5.0,250,80000
20240206,11:45:17,4.95,1950,80000
20240206,11:45:27,5.0,600,80000
20240206,11:45:37,5.0,1650,80000
20240206,11:46:28,5.05,650,80000
20240206,11:46:39,5.05,50,80000
20240206,11:47:08,5.05,50,81400
20240206,11:47:19,5.1,50,81400
20240206,11:47:58,5.1,50,81400
20240206,11:48:35,5.15,50,81400
20240206,11:48:54,5.15,50,81400
20240206,11:49:18,5.15,300,81400
20240206,11:49:47,5.2,400,81400
20240206,11:49:54,5.2,700,81100
20240206,11:50:26,5.2,500,81100
20240206,11:50:49,5.2,800,81100
20240206,11:52:41,5.25,250,81100
20240206,11:52:48,5.3,200,81100
20240206,11:53:13,5.3,2300,81600
20240206,11:53:20,5.3,150,81600
20240206,11:53:27,5.3,150,81600
20240206,11:53:45,5.3,250,81600
20240206,11:54:07,5.3,300,81600
20240206,11:54:17,5.35,50,81600
20240206,11:54:28,5.35,850,81600
20240206,11:54:39,5.35,150,81600
20240206,11:54:48,5.35,150,81600
20240206,11:54:58,5.4,100,81600
20240206,11:55:20,5.35,250,81600
20240206,11:55:57,5.4,450,81600
20240206,11:56:05,5.35,150,82700
20240206,11:56:12,5.35,150,82700
20240206,11:57:12,5.4,450,82700
20240206,11:57:32,5.35,1150,82700
20240206,11:58:44,5.35,50,82700
20240206,12:00:06,5.25,450,84200
20240206,12:00:30,5.3,250,84200
20240206,12:02:02,5.3,200,84500
20240206,12:03:24,5.35,250,84500
20240206,12:04:09,5.4,100,84500
20240206,12:05:02,5.45,200,84800
20240206,12:05:25,5.4,150,84800
20240206,12:06:29,5.4,450,84800
20240206,12:06:53,5.4,600,84800
20240206,12:08:29,5.3,350,84950
20240206,12:09:10,5.25,50,84950
20240206,12:09:38,5.2,50,84950
20240206,12:09:51,5.25,50,84950
20240206,12:11:44,5.4,50,85350
20240206,12:12:04,5.4,350,85350
20240206,12:12:26,5.3,400,85350
20240206,12:12:51,5.3,200,85350
20240206,12:13:03,5.3,50,85350
20240206,12:14:16,5.4,150,85850
20240206,12:14:33,5.3,150,85850
20240206,12:14:43,5.35,300,85850
20240206,12:14:52,5.3,1350,85850
20240206,12:15:00,5.25,50,85850
20240206,12:15:24,5.15,1500,85850
20240206,12:17:00,5.2,1150,88250
20240206,12:17:30,5.15,700,88250
20240206,12:17:44,5.25,400,88250
20240206,12:19:28,5.2,50,88250
20240206,12:20:17,5.2,50,88750
20240206,12:20:41,5.15,450,88750
20240206,12:20:47,5.15,150,88750
20240206,12:21:56,5.25,50,88750
20240206,12:22:41,5.4,300,88750
20240206,12:22:59,5.4,100,88800
20240206,12:23:33,5.35,50,88800
20240206,12:24:33,5.35,250,88800
20240206,12:24:54,5.4,200,88800
20240206,12:25:13,5.4,150,88800
20240206,12:25:22,5.4,100,88800
20240206,12:25:30,5.3,550,88800
20240206,12:25:39,5.25,800,88800
20240206,12:26:32,5.2,50,89350
20240206,12:26:49,5.25,200,89350
20240206,12:28:01,5.35,300,89350
20240206,12:28:18,5.35,50,89350
20240206,12:28:55,5.35,150,89350
20240206,12:30:17,5.4,1000,89200
20240206,12:32:16,5.25,100,90150
20240206,12:32:31,5.15,500,90150
20240206,12:32:45,5.2,500,90150
20240206,12:33:15,5.2,200,90150
20240206,12:33:23,5.15,100,90150
20240206,12:33:30,5.15,800,90150
20240206,12:36:56,5.1,50,91400
20240206,12:37:28,5.1,100,91400
20240206,12:38:27,5.1,100,91450
20240206,12:39:09,5.1,50,91450
20240206,12:40:49,5.05,50,91450
20240206,12:40:56,5.05,50,91450
20240206,12:41:03,5.05,250,91450
20240206,12:41:34,5.05,250,91450
20240206,12:42:00,5.05,250,91450
20240206,12:42:17,5.0,50,91450
20240206,12:42:36,5.05,200,91450
20240206,12:43:23,5.0,100,91450
20240206,12:45:24,4.95,50,91900
20240206,12:45:37,4.95,50,91900
20240206,12:46:33,4.95,50,91900
20240206,12:47:06,5.0,50,91900
20240206,12:47:13,5.0,100,91900
20240206,12:47:50,5.0,300,91900
20240206,12:47:56,5.0,50,91900
20240206,12:48:47,5.1,750,91900
20240206,12:48:55,5.1,950,91900
20240206,12:49:16,5.2,50,91900
20240206,12:49:30,5.2,150,91900
20240206,12:49:45,5.15,50,91900
20240206,12:50:00,5.1,200,91900
20240206,12:50:49,5.1,100,94300
20240206,12:52:16,5.2,50,94300
20240206,12:53:22,5.2,400,94300
20240206,12:53:37,5.2,300,94300
20240206,12:53:45,5.15,150,94300
20240206,12:53:54,5.2,150,94300
20240206,12:54:18,5.15,100,94300
20240206,12:54:59,5.1,50,94300
20240206,12:59:58,5.1,300,94100
20240206,13:02:45,5.05,50,93850
20240206,13:03:37,4.95,500,93850
20240206,13:04:06,5.05,100,93850
20240206,13:04:21,5.05,100,93850
20240206,13:08:17,4.9,50,93800
20240206,13:10:21,4.85,50,93800
20240206,13:14:52,4.85,500,93800
20240206,13:18:01,4.9,50,94250
20240206,13:18:24,5.0,700,94250
20240206,13:19:22,4.85,700,94250
20240206,13:22:19,5.05,500,94250
20240206,13:23:02,4.85,500,94250
20240206,13:24:10,4.95,50,94650
20240206,13:26:38,4.85,100,94650
20240206,13:26:42,4.9,50,94650
20240206,13:27:30,4.85,50,94650
20240206,13:28:35,4.85,100,94650
20240206,13:28:41,4.8,450,94650
20240206,13:30:27,4.9,100,95250
20240206,13:31:02,4.95,50,95250
20240206,13:33:08,4.9,100,95250
20240206,13:33:22,4.8,950,95250
20240206,13:34:46,4.85,100,95250
20240206,13:35:33,4.85,50,96400
20240206,13:35:49,4.85,50,96400
20240206,13:35:55,4.85,50,96400
20240206,13:37:03,4.9,100,96400
20240206,13:39:36,4.95,50,96550
20240206,13:40:11,4.85,50,96550
20240206,13:41:48,5.0,50,96550
20240206,13:43:07,5.0,50,96550
20240206,13:43:37,4.95,50,96550
20240206,13:43:53,4.9,50,96550
20240206,13:44:33,4.95,50,96550
20240206,13:45:37,5.0,50,96550
20240206,13:46:34,4.95,50,96550
20240206,13:47:07,4.95,50,96550
20240206,13:48:06,5.05,500,96350
20240206,13:48:14,5.05,50,96350
20240206,13:49:50,4.95,1800,96350
20240206,13:51:22,5.05,100,98050
20240206,13:52:59,5.05,100,98050
20240206,13:54:23,5.05,50,98050
20240206,13:56:13,5.05,50,98050
20240206,13:56:38,5.05,450,98050
20240206,13:57:11,5.05,100,98050
20240206,13:57:36,5.05,50,98050
20240206,13:58:01,5.05,50,98050
20240206,13:59:32,5.05,100,98400
20240206,14:00:37,5.0,50,98400
20240206,14:01:39,5.05,50,98400
20240206,14:01:48,5.05,200,98400
20240206,14:02:22,5.0,50,98550
20240206,14:02:40,5.05,150,98550
20240206,14:03:35,5.05,50,98550
20240206,14:03:46,5.0,250,98550
20240206,14:04:17,5.0,50,98550
20240206,14:05:17,4.95,250,98950
20240206,14:05:35,4.95,50,98950
20240206,14:05:53,5.0,100,98950
20240206,14:06:41,5.0,100,98950
20240206,14:06:58,5.0,350,98950
20240206,14:07:24,5.05,150,98950
20240206,14:07:32,5.05,200,98950
20240206,14:07:49,5.05,500,98950
20240206,14:08:23,5.05,400,99900
20240206,14:08:39,5.0,100,99900
20240206,14:08:55,5.0,50,99900
20240206,14:09:21,5.05,150,99900
20240206,14:11:41,5.15,200,99500
20240206,14:12:36,5.2,250,99500
20240206,14:12:55,5.2,250,99500
20240206,14:13:06,5.2,650,99500
20240206,14:13:15,5.2,150,99500
20240206,14:13:27,5.2,250,99500
20240206,14:13:39,5.25,450,99500
20240206,14:13:51,5.3,150,99500
20240206,14:14:42,5.3,600,101600
20240206,14:14:51,5.2,350,101600
20240206,14:15:12,5.25,50,101600
20240206,14:15:39,5.25,50,101600
20240206,14:15:57,5.2,250,101600
20240206,14:16:05,5.2,100,101600
20240206,14:17:11,5.2,250,101600
20240206,14:18:02,5.3,250,101050
20240206,14:18:18,5.2,450,101050
20240206,14:19:48,5.25,50,101050
20240206,14:21:43,5.4,500,101050
20240206,14:22:17,5.5,1100,101050
20240206,14:23:31,5.4,50,101600
20240206,14:24:44,5.35,50,101600
20240206,14:25:10,5.35,50,101600
20240206,14:25:27,5.3,250,101600
20240206,14:25:50,5.3,250,101600
20240206,14:27:41,5.3,50,101850
20240206,14:27:57,5.45,200,101850
20240206,14:28:04,5.45,200,101850
20240206,14:28:47,5.4,50,101850
20240206,14:29:09,5.45,50,101850
20240206,14:30:02,5.35,50,102000
20240206,14:30:39,5.35,50,102000
20240206,14:31:22,5.35,50,102000
20240206,14:31:35,5.35,50,102000
20240206,14:32:29,5.3,50,102000
20240206,14:32:45,5.35,50,102000
20240206,14:32:53,5.3,100,102000
20240206,14:33:00,5.25,250,102000
20240206,14:33:29,5.25,50,102000
20240206,14:33:45,5.2,250,102000
20240206,14:34:00,5.2,50,102000
20240206,14:34:29,5.25,50,102000
20240206,14:35:07,5.3,50,102000
20240206,14:35:19,5.25,850,102000
20240206,14:35:25,5.25,550,102000
20240206,14:35:47,5.25,100,102000
20240206,14:35:53,5.25,50,102000
20240206,14:37:53,5.25,250,102000
20240206,14:38:07,5.2,250,102000
20240206,14:38:57,5.2,250,103800
20240206,14:39:06,5.2,550,103800
20240206,14:39:48,5.15,500,103800
20240206,14:40:16,5.15,600,103800
20240206,14:40:32,5.15,50,103800
20240206,14:40:41,5.15,50,103800
20240206,14:41:13,5.2,350,103800
20240206,14:41:21,5.15,500,103800
20240206,14:41:28,5.25,50,103800
20240206,14:42:39,5.15,50,103800
20240206,14:42:45,5.1,100,103800
20240206,14:43:35,5.2,100,103800
20240206,14:44:04,5.1,50,103800
20240206,14:45:24,5.15,50,103850
20240206,14:45:41,5.15,50,103850
20240206,14:48:42,5.15,200,103850
20240206,14:49:27,5.15,50,103850
20240206,14:49:54,5.15,50,103850
20240206,14:50:48,5.15,450,103650
20240206,14:51:14,5.15,100,103650
20240206,14:52:05,5.1,50,103650
20240206,14:53:00,5.1,50,103650
20240206,14:53:06,5.05,500,103650
20240206,14:53:13,5.05,1000,103650
20240206,14:53:27,5.0,1000,104900
20240206,14:53:40,5.1,50,104900
20240206,14:53:46,5.05,150,104900
20240206,14:53:53,5.05,50,104900
20240206,14:54:04,5.1,300,104900
20240206,14:54:34,5.05,100,104900
20240206,14:54:41,5.2,100,104900
20240206,14:54:47,5.15,700,104900
20240206,14:54:54,5.1,400,104900
20240206,14:55:31,5.2,250,104900
20240206,14:56:10,5.05,150,104900
20240206,14:56:49,5.15,200,106050
20240206,14:56:55,5.1,150,106050
20240206,14:57:31,5.0,50,106050
20240206,14:58:31,4.95,100,106050
20240206,14:58:47,4.9,100,106050
20240206,14:58:59,4.9,50,106050
20240206,14:59:10,4.9,50,106050
20240206,14:59:43,4.9,50,106200
20240206,15:00:01,5.0,150,106200
20240206,15:00:25,4.85,50,106200
20240206,15:00:50,4.85,500,106200
20240206,15:01:15,4.85,200,106200
20240206,15:02:40,4.95,250,105700
20240206,15:02:47,4.8,350,105700
20240206,15:03:42,4.9,100,105700
20240206,15:04:08,4.8,700,105700
20240206,15:04:38,4.85,50,105700
20240206,15:05:05,4.8,150,105700
20240206,15:05:28,4.85,50,105200
20240206,15:06:28,4.85,50,105200
20240206,15:06:35,4.85,650,105200
20240206,15:07:02,4.8,200,105200
20240206,15:07:14,4.75,50,105200
20240206,15:07:37,4.85,100,105200
20240206,15:07:42,4.8,50,105200
20240206,15:07:48,4.9,200,105200
20240206,15:07:55,4.75,450,105200
20240206,15:08:43,4.95,400,104950
20240206,15:09:10,4.85,50,104950
20240206,15:09:14,4.85,150,104950
20240206,15:09:40,4.95,50,104950
20240206,15:09:46,4.9,50,104950
20240206,15:10:03,4.9,350,104950
20240206,15:10:46,4.95,700,104950
20240206,15:10:56,5.0,50,104950
20240206,15:11:07,4.9,100,104950
20240206,15:11:11,5.05,1800,104950
20240206,15:11:31,4.95,200,105150
20240206,15:11:37,5.05,1800,105150
20240206,15:12:11,4.85,500,105150
20240206,15:12:38,5.0,50,105150
20240206,15:12:42,5.0,50,105150
20240206,15:12:57,5.05,1450,105150
20240206,15:13:06,4.95,1000,105150
20240206,15:14:01,5.05,150,105150
20240206,15:14:09,5.05,50,105150
20240206,15:14:17,5.0,50,105150
20240206,15:14:24,5.2,2100,110100
20240206,15:14:32,5.2,1400,110100
20240206,15:14:41,5.2,1500,110100
20240206,15:15:01,5.15,150,110100
20240206,15:15:34,5.25,2000,110100
20240206,15:17:01,5.2,250,110100
20240206,15:17:14,5.2,100,110100
20240206,15:17:38,5.3,1000,111850
20240206,15:18:16,5.2,250,111850
20240206,15:18:21,5.25,250,111850
20240206,15:18:32,5.25,850,111850
20240206,15:18:57,5.35,100,111850
20240206,15:19:30,5.3,550,111850
20240206,15:19:35,5.35,2600,111850
20240206,15:19:40,5.4,100,111850
20240206,15:19:46,5.35,250,111850
20240206,15:19:56,5.45,200,111850
20240206,15:20:06,5.45,750,111850
20240206,15:20:11,5.45,150,111850
20240206,15:20:16,5.45,100,111850
20240206,15:20:21,5.45,150,111850
20240206,15:20:30,5.5,2550,109900
20240206,15:20:46,5.4,100,109900
20240206,15:20:52,5.4,50,109900
20240206,15:21:15,5.4,350,109900
20240206,15:21:34,5.4,50,109900
20240206,15:21:51,5.4,100,109900
20240206,15:22:15,5.35,100,109900
20240206,15:22:22,5.4,50,109900
20240206,15:22:27,5.4,1250,109900
20240206,15:22:32,5.35,100,109900
20240206,15:22:44,5.35,100,109900
20240206,15:22:51,5.3,450,109900
20240206,15:22:56,5.35,2750,109900
20240206,15:23:09,5.35,450,109900
20240206,15:23:14,5.35,100,109900
20240206,15:23:38,5.35,400,113250
20240206,15:23:45,5.4,50,113250
20240206,15:23:52,5.4,100,113250
20240206,15:23:59,5.5,2200,113250
20240206,15:24:06,5.35,100,113250
20240206,15:24:12,5.45,100,113250
20240206,15:24:27,5.35,150,113250
20240206,15:24:35,5.35,200,113250
20240206,15:24:43,5.35,100,113250
20240206,15:24:51,5.45,50,113250
20240206,15:25:16,5.45,50,113250
20240206,15:25:26,5.45,250,113250
20240206,15:25:34,5.45,2100,113250
20240206,15:25:46,5.45,500,113250
20240206,15:25:56,5.4,200,113250
20240206,15:26:07,5.35,450,113250
20240206,15:26:18,5.4,2000,113250
20240206,15:26:27,5.5,1000,113250
20240206,15:26:37,5.5,2550,114550
20240206,15:26:49,5.4,1100,114550
20240206,15:27:00,5.45,1000,114550
20240206,15:27:20,5.45,100,114550
20240206,15:27:26,5.45,300,114550
20240206,15:27:34,5.45,400,114550
20240206,15:27:43,5.45,400,114550
20240206,15:27:52,5.45,350,114550
20240206,15:28:02,5.4,950,114550
20240206,15:28:22,5.45,300,114550
20240206,15:28:33,5.35,1100,114550
20240206,15:28:45,5.35,4700,114550
20240206,15:28:55,5.35,350,114550
20240206,15:29:07,5.3,1100,114550
20240206,15:29:21,5.3,200,114550
20240206,15:29:35,5.15,850,114700
20240206,15:29:49,5.1,3500,114700
20240206,15:30:01,5.0,1000,114700
20240207,09:15:08,3.85,1,115300
20240207,09:15:08,3.85,50,115300
20240207,09:15:21,3.85,550,115300
20240207,09:15:33,4.1,500,115300
20240207,09:15:33,3.8,500,115300
20240207,09:15:47,3.75,150,115300
20240207,09:16:01,3.75,50,115300
20240207,09:16:15,4.0,50,115300
20240207,09:16:28,3.7,450,115300
20240207,09:16:42,3.7,150,114200
20240207,09:16:53,4.2,1500,114200
20240207,09:17:05,3.95,300,114200
20240207,09:17:17,4.0,350,114200
20240207,09:17:29,3.9,50,114200
20240207,09:17:40,3.9,400,114200
20240207,09:18:05,4.0,150,114200
20240207,09:18:27,4.0,50,114200
20240207,09:18:38,3.95,250,114200
20240207,09:18:49,3.95,200,114200
20240207,09:19:00,4.05,200,114200
20240207,09:19:10,4.1,100,114200
20240207,09:19:46,4.0,100,113000
20240207,09:19:56,3.9,300,113000
20240207,09:20:06,4.0,500,113000
20240207,09:20:16,4.0,200,113000
20240207,09:20:28,4.05,650,113000
20240207,09:20:37,4.05,50,113000
20240207,09:20:56,4.15,500,113000
20240207,09:21:36,4.1,350,113000
20240207,09:21:46,4.15,100,113000
20240207,09:21:57,4.15,50,113000
20240207,09:22:17,4.1,200,113000
20240207,09:22:37,4.15,50,114100
20240207,09:22:48,4.2,50,114100
20240207,09:23:08,4.3,100,114100
20240207,09:23:28,4.3,150,114100
20240207,09:25:02,4.3,50,114100
20240207,09:25:48,4.15,50,114200
20240207,09:27:03,4.15,50,114200
20240207,09:27:15,4.1,50,114200
20240207,09:27:37,4.15,50,114200
20240207,09:27:48,4.0,250,114200
20240207,09:27:59,4.1,1050,114200
20240207,09:28:10,4.05,200,114200
20240207,09:29:23,4.05,400,114450
20240207,09:29:43,4.0,50,114450
20240207,09:30:03,3.95,50,114450
20240207,09:30:24,4.0,50,114450
20240207,09:30:34,3.9,150,114450
20240207,09:30:44,3.9,100,114450
20240207,09:30:54,3.9,200,114450
20240207,09:31:04,3.85,750,114450
20240207,09:31:15,3.7,900,114450
20240207,09:31:26,3.75,1750,114450
20240207,09:31:37,3.75,50,114450
20240207,09:31:48,3.75,650,114450
20240207,09:31:58,3.85,50,114450
20240207,09:32:28,3.85,600,114450
20240207,09:32:37,3.9,1200,114450
20240207,09:32:48,3.85,650,114450
20240207,09:32:57,3.85,150,114450
20240207,09:33:07,3.9,200,114450
20240207,09:33:25,3.75,250,114450
20240207,09:34:02,3.8,50,114450
20240207,09:34:12,3.8,400,114450
20240207,09:34:21,3.75,50,114450
20240207,09:34:40,3.65,150,115100
20240207,09:34:49,3.65,50,115100
20240207,09:34:59,3.6,350,115100
20240207,09:35:21,3.55,300,115100
20240207,09:35:32,3.55,50,115100
20240207,09:35:41,3.6,50,115100
20240207,09:35:52,3.55,900,115100
20240207,09:37:56,3.65,500,115850
20240207,09:38:38,3.55,50,115850
20240207,09:38:49,3.65,350,115850
20240207,09:39:31,3.55,700,115850
20240207,09:39:42,3.6,50,115850
20240207,09:39:52,3.6,150,115850
20240207,09:40:48,3.6,50,116350
20240207,09:41:00,3.6,250,116350
20240207,09:41:38,3.65,200,116350
20240207,09:41:50,3.5,3100,116350
20240207,09:42:00,3.6,800,116350
20240207,09:42:19,3.6,200,116350
20240207,09:42:41,3.7,1200,116350
20240207,09:42:52,3.7,750,116350
20240207,09:43:13,3.7,50,116350
20240207,09:44:13,3.7,700,117250
20240207,09:44:24,3.7,150,117250
20240207,09:44:45,3.7,50,117250
20240207,09:44:55,3.75,50,117250
20240207,09:45:05,3.8,50,117250
20240207,09:45:37,3.7,850,117250
20240207,09:46:42,3.8,1500,117000
20240207,09:46:51,3.7,100,117000
20240207,09:47:10,3.7,100,117000
20240207,09:47:30,3.7,50,117000
20240207,09:47:39,3.7,50,117000
20240207,09:48:15,3.55,400,117000
20240207,09:48:50,3.6,50,117000
20240207,09:48:59,3.65,300,117000
20240207,09:49:08,3.6,1400,117000
20240207,09:49:17,3.55,800,117000
20240207,09:49:27,3.55,300,117000
20240207,09:49:36,3.5,200,117000
20240207,09:49:46,3.55,50,116950
20240207,09:49:56,3.55,50,116950
20240207,09:50:24,3.6,150,116950
20240207,09:50:53,3.6,50,116950
20240207,09:51:03,3.6,100,116950
20240207,09:51:14,3.65,100,116950
20240207,09:51:33,3.6,50,116950
20240207,09:52:20,3.6,50,116950
20240207,09:52:37,3.55,150,117150
20240207,09:52:45,3.5,750,117150
20240207,09:52:54,3.55,100,117150
20240207,09:53:35,3.6,50,117150
20240207,09:55:01,3.55,400,117150
20240207,09:56:41,3.6,5150,117150
20240207,09:57:49,3.6,300,117150
20240207,09:57:58,3.55,100,117150
20240207,09:58:18,3.65,50,117150
20240207,09:58:29,3.65,1900,117150
20240207,09:58:57,3.65,800,117950
20240207,09:59:35,3.55,100,117950
20240207,10:00:09,3.55,50,117950
20240207,10:00:20,3.55,50,117950
20240207,10:00:30,3.55,450,117950
20240207,10:00:47,3.6,1500,117950
20240207,10:01:31,3.6,100,117950
20240207,10:01:40,3.55,50,117950
20240207,10:02:49,3.7,150,116800
20240207,10:03:36,3.65,50,116800
20240207,10:04:21,3.7,900,116800
20240207,10:04:56,3.7,1650,117750
20240207,10:05:29,3.7,100,117750
20240207,10:05:47,3.75,1000,117750
20240207,10:06:06,3.65,1150,117750
20240207,10:06:25,3.6,200,117750
20240207,10:06:43,3.6,400,117750
20240207,10:06:52,3.65,50,117750
20240207,10:07:01,3.65,50,117750
20240207,10:07:19,3.65,200,117750
20240207,10:08:13,3.55,250,117400
20240207,10:08:21,3.65,400,117400
20240207,10:08:29,3.75,2200,117400
20240207,10:08:38,3.7,400,117400
20240207,10:09:12,3.75,50,117400
20240207,10:09:20,3.7,50,117400
20240207,10:10:10,3.7,100,117400
20240207,10:10:25,3.75,250,117400
20240207,10:11:28,3.75,50,115400
20240207,10:12:43,3.75,150,115400
20240207,10:13:13,3.75,900,115400
20240207,10:13:34,3.75,250,115400
20240207,10:13:57,3.8,300,115650
20240207,10:14:06,3.65,150,115650
20240207,10:14:14,3.7,300,115650
20240207,10:14:22,3.7,100,115650
20240207,10:14:52,3.7,400,115650
20240207,10:14:58,3.75,450,115650
20240207,10:15:14,3.65,100,115650
20240207,10:15:21,3.75,50,115650
20240207,10:15:36,3.65,700,115650
20240207,10:16:19,3.6,100,115650
20240207,10:18:30,3.6,50,115150
20240207,10:18:59,3.55,50,115150
20240207,10:19:36,3.55,100,115150
20240207,10:19:45,3.6,50,115150
20240207,10:20:32,3.6,100,115300
20240207,10:21:08,3.55,50,115300
20240207,10:21:15,3.55,50,115300
20240207,10:21:28,3.55,50,115300
20240207,10:21:42,3.5,50,115300
20240207,10:22:18,3.6,100,115300
20240207,10:23:28,3.55,100,115200
20240207,10:23:36,3.6,50,115200
20240207,10:24:43,3.65,50,115200
20240207,10:25:49,3.65,750,115300
20240207,10:26:10,3.6,200,115300
20240207,10:26:24,3.6,50,115300
20240207,10:28:16,3.65,50,115300
20240207,10:28:38,3.55,50,115300
20240207,10:28:54,3.6,100,114750
20240207,10:29:08,3.55,800,114750
20240207,10:29:29,3.65,100,114750
20240207,10:29:35,3.6,100,114750
20240207,10:29:42,3.6,100,114750
20240207,10:29:48,3.55,50,114750
20240207,10:29:54,3.6,100,114750
20240207,10:30:01,3.6,100,114750
20240207,10:30:07,3.6,400,114750
20240207,10:31:28,3.6,50,114750
20240207,10:32:02,3.65,50,114500
20240207,10:32:08,3.65,100,114500
20240207,10:32:14,3.65,100,114500
20240207,10:32:21,3.65,200,114500
20240207,10:32:28,3.6,100,114500
20240207,10:32:55,3.6,100,114500
20240207,10:33:21,3.55,200,114500
20240207,10:35:40,3.5,50,113950
20240207,10:35:47,3.5,150,113950
20240207,10:35:54,3.6,200,113950
20240207,10:36:01,3.6,100,113950
20240207,10:36:16,3.6,100,113950
20240207,10:36:38,3.6,100,113950
20240207,10:37:30,3.6,200,113950
20240207,10:37:37,3.65,100,113950
20240207,10:38:13,3.6,150,113300
20240207,10:38:25,3.6,950,113300
20240207,10:38:39,3.6,100,113300
20240207,10:38:53,3.6,150,113300
20240207,10:39:07,3.65,100,113300
20240207,10:39:56,3.65,100,113300
20240207,10:40:19,3.65,100,113300
20240207,10:40:26,3.65,100,113300
20240207,10:40:32,3.55,250,113300
20240207,10:40:47,3.6,100,112950
20240207,10:40:55,3.6,100,112950
20240207,10:41:58,3.6,100,112950
20240207,10:42:06,3.65,100,112950
20240207,10:42:16,3.6,50,112950
20240207,10:42:23,3.65,300,112950
20240207,10:42:58,3.65,100,112950
20240207,10:43:10,3.6,50,112950
20240207,10:43:17,3.65,100,112950
20240207,10:43:31,3.65,100,112950
20240207,10:43:38,3.65,200,112950
20240207,10:43:52,3.65,100,111750
20240207,10:44:13,3.65,100,111750
20240207,10:44:48,3.7,100,111750
20240207,10:44:54,3.6,200,111750
20240207,10:45:23,3.65,100,111750
20240207,10:45:34,3.6,150,111750
20240207,10:45:41,3.6,50,111750
20240207,10:45:48,3.65,100,111750
20240207,10:45:54,3.6,100,111750
20240207,10:46:31,3.65,50,111750
20240207,10:46:38,3.6,50,111750
20240207,10:47:00,3.6,100,111150
20240207,10:47:36,3.65,100,111150
20240207,10:47:43,3.6,200,111150
20240207,10:47:50,3.6,50,111150
20240207,10:47:57,3.6,150,111150
20240207,10:48:05,3.6,50,111150
20240207,10:48:48,3.55,100,111150
20240207,10:49:10,3.65,1000,111150
20240207,10:49:15,3.65,100,111150
20240207,10:49:20,3.6,200,111150
20240207,10:49:31,3.6,300,111150
20240207,10:50:16,3.65,350,111700
20240207,10:50:28,3.65,350,111700
20240207,10:51:03,3.6,400,111700
20240207,10:51:09,3.55,100,111700
20240207,10:51:37,3.6,150,111700
20240207,10:52:00,3.6,50,111700
20240207,10:52:52,3.6,50,112000
20240207,10:53:03,3.65,200,112000
20240207,10:53:10,3.75,550,112000
20240207,10:53:48,3.75,50,112000
20240207,10:53:54,3.75,50,112000
20240207,10:54:01,3.75,50,112000
20240207,10:54:19,3.75,100,112000
20240207,10:54:28,3.75,1850,112000
20240207,10:54:33,3.85,900,112000
20240207,10:54:37,3.8,400,112000
20240207,10:54:45,3.85,50,112000
20240207,10:55:06,3.85,350,112000
20240207,10:55:14,3.85,50,112000
20240207,10:56:25,3.9,1000,112650
20240207,10:56:37,3.8,50,112650
20240207,10:57:13,3.8,250,112650
20240207,10:57:54,3.85,50,112650
20240207,10:59:11,3.95,50,112850
20240207,10:59:31,3.9,50,112850
20240207,11:00:28,3.9,100,112850
20240207,11:01:04,3.95,400,112850
20240207,11:01:12,3.95,50,112850
20240207,11:02:13,3.95,50,112850
20240207,11:02:29,4.0,150,112850
20240207,11:03:10,4.0,1600,112850
20240207,11:03:22,3.9,50,112850
20240207,11:04:46,3.85,50,112850
20240207,11:04:53,3.85,600,114550
20240207,11:05:28,3.85,200,114550
20240207,11:06:13,3.8,250,114550
20240207,11:06:20,3.8,100,114550
20240207,11:06:27,3.8,1000,114550
20240207,11:06:34,3.8,400,114550
20240207,11:06:55,3.8,600,114550
20240207,11:07:47,3.8,50,114550
20240207,11:08:02,3.8,600,115550
20240207,11:10:35,3.8,50,115550
20240207,11:11:13,3.75,100,115550
20240207,11:11:24,3.75,50,115550
20240207,11:12:10,3.75,500,115550
20240207,11:12:52,3.75,150,115550
20240207,11:13:34,3.8,50,115550
20240207,11:14:03,3.75,50,116050
20240207,11:14:21,3.75,50,116050
20240207,11:15:07,3.7,450,116050
20240207,11:15:28,3.65,50,116050
20240207,11:15:37,3.65,50,116050
20240207,11:15:46,3.6,2650,116050
20240207,11:16:07,3.55,800,116050
20240207,11:16:42,3.65,150,116050
20240207,11:16:48,3.65,200,116050
20240207,11:16:54,3.6,50,115900
20240207,11:17:14,3.6,250,115900
20240207,11:18:25,3.6,50,115900
20240207,11:21:04,3.6,1650,115950
20240207,11:21:43,3.65,50,115950
20240207,11:22:34,3.65,100,115950
20240207,11:23:52,3.55,1650,116750
20240207,11:24:08,3.65,100,116750
20240207,11:24:52,3.7,100,116750
20240207,11:25:08,3.65,50,116750
20240207,11:27:14,3.75,1500,115800
20240207,11:27:36,3.65,500,115800
20240207,11:28:11,3.65,50,115800
20240207,11:30:52,3.65,100,116750
20240207,11:30:59,3.65,450,116750
20240207,11:31:18,3.6,150,116750
20240207,11:31:35,3.7,250,116750
20240207,11:31:41,3.7,250,116750
20240207,11:32:00,3.75,600,115900
20240207,11:32:20,3.8,400,115900
20240207,11:32:38,3.85,2050,115900
20240207,11:33:03,3.85,400,115900
20240207,11:33:13,3.9,350,115900
20240207,11:33:24,4.0,950,115900
20240207,11:33:33,4.0,1600,115900
20240207,11:33:43,4.1,700,115900
20240207,11:33:51,4.1,50,115900
20240207,11:33:59,4.1,750,115900
20240207,11:34:07,4.15,50,115900
20240207,11:34:16,4.1,100,115900
20240207,11:34:40,4.15,400,115900
20240207,11:34:48,4.2,50,115900
20240207,11:35:03,4.15,1950,117050
20240207,11:35:29,4.1,250,117050
20240207,11:35:37,4.05,400,117050
20240207,11:35:46,4.0,550,117050
20240207,11:35:55,4.0,400,117050
20240207,11:36:04,4.15,1100,117050
20240207,11:36:12,4.1,50,117050
20240207,11:36:35,4.1,200,117050
20240207,11:37:23,4.15,100,117050
20240207,11:37:51,4.2,400,117050
20240207,11:38:09,4.15,50,116400
20240207,11:38:20,4.2,450,116400
20240207,11:38:30,4.2,50,116400
20240207,11:38:47,4.2,50,116400
20240207,11:38:55,4.1,50,116400
20240207,11:39:04,4.15,300,116400
20240207,11:39:15,4.1,800,116400
20240207,11:39:25,4.25,50,116400
20240207,11:39:43,4.1,450,116400
20240207,11:39:52,4.2,300,116400
20240207,11:40:08,4.2,250,116400
20240207,11:40:16,4.3,300,116400
20240207,11:41:46,4.15,500,115950
20240207,11:41:53,4.25,200,115950
20240207,11:41:59,4.15,450,115950
20240207,11:42:13,4.15,200,115950
20240207,11:42:35,4.1,150,115950
20240207,11:42:53,4.05,200,115950
20240207,11:43:10,4.1,1050,115950
20240207,11:43:28,4.05,50,115950
20240207,11:43:52,4.15,250,115950
20240207,11:44:07,4.05,350,115250
20240207,11:44:23,4.1,350,115250
20240207,11:44:32,4.0,250,115250
20240207,11:45:23,4.0,50,115250
20240207,11:46:13,3.85,100,115250
20240207,11:46:20,3.8,150,115250
20240207,11:47:16,3.75,100,114900
20240207,11:47:32,3.7,150,114900
20240207,11:48:47,3.7,200,114900
20240207,11:48:55,3.7,100,114900
20240207,11:49:20,3.65,500,114900
20240207,11:49:28,3.7,50,114900
20240207,11:49:44,3.65,50,114900
20240207,11:50:31,3.8,500,114250
20240207,11:51:18,3.8,50,114250
20240207,11:51:54,3.75,200,114250
20240207,11:52:09,3.8,800,114250
20240207,11:52:23,3.8,100,114250
20240207,11:52:30,3.85,100,114250
20240207,11:52:59,3.85,50,114750
20240207,11:53:50,3.85,350,114750
20240207,11:53:58,4.0,450,114750
20240207,11:54:37,4.05,450,114750
20240207,11:54:44,4.05,50,114750
20240207,11:54:52,4.0,50,114750
20240207,11:56:12,4.1,150,115450
20240207,11:56:57,4.05,650,115450
20240207,11:57:06,4.05,50,115450
20240207,11:57:32,4.1,650,115450
20240207,11:58:14,4.1,450,115450
20240207,11:58:31,4.1,150,115450
20240207,11:58:48,4.05,100,115450
20240207,11:59:03,4.2,350,115500
20240207,11:59:11,4.05,50,115500
20240207,11:59:19,4.15,100,115500
20240207,11:59:42,4.1,100,115500
20240207,12:00:40,4.1,500,115500
20240207,12:00:55,4.1,50,115500
20240207,12:01:03,4.05,500,115500
20240207,12:01:34,4.05,50,115500
20240207,12:01:56,4.1,50,115500
20240207,12:02:11,4.1,300,115500
20240207,12:02:35,4.05,100,115500
20240207,12:02:43,3.95,100,115500
20240207,12:02:51,3.95,100,115500
20240207,12:03:07,3.85,750,115500
20240207,12:03:23,4.0,100,115500
20240207,12:03:37,3.9,250,115500
20240207,12:04:25,3.8,50,115500
20240207,12:04:42,3.85,500,115500
20240207,12:04:50,3.9,300,115500
20240207,12:05:17,3.8,250,116050
20240207,12:05:50,3.9,250,116050
20240207,12:06:06,3.85,250,116050
20240207,12:06:59,3.85,50,116050
20240207,12:08:13,3.8,100,116350
20240207,12:08:29,3.8,50,116350
20240207,12:08:53,3.85,500,116350
20240207,12:09:01,3.8,650,116350
20240207,12:10:56,3.85,50,117000
20240207,12:11:34,3.85,50,117000
20240207,12:11:41,3.8,500,117000
20240207,12:12:47,3.85,450,117000
20240207,12:13:09,3.9,200,117000
20240207,12:13:18,3.9,200,117000
20240207,12:14:27,3.9,400,116750
20240207,12:15:45,3.9,50,116750
20240207,12:17:37,3.95,50,116950
20240207,12:17:56,3.9,450,116950
20240207,12:18:54,3.9,100,116950
20240207,12:19:07,3.85,50,116950
20240207,12:19:23,3.85,200,116950
20240207,12:19:51,3.8,700,116950
20240207,12:20:13,3.85,150,117250
20240207,12:21:16,3.85,50,117250
20240207,12:22:19,3.85,150,117250
20240207,12:22:25,3.85,50,117250
20240207,12:22:46,3.85,150,117250
20240207,12:23:06,3.85,200,117600
20240207,12:24:05,3.9,50,117600
20240207,12:24:38,3.8,200,117600
20240207,12:24:52,3.8,100,117600
20240207,12:25:47,3.85,250,117600
20240207,12:26:42,3.85,150,118150
20240207,12:27:00,3.8,200,118150
20240207,12:27:06,3.8,500,118150
20240207,12:27:25,3.75,1400,118150
20240207,12:30:15,3.7,200,119850
20240207,12:30:32,3.75,100,119850
20240207,12:32:33,3.7,1850,120150
20240207,12:33:00,3.75,50,120150
20240207,12:33:07,3.75,950,120150
20240207,12:33:16,3.7,350,120150
20240207,12:35:06,3.6,150,120900
20240207,12:35:21,3.65,150,120900
20240207,12:35:45,3.7,1150,120900
20240207,12:35:52,3.7,4000,120900
20240207,12:35:59,3.7,600,120900
20240207,12:36:13,3.7,250,120900
20240207,12:36:20,3.65,200,120900
20240207,12:37:03,3.7,300,120900
20240207,12:37:09,3.75,300,120900
20240207,12:37:23,3.7,400,120900
20240207,12:37:37,3.75,200,120900
20240207,12:37:51,3.75,250,120900
20240207,12:38:10,3.75,50,125650
20240207,12:40:07,3.85,250,125650
20240207,12:40:27,3.8,200,125650
20240207,12:41:01,3.85,100,125800
20240207,12:42:00,3.85,300,125800
20240207,12:42:38,3.75,1500,125800
20240207,12:43:10,3.75,50,125800
20240207,12:43:21,3.75,50,125800
20240207,12:43:32,3.75,50,125800
20240207,12:44:16,3.8,150,126000
20240207,12:44:22,3.8,2850,126000
20240207,12:44:27,3.85,1000,126000
20240207,12:44:34,3.9,50,126000
20240207,12:45:08,3.95,50,126000
20240207,12:45:18,3.9,350,126000
20240207,12:45:23,3.9,250,126000
20240207,12:45:38,3.95,50,126000
20240207,12:45:44,3.9,50,126000
20240207,12:45:51,4.0,800,126000
20240207,12:46:03,3.95,250,126000
20240207,12:46:53,3.9,50,126000
20240207,12:47:25,4.05,500,127250
20240207,12:47:48,4.05,500,127250
20240207,12:48:06,4.1,500,127250
20240207,12:48:19,4.05,50,127250
20240207,12:48:47,4.15,150,127250
20240207,12:48:52,4.2,650,127250
20240207,12:49:26,4.2,200,127250
20240207,12:49:48,4.1,600,127250
20240207,12:50:05,4.1,500,128900
20240207,12:50:16,4.05,1200,128900
20240207,12:50:22,4.0,350,128900
20240207,12:50:28,4.05,450,128900
20240207,12:50:35,4.0,400,128900
20240207,12:51:14,4.0,250,128900
20240207,12:51:20,4.0,200,128900
20240207,12:51:27,4.05,50,128900
20240207,12:51:51,3.95,1000,128900
20240207,12:52:02,4.1,550,128900
20240207,12:52:08,4.1,100,128900
20240207,12:52:14,4.05,550,128900
20240207,12:52:49,4.0,300,128900
20240207,12:53:37,4.05,250,126550
20240207,12:54:20,4.05,450,126550
20240207,12:54:34,4.0,750,126550
20240207,12:54:41,4.05,350,126550
20240207,12:54:48,3.95,1200,126550
20240207,12:55:01,3.95,50,126550
20240207,12:55:30,3.95,200,126550
20240207,12:55:42,3.9,450,126550
20240207,12:55:52,3.9,1950,126550
20240207,12:56:08,3.9,50,127100
20240207,12:57:19,3.8,2000,127100
20240207,12:57:30,3.8,1000,127100
20240207,12:57:35,3.9,100,127100
20240207,12:57:52,3.85,400,127100
20240207,12:58:10,3.85,50,127100
20240207,12:58:16,3.85,50,127100
20240207,12:59:19,3.75,200,128700
20240207,12:59:46,3.75,150,128700
20240207,13:00:05,3.7,200,128700
20240207,13:00:19,3.8,200,128700
20240207,13:00:52,3.75,50,128700
20240207,13:03:43,3.75,50,128500
20240207,13:03:54,3.75,100,128500
20240207,13:04:06,3.75,100,128500
20240207,13:07:04,3.7,400,128400
20240207,13:07:35,3.75,350,128400
20240207,13:08:38,3.65,350,128400
20240207,13:09:01,3.7,50,128350
20240207,13:10:06,3.7,50,128350
20240207,13:10:36,3.65,100,128350
20240207,13:11:07,3.75,200,128050
20240207,13:12:51,3.65,100,128050
20240207,13:13:20,3.75,1600,128050
20240207,13:13:26,3.8,1600,128050
20240207,13:13:33,3.85,1450,128050
20240207,13:14:09,3.9,1050,131600
20240207,13:14:18,3.9,150,131600
20240207,13:15:19,3.9,350,131600
20240207,13:15:48,3.9,50,131600
20240207,13:16:27,4.0,700,131600
20240207,13:17:08,3.95,400,133450
20240207,13:18:07,3.85,200,133450
20240207,13:18:28,3.85,300,133450
20240207,13:20:21,3.8,2200,133850
20240207,13:20:26,3.85,600,133850
20240207,13:24:01,3.75,200,133850
20240207,13:25:42,3.7,500,133850
20240207,13:26:01,3.75,50,133850
20240207,13:26:20,3.7,50,134250
20240207,13:27:03,3.65,700,134250
20240207,13:27:42,3.65,1500,134250
20240207,13:27:51,3.7,300,134250
20240207,13:27:56,3.75,300,134250
20240207,13:28:30,3.75,550,134250
20240207,13:29:03,3.65,950,134250
20240207,13:29:24,3.7,850,135000
20240207,13:29:35,3.7,1500,135000
20240207,13:29:41,3.7,50,135000
20240207,13:30:05,3.7,100,135000
20240207,13:30:53,3.65,500,135000
20240207,13:31:05,3.65,50,135000
20240207,13:31:33,3.65,300,135000
20240207,13:31:38,3.65,1000,135000
20240207,13:32:10,3.65,50,135000
20240207,13:32:27,3.5,750,134600
20240207,13:33:03,3.55,50,134600
20240207,13:33:53,3.6,150,134600
20240207,13:34:44,3.55,500,134600
20240207,13:34:52,3.6,100,134600
20240207,13:35:08,3.7,250,134600
20240207,13:35:24,3.65,400,134850
20240207,13:35:57,3.65,50,134850
20240207,13:36:03,3.65,200,134850
20240207,13:36:10,3.7,50,134850
20240207,13:39:30,3.65,100,134700
20240207,13:41:15,3.55,50,134800
20240207,13:41:23,3.55,50,134800
20240207,13:41:31,3.55,50,134800
20240207,13:42:17,3.45,300,134800
20240207,13:42:45,3.4,300,134800
20240207,13:43:17,3.3,1350,134800
20240207,13:44:07,3.3,200,134800
20240207,13:44:16,3.25,200,134850
20240207,13:44:28,3.25,500,134850
20240207,13:44:32,3.25,50,134850
20240207,13:44:46,3.25,300,134850
20240207,13:44:59,3.35,300,134850
20240207,13:45:03,3.4,250,134850
20240207,13:45:12,3.4,150,134850
20240207,13:45:33,3.45,150,134850
20240207,13:45:45,3.5,150,134850
20240207,13:46:18,3.5,150,134850
20240207,13:46:43,3.5,50,134850
20240207,13:47:23,3.5,50,134950
20240207,13:49:19,3.45,300,134950
20240207,13:49:25,3.45,50,134950
20240207,13:50:06,3.45,50,134950
20240207,13:50:42,3.45,950,135200
20240207,13:51:00,3.45,50,135200
20240207,13:51:09,3.45,50,135200
20240207,13:51:37,3.45,150,135200
20240207,13:51:52,3.45,50,135200
20240207,13:52:11,3.4,400,135200
20240207,13:52:23,3.4,100,135200
20240207,13:52:28,3.4,250,135200
20240207,13:53:17,3.35,150,136650
20240207,13:53:24,3.35,1050,136650
20240207,13:53:49,3.35,150,136650
20240207,13:54:08,3.3,450,136650
20240207,13:54:12,3.3,300,136650
20240207,13:54:17,3.35,250,136650
20240207,13:54:21,3.35,50,136650
20240207,13:54:29,3.35,250,136650
20240207,13:54:41,3.3,1000,136650
20240207,13:54:45,3.3,150,136650
20240207,13:55:28,3.3,550,136650
20240207,13:56:00,3.35,1800,136650
20240207,13:57:09,3.3,300,138700
20240207,13:57:44,3.25,200,138700
20240207,13:58:11,3.25,250,138700
20240207,14:02:54,3.25,50,138250
20240207,14:06:05,3.25,50,138200
20240207,14:06:10,3.25,50,138200
20240207,14:07:26,3.25,50,138200
20240207,14:07:49,3.25,50,138200
20240207,14:07:56,3.25,50,138200
20240207,14:08:04,3.2,100,138200
20240207,14:08:47,3.2,100,138050
20240207,14:08:55,3.25,50,138050
20240207,14:11:33,3.25,300,138050
20240207,14:12:00,3.1,1600,138050
20240207,14:12:07,3.1,150,138050
20240207,14:12:28,3.15,50,138050
20240207,14:13:31,3.2,450,138050
20240207,14:15:18,3.2,50,139650
20240207,14:15:39,3.15,650,139650
20240207,14:15:46,3.15,50,139650
20240207,14:16:18,3.2,200,139650
20240207,14:16:25,2.9,11750,139650
20240207,14:16:56,3.0,500,139650
20240207,14:18:41,3.0,4600,148300
20240207,14:18:49,3.0,5900,148300
20240207,14:18:58,3.0,900,148300
20240207,14:20:04,3.0,2050,148300
20240207,14:20:11,3.0,50,148300
20240207,14:20:27,3.0,250,149450
20240207,14:20:45,3.0,600,149450
20240207,14:20:55,3.0,400,149450
20240207,14:21:04,3.0,1450,149450
20240207,14:21:13,3.0,550,149450
20240207,14:21:21,3.0,250,149450
20240207,14:21:28,3.0,200,149450
20240207,14:21:36,3.0,100,149450
20240207,14:21:43,3.05,4300,149450
20240207,14:22:05,3.05,800,149450
20240207,14:22:43,3.05,50,149450
20240207,14:23:11,3.0,400,149450
20240207,14:23:40,3.05,300,154350
20240207,14:24:01,3.05,100,154350
20240207,14:24:08,3.1,600,154350
20240207,14:24:41,3.05,750,154350
20240207,14:24:47,3.05,50,154350
20240207,14:25:33,3.0,350,154350
20240207,14:26:45,3.05,50,153550
20240207,14:26:52,3.05,100,153550
20240207,14:27:04,3.05,50,153550
20240207,14:27:42,3.05,50,153550
20240207,14:27:48,3.05,900,153550
20240207,14:28:15,3.05,50,153550
20240207,14:28:29,3.05,50,153550
20240207,14:28:50,3.05,50,153550
20240207,14:28:57,3.05,50,153550
20240207,14:29:11,3.05,200,153550
20240207,14:29:26,3.05,50,152450
20240207,14:29:34,3.05,750,152450
20240207,14:29:49,3.0,150,152450
20240207,14:29:56,3.0,2100,152450
20240207,14:30:04,3.0,50,152450
20240207,14:30:12,3.05,50,152450
20240207,14:30:27,2.95,450,152450
20240207,14:30:34,2.95,150,152450
20240207,14:30:40,2.9,1500,152450
20240207,14:30:48,2.95,2800,152450
20240207,14:30:55,2.9,50,152450
20240207,14:31:10,2.9,1250,152450
20240207,14:31:24,2.95,500,152450
20240207,14:31:48,2.95,50,152450
20240207,14:31:56,2.95,50,152450
20240207,14:33:00,2.9,600,153450
20240207,14:33:07,2.85,1200,153450
20240207,14:33:14,2.85,1300,153450
20240207,14:33:28,2.8,1050,153450
20240207,14:33:43,2.9,550,153450
20240207,14:33:50,2.85,200,153450
20240207,14:34:07,2.9,200,153450
20240207,14:34:31,2.85,200,153450
20240207,14:35:10,2.9,350,153450
20240207,14:35:24,2.85,500,156700
20240207,14:35:38,2.9,450,156700
20240207,14:35:52,2.85,300,156700
20240207,14:36:08,2.9,200,156700
20240207,14:36:31,2.95,150,156700
20240207,14:37:02,2.95,600,156700
20240207,14:38:03,2.95,100,156700
20240207,14:38:22,2.95,50,157700
20240207,14:38:32,2.95,100,157700
20240207,14:38:45,3.0,200,157700
20240207,14:38:53,2.9,100,157700
20240207,14:39:16,2.95,350,157700
20240207,14:39:28,2.95,50,157700
20240207,14:40:16,2.95,150,157700
20240207,14:40:22,3.0,200,157700
20240207,14:40:32,3.0,50,157700
20240207,14:40:38,3.0,200,157700
20240207,14:42:07,3.0,50,158100
20240207,14:42:22,3.0,150,158100
20240207,14:43:12,3.0,1000,158100
20240207,14:43:28,3.0,200,158100
20240207,14:44:38,2.95,100,158900
20240207,14:45:00,2.85,500,158900
20240207,14:45:42,2.85,400,158900
20240207,14:46:25,2.85,400,158900
20240207,14:46:58,2.85,650,158900
20240207,14:48:02,2.85,100,158550
20240207,14:48:16,2.85,900,158550
20240207,14:49:00,2.85,350,158550
20240207,14:49:26,2.85,150,158550
20240207,14:49:31,2.85,900,158550
20240207,14:49:52,2.8,200,158550
20240207,14:50:04,2.8,50,158550
20240207,14:50:28,2.7,1050,159850
20240207,14:50:33,2.75,200,159850
20240207,14:50:42,2.75,200,159850
20240207,14:51:19,2.75,250,159850
20240207,14:51:23,2.7,300,159850
20240207,14:51:32,2.75,100,159850
20240207,14:51:43,2.75,50,159850
20240207,14:51:48,2.8,450,159850
20240207,14:52:24,2.8,450,159850
20240207,14:52:58,2.8,50,159850
20240207,14:53:22,2.85,50,159100
20240207,14:53:39,2.85,350,159100
20240207,14:53:54,2.8,50,159100
20240207,14:54:15,2.85,300,159100
20240207,14:55:14,2.8,150,159100
20240207,14:55:19,2.85,250,159100
20240207,14:55:47,2.8,1500,159100
20240207,14:55:52,2.8,50,159100
20240207,14:55:58,2.85,300,159100
20240207,14:56:04,2.85,300,159100
20240207,14:56:40,2.85,500,158750
20240207,14:56:45,2.8,850,158750
20240207,14:57:25,2.85,1000,158750
20240207,14:57:48,2.85,50,158750
20240207,14:59:33,2.85,400,158350
20240207,14:59:44,2.75,5000,158350
20240207,15:00:02,2.8,250,158350
20240207,15:00:09,2.85,400,158350
20240207,15:00:57,2.75,1450,158350
20240207,15:01:04,2.7,400,158350
20240207,15:01:17,2.75,100,158350
20240207,15:01:23,2.7,100,158350
20240207,15:01:35,2.8,200,158350
20240207,15:01:40,2.8,100,158350
20240207,15:01:46,2.8,700,158350
20240207,15:01:51,2.8,250,158350
20240207,15:02:01,2.8,50,158350
20240207,15:02:27,2.75,400,153300
20240207,15:02:38,2.7,650,153300
20240207,15:02:47,2.7,50,153300
20240207,15:02:52,2.7,50,153300
20240207,15:03:54,2.7,50,153300
20240207,15:04:14,2.8,300,153300
20240207,15:05:00,2.75,200,153300
20240207,15:05:34,2.7,400,152700
20240207,15:06:20,2.7,200,152700
20240207,15:06:35,2.65,50,152700
20240207,15:06:46,2.65,700,152700
20240207,15:07:45,2.65,50,152700
20240207,15:07:49,2.65,100,152700
20240207,15:07:54,2.65,650,152700
20240207,15:07:58,2.65,1150,152700
20240207,15:08:20,2.65,1200,152700
20240207,15:09:07,2.65,100,151250
20240207,15:09:26,2.65,50,151250
20240207,15:10:11,2.6,900,151250
20240207,15:10:17,2.6,200,151250
20240207,15:10:23,2.6,2050,151250
20240207,15:10:41,2.65,200,151250
20240207,15:10:50,2.6,250,151250
20240207,15:11:01,2.6,50,151250
20240207,15:11:06,2.6,1650,151250
20240207,15:11:16,2.55,250,151250
20240207,15:11:26,2.55,900,149600
20240207,15:11:35,2.55,1900,149600
20240207,15:11:40,2.55,300,149600
20240207,15:11:45,2.55,50,149600
20240207,15:12:13,2.55,700,149600
20240207,15:12:52,2.55,100,149600
20240207,15:13:12,2.55,550,149600
20240207,15:13:27,2.55,200,149600
20240207,15:13:33,2.55,850,149600
20240207,15:13:42,2.55,150,149600
20240207,15:14:00,2.55,250,149600
20240207,15:14:03,2.55,1200,149600
20240207,15:14:14,2.5,50,149600
20240207,15:14:19,2.5,300,149600
20240207,15:14:22,2.6,1300,148350
20240207,15:14:26,2.6,50,148350
20240207,15:14:44,2.6,950,148350
20240207,15:14:54,2.55,100,148350
20240207,15:15:20,2.55,1850,148350
20240207,15:15:54,2.5,250,148350
20240207,15:16:00,2.5,100,148350
20240207,15:16:23,2.55,1950,148350
20240207,15:16:29,2.55,300,148350
20240207,15:16:45,2.55,50,148350
20240207,15:18:10,2.6,700,148250
20240207,15:18:22,2.55,700,148250
20240207,15:18:44,2.55,250,148250
20240207,15:18:49,2.55,150,148250
20240207,15:19:08,2.55,1700,148250
20240207,15:19:12,2.6,50,148250
20240207,15:19:34,2.65,50,148250
20240207,15:20:22,2.6,50,148250
20240207,15:20:27,2.6,50,148250
20240207,15:20:37,2.55,550,148150
20240207,15:20:46,2.6,50,148150
20240207,15:20:51,2.55,200,148150
20240207,15:21:05,2.55,50,148150
20240207,15:21:20,2.6,400,148150
20240207,15:21:29,2.6,50,148150
20240207,15:21:58,2.55,950,148150
20240207,15:22:02,2.55,1650,148150
20240207,15:22:08,2.55,200,148150
20240207,15:22:13,2.55,50,148150
20240207,15:23:07,2.55,50,148150
20240207,15:23:17,2.5,900,148150
20240207,15:23:21,2.5,750,148150
20240207,15:23:45,2.5,50,146800
20240207,15:23:50,2.5,1150,146800
20240207,15:23:59,2.5,7700,146800
20240207,15:24:05,2.5,550,146800
20240207,15:24:14,2.45,1150,146800
20240207,15:24:18,2.45,50,146800
20240207,15:24:33,2.45,100,146800
20240207,15:24:44,2.45,500,146800
20240207,15:25:05,2.45,250,146800
20240207,15:25:11,2.45,50,146800
20240207,15:25:22,2.45,300,146800
20240207,15:25:33,2.45,750,146800
20240207,15:25:45,2.4,50,146800
20240207,15:26:03,2.35,3500,146800
20240207,15:26:08,2.4,650,146800
20240207,15:26:14,2.3,23550,146800
20240207,15:26:32,2.4,500,143200
20240207,15:26:37,2.4,200,143200
20240207,15:27:01,2.4,750,143200
20240207,15:27:07,2.4,1050,143200
20240207,15:27:31,2.45,400,143200
20240207,15:27:36,2.4,150,143200
20240207,15:27:41,2.45,250,143200
20240207,15:27:46,2.4,300,143200
20240207,15:27:57,2.5,1850,143200
20240207,15:28:03,2.5,50,143200
20240207,15:28:14,2.5,600,143200
20240207,15:28:22,2.45,350,143200
20240207,15:28:33,2.5,2750,143200
20240207,15:28:41,2.5,300,143200
20240207,15:28:48,2.4,250,143200
20240207,15:28:54,2.45,100,143200
20240207,15:29:00,2.5,150,143200
20240207,15:29:09,2.5,2400,143200
20240207,15:29:17,2.4,250,143200
20240207,15:29:25,2.45,250,140850
20240207,15:29:41,2.5,750,140850
20240207,15:29:50,2.5,450,140850
20240207,15:30:00,2.45,5700,140850
20240208,09:15:08,2.5,1,139700
20240208,09:15:08,2.5,50,139700
20240208,09:15:19,2.85,250,139700
20240208,09:15:29,2.4,300,139700
20240208,09:15:38,2.35,350,139700
20240208,09:15:46,2.3,100,139700
20240208,09:16:08,2.25,50,139700
20240208,09:16:25,2.25,50,139700
20240208,09:16:49,2.25,200,139750
20240208,09:16:56,2.25,250,139750
20240208,09:17:09,2.25,250,139750
20240208,09:17:21,2.25,450,139750
20240208,09:17:31,2.25,450,139750
20240208,09:17:41,2.25,500,139750
20240208,09:19:24,2.15,200,139750
20240208,09:20:31,2.15,250,138750
20240208,09:20:43,2.15,50,138750
20240208,09:20:54,2.2,300,138750
20240208,09:21:06,2.2,1000,138750
20240208,09:21:18,2.15,2200,138750
20240208,09:21:29,2.2,750,138750
20240208,09:21:40,2.2,100,138750
20240208,09:21:51,2.2,200,138750
20240208,09:22:24,2.2,650,138750
20240208,09:22:34,2.2,400,138750
20240208,09:22:44,2.2,50,139100
20240208,09:23:04,2.15,100,139100
20240208,09:23:25,2.15,600,139100
20240208,09:23:35,2.15,1450,139100
20240208,09:24:24,2.15,1350,139100
20240208,09:24:35,2.15,1150,139100
20240208,09:24:46,2.15,250,139100
20240208,09:25:09,2.15,1850,139100
20240208,09:25:20,2.2,150,139100
20240208,09:25:40,2.1,100,139100
20240208,09:25:50,2.15,900,141250
20240208,09:26:00,2.15,500,141250
20240208,09:26:10,2.2,1450,141250
20240208,09:26:21,2.2,200,141250
20240208,09:26:30,2.15,50,141250
20240208,09:26:41,2.15,50,141250
20240208,09:27:00,2.15,350,141250
20240208,09:27:48,2.15,450,141250
20240208,09:27:58,2.15,350,141250
20240208,09:28:38,2.2,100,141250
20240208,09:29:15,2.2,900,142400
20240208,09:29:33,2.15,550,142400
20240208,09:29:43,2.25,200,142400
20240208,09:29:52,2.15,150,142400
20240208,09:30:11,2.15,450,142400
20240208,09:30:21,2.15,450,142400
20240208,09:30:49,2.2,200,142400
20240208,09:31:10,2.15,200,142400
20240208,09:31:19,2.15,850,142400
20240208,09:31:46,2.15,550,143100
20240208,09:32:21,2.2,100,143100
20240208,09:32:41,2.15,3750,143100
20240208,09:33:09,2.15,600,143100
20240208,09:33:59,2.2,50,143100
20240208,09:34:19,2.2,150,143100
20240208,09:34:28,2.2,1800,143100
20240208,09:34:38,2.2,1800,143100
20240208,09:34:47,2.2,450,146050
20240208,09:36:00,2.2,1500,146050
20240208,09:36:19,2.2,750,146050
20240208,09:36:27,2.2,650,146050
20240208,09:36:36,2.2,400,146050
20240208,09:36:46,2.2,150,146050
20240208,09:37:50,2.2,300,144250
20240208,09:37:59,2.2,50,144250
20240208,09:38:09,2.2,100,144250
20240208,09:38:19,2.2,100,144250
20240208,09:39:21,2.15,200,144250
20240208,09:39:32,2.15,2600,144250
20240208,09:39:52,2.15,1000,144250
20240208,09:40:11,2.15,400,144250
20240208,09:40:42,2.15,50,144250
20240208,09:41:41,2.2,50,143900
20240208,09:42:20,2.15,2400,143900
20240208,09:42:30,2.15,200,143900
20240208,09:42:51,2.15,250,143900
20240208,09:43:02,2.15,250,143900
20240208,09:43:12,2.15,50,143900
20240208,09:43:50,2.15,250,145950
20240208,09:44:00,2.15,350,145950
20240208,09:44:19,2.15,250,145950
20240208,09:44:38,2.2,1800,145950
20240208,09:45:15,2.2,300,145950
20240208,09:47:37,2.2,50,143750
20240208,09:47:46,2.15,250,143750
20240208,09:47:55,2.15,4000,143750
20240208,09:48:45,2.2,950,143750
20240208,09:49:05,2.2,50,143750
20240208,09:50:21,2.2,1600,143550
20240208,09:50:41,2.2,50,143550
20240208,09:50:50,2.2,50,143550
20240208,09:52:34,2.15,300,143550
20240208,09:52:48,2.15,1800,143550
20240208,09:53:25,2.15,1800,143650
20240208,09:53:57,2.15,250,143650
20240208,09:54:48,2.15,200,143650
20240208,09:54:56,2.15,100,143650
20240208,09:55:44,2.15,200,145300
20240208,09:56:03,2.2,350,145300
20240208,09:56:13,2.15,1800,145300
20240208,09:57:36,2.1,100,145300
20240208,09:58:25,2.1,400,145300
20240208,09:58:34,2.1,300,145300
20240208,09:59:30,2.1,100,146300
20240208,09:59:38,2.1,800,146300
20240208,09:59:54,2.15,3650,146300
20240208,10:00:15,2.1,850,146300
20240208,10:00:33,2.1,50,146300
20240208,10:00:42,2.1,950,146300
20240208,10:00:52,2.0,300,146300
20240208,10:01:41,2.0,200,146300
20240208,10:03:00,2.05,100,149850
20240208,10:03:25,2.1,300,149850
20240208,10:03:35,2.1,150,149850
20240208,10:04:31,2.1,50,149850
20240208,10:04:40,2.1,200,149850
20240208,10:05:00,2.1,300,149050
20240208,10:05:12,2.1,250,149050
20240208,10:05:25,2.1,150,149050
20240208,10:05:48,2.1,50,149050
20240208,10:05:58,2.1,100,149050
20240208,10:06:08,2.1,250,149050
20240208,10:06:18,2.1,50,149050
20240208,10:06:29,2.1,450,149050
20240208,10:06:56,2.1,150,149050
20240208,10:07:06,2.1,100,149050
20240208,10:07:42,2.1,1500,149050
20240208,10:07:50,2.1,1200,149050
20240208,10:08:18,2.1,500,148000
20240208,10:09:13,2.1,1750,148000
20240208,10:09:24,2.1,1700,148000
20240208,10:09:34,2.15,50,148000
20240208,10:09:44,2.15,600,148000
20240208,10:09:52,2.15,600,148000
20240208,10:10:01,2.15,200,148000
20240208,10:10:11,2.15,100,148000
20240208,10:11:40,2.15,3550,149300
20240208,10:12:54,2.15,300,149300
20240208,10:13:17,2.15,300,149300
20240208,10:13:42,2.15,150,149300
20240208,10:13:51,2.15,150,145800
20240208,10:14:00,2.15,100,145800
20240208,10:14:08,2.15,1800,145800
20240208,10:14:17,2.15,2050,145800
20240208,10:14:35,2.15,100,145800
20240208,10:15:09,2.15,900,145800
20240208,10:16:07,2.2,2750,145800
20240208,10:16:17,2.2,50,145800
20240208,10:16:26,2.2,150,145800
20240208,10:16:35,2.2,500,145800
20240208,10:17:09,2.15,750,147450
20240208,10:17:25,2.15,900,147450
20240208,10:17:33,2.15,250,147450
20240208,10:17:41,2.15,1000,147450
20240208,10:18:38,2.2,100,147450
20240208,10:19:20,2.15,50,147450
20240208,10:20:11,2.2,1100,147950
20240208,10:20:21,2.15,650,147950
20240208,10:20:29,2.2,200,147950
20240208,10:20:37,2.2,400,147950
20240208,10:20:54,2.15,100,147950
20240208,10:21:03,2.15,100,147950
20240208,10:21:52,2.15,100,147950
20240208,10:22:02,2.15,1700,147950
20240208,10:22:29,2.15,850,147950
20240208,10:22:37,2.2,100,147950
20240208,10:22:45,2.15,50,147950
20240208,10:22:54,2.15,100,151200
20240208,10:23:02,2.15,750,151200
20240208,10:23:12,2.2,600,151200
20240208,10:23:38,2.15,800,151200
20240208,10:23:53,2.15,950,151200
20240208,10:24:01,2.15,50,151200
20240208,10:24:25,2.15,300,151200
20240208,10:26:11,2.1,250,150100
20240208,10:26:21,2.1,250,150100
20240208,10:26:49,2.1,50,150100
20240208,10:26:58,2.1,50,150100
20240208,10:27:07,2.1,150,150100
20240208,10:27:18,2.1,1250,150100
20240208,10:27:27,2.1,100,150100
20240208,10:27:35,2.1,250,150100
20240208,10:27:44,2.1,50,150100
20240208,10:28:08,2.15,500,150100
20240208,10:29:06,2.1,100,150350
20240208,10:29:14,2.15,400,150350
20240208,10:29:23,2.1,200,150350
20240208,10:29:39,2.1,200,150350
20240208,10:29:55,2.1,250,150350
20240208,10:30:02,2.1,800,150350
20240208,10:30:11,2.05,1500,150350
20240208,10:30:28,2.05,350,150350
20240208,10:31:06,2.1,50,150350
20240208,10:31:42,2.05,50,150350
20240208,10:32:40,2.05,350,150950
20240208,10:32:56,2.05,150,150950
20240208,10:33:13,2.05,50,150950
20240208,10:34:17,2.05,100,150950
20240208,10:34:33,2.05,50,150950
20240208,10:34:41,2.0,250,150950
20240208,10:34:50,2.0,500,150950
20240208,10:35:07,2.05,50,151000
20240208,10:35:26,2.05,50,151000
20240208,10:37:14,2.05,100,151000
20240208,10:37:23,2.05,100,151000
20240208,10:38:18,2.05,50,151150
20240208,10:38:36,2.05,50,151150
20240208,10:38:44,2.05,50,151150
20240208,10:39:14,2.05,150,151150
20240208,10:39:46,2.05,100,151150
20240208,10:39:56,2.05,500,151150
20240208,10:40:21,2.05,400,151150
20240208,10:41:26,2.05,700,150900
20240208,10:41:36,2.05,650,150900
20240208,10:41:46,2.05,50,150900
20240208,10:41:56,2.05,700,150900
20240208,10:42:06,2.05,450,150900
20240208,10:42:17,2.1,150,150900
20240208,10:42:35,2.05,150,150900
20240208,10:42:44,2.05,50,150900
20240208,10:42:53,2.05,200,150900
20240208,10:43:24,2.1,1050,150900
20240208,10:43:44,2.1,1000,150900
20240208,10:44:23,2.1,300,153050
20240208,10:44:41,2.1,50,153050
20240208,10:44:50,2.15,150,153050
20240208,10:44:58,2.15,50,153050
20240208,10:45:17,2.1,750,153050
20240208,10:45:26,2.1,50,153050
20240208,10:45:35,2.1,650,153050
20240208,10:45:45,2.1,250,153050
20240208,10:45:55,2.1,50,153050
20240208,10:46:04,2.15,350,153050
20240208,10:46:21,2.15,1950,153050
20240208,10:47:36,2.1,1000,156000
20240208,10:47:46,2.15,250,156000
20240208,10:49:19,2.15,1800,156000
20240208,10:50:35,2.1,250,153950
20240208,10:50:52,2.1,50,153950
20240208,10:51:10,2.1,100,153950
20240208,10:51:19,2.1,1750,153950
20240208,10:51:27,2.1,50,153950
20240208,10:51:44,2.1,150,153950
20240208,10:51:53,2.1,600,153950
20240208,10:52:00,2.15,300,153950
20240208,10:52:08,2.1,50,153950
20240208,10:53:27,2.15,1750,155200
20240208,10:54:06,2.1,50,155200
20240208,10:54:28,2.1,50,155200
20240208,10:54:58,2.1,50,155200
20240208,10:55:35,2.15,50,155200
20240208,10:55:44,2.1,100,155200
20240208,10:56:16,2.15,250,153650
20240208,10:56:49,2.15,250,153650
20240208,10:57:18,2.15,50,153650
20240208,10:57:29,2.15,3900,153650
20240208,10:58:03,2.2,50,153650
20240208,10:58:15,2.2,50,153650
20240208,10:58:26,2.2,350,153650
20240208,10:58:37,2.25,4000,153650
20240208,10:58:48,2.2,950,153650
20240208,10:58:58,2.2,150,153650
20240208,10:59:09,2.2,150,157150
20240208,10:59:18,2.25,1000,157150
20240208,10:59:34,2.2,350,157150
20240208,10:59:42,2.15,1450,157150
20240208,10:59:50,2.2,200,157150
20240208,11:00:21,2.2,700,157150
20240208,11:00:32,2.2,1250,157150
20240208,11:00:44,2.2,350,157150
20240208,11:00:54,2.25,50,157150
20240208,11:01:14,2.2,250,157150
20240208,11:01:43,2.2,400,157150
20240208,11:01:53,2.2,2550,157150
20240208,11:02:02,2.2,1300,158950
20240208,11:02:32,2.2,1100,158950
20240208,11:02:52,2.25,200,158950
20240208,11:03:03,2.25,300,158950
20240208,11:03:14,2.25,1250,158950
20240208,11:03:25,2.35,3200,158950
20240208,11:03:35,2.35,50,158950
20240208,11:04:05,2.35,50,158950
20240208,11:04:14,2.25,1200,158950
20240208,11:04:24,2.25,500,158950
20240208,11:04:33,2.3,900,158950
20240208,11:04:43,2.4,550,158950
20240208,11:04:52,2.35,2400,158950
20240208,11:05:01,2.35,150,158700
20240208,11:05:09,2.3,600,158700
20240208,11:05:18,2.35,150,158700
20240208,11:05:26,2.35,350,158700
20240208,11:05:45,2.3,100,158700
20240208,11:05:55,2.3,750,158700
20240208,11:06:05,2.3,4600,158700
20240208,11:06:15,2.25,500,158700
20240208,11:06:36,2.15,100,158700
20240208,11:06:56,2.2,50,158700
20240208,11:07:16,2.25,550,158700
20240208,11:07:26,2.2,100,158700
20240208,11:07:56,2.3,100,158700
20240208,11:08:06,2.2,150,154600
20240208,11:08:25,2.3,300,154600
20240208,11:08:35,2.35,2600,154600
20240208,11:08:44,2.45,1450,154600
20240208,11:08:54,2.5,800,154600
20240208,11:09:03,2.5,550,154600
20240208,11:09:12,2.5,400,154600
20240208,11:09:22,2.5,3600,154600
20240208,11:09:41,2.6,750,154600
20240208,11:09:51,2.6,3050,154600
20240208,11:09:59,2.6,100,154600
20240208,11:10:09,2.65,6000,154600
20240208,11:10:18,2.8,3300,154600
20240208,11:10:28,2.75,3050,154600
20240208,11:10:37,2.75,4700,154600
20240208,11:10:46,2.75,3000,154600
20240208,11:11:03,2.7,1950,146250
20240208,11:11:12,2.7,3650,146250
20240208,11:11:21,2.7,1850,146250
20240208,11:11:31,2.7,1900,146250
20240208,11:11:40,2.65,350,146250
20240208,11:11:49,2.65,100,146250
20240208,11:11:59,2.6,100,146250
20240208,11:12:08,2.6,300,146250
20240208,11:12:17,2.55,50,146250
20240208,11:12:26,2.6,650,146250
20240208,11:12:35,2.6,50,146250
20240208,11:12:53,2.65,500,146250
20240208,11:13:02,2.7,350,146250
20240208,11:13:11,2.7,100,146250
20240208,11:13:20,2.7,200,146250
20240208,11:13:28,2.65,950,146250
20240208,11:14:03,2.65,350,144350
20240208,11:14:11,2.7,550,144350
20240208,11:14:45,2.7,50,144350
20240208,11:15:01,2.7,400,144350
20240208,11:15:18,2.7,1150,144350
20240208,11:15:26,2.75,350,144350
20240208,11:15:36,2.75,150,144350
20240208,11:15:44,2.75,300,144350
20240208,11:15:53,2.8,100,144350
20240208,11:16:02,2.75,100,144350
20240208,11:16:18,2.7,50,144350
20240208,11:16:26,2.75,350,144350
20240208,11:16:35,2.8,1300,144350
20240208,11:16:44,2.7,1900,144350
20240208,11:16:53,2.7,50,144350
20240208,11:17:01,2.7,2550,145700
20240208,11:17:10,2.7,350,145700
20240208,11:17:19,2.65,200,145700
20240208,11:17:28,2.65,150,145700
20240208,11:17:44,2.65,50,145700
20240208,11:17:52,2.7,900,145700
20240208,11:18:00,2.7,100,145700
20240208,11:18:24,2.7,50,145700
20240208,11:18:40,2.65,1800,145700
20240208,11:18:48,2.65,50,145700
20240208,11:18:56,2.6,250,145700
20240208,11:19:13,2.6,2100,145700
20240208,11:19:21,2.55,1000,145700
20240208,11:19:38,2.5,150,145700
20240208,11:19:47,2.5,50,145700
20240208,11:20:04,2.5,1800,145700
20240208,11:20:20,2.5,250,149500
20240208,11:20:29,2.5,1800,149500
20240208,11:20:38,2.5,200,149500
20240208,11:21:10,2.5,50,149500
20240208,11:21:19,2.45,300,149500
20240208,11:21:27,2.45,300,149500
20240208,11:21:44,2.45,50,149500
20240208,11:21:53,2.45,100,149500
20240208,11:22:00,2.45,150,149500
20240208,11:22:08,2.45,500,149500
20240208,11:22:17,2.4,600,149500
20240208,11:22:25,2.45,100,149500
20240208,11:22:34,2.4,100,149500
20240208,11:22:51,2.45,450,149500
20240208,11:22:58,2.45,1100,149500
20240208,11:23:13,2.45,150,148950
20240208,11:23:21,2.45,150,148950
20240208,11:23:45,2.45,50,148950
20240208,11:24:10,2.45,50,148950
20240208,11:24:17,2.45,1050,148950
20240208,11:25:04,2.45,50,148950
20240208,11:25:12,2.4,150,148950
20240208,11:25:47,2.35,550,148950
20240208,11:25:56,2.35,100,148950
20240208,11:26:13,2.4,250,150000
20240208,11:26:29,2.35,1250,150000
20240208,11:27:20,2.35,400,150000
20240208,11:27:29,2.3,1300,150000
20240208,11:27:37,2.3,2300,150000
20240208,11:27:56,2.25,1050,150000
20240208,11:28:05,2.25,250,150000
20240208,11:28:41,2.2,3300,150000
20240208,11:28:59,2.15,2800,150000
20240208,11:29:08,2.2,50,148900
20240208,11:29:17,2.25,2750,148900
20240208,11:29:25,2.25,650,148900
20240208,11:29:33,2.25,550,148900
20240208,11:29:58,2.25,50,148900
20240208,11:30:15,2.25,600,148900
20240208,11:30:23,2.25,50,148900
20240208,11:30:48,2.25,500,148900
20240208,11:30:56,2.2,100,148900
20240208,11:31:54,2.2,50,148900
20240208,11:32:02,2.25,50,148900
20240208,11:32:10,2.25,100,150400
20240208,11:32:26,2.25,1600,150400
20240208,11:32:50,2.3,50,150400
20240208,11:33:22,2.3,150,150400
20240208,11:34:06,2.3,2500,150400
20240208,11:34:13,2.3,450,150400
20240208,11:34:28,2.3,700,150400
20240208,11:34:35,2.3,800,150400
20240208,11:34:51,2.25,250,150400
20240208,11:34:59,2.3,3650,150400
20240208,11:35:07,2.3,200,152900
20240208,11:35:15,2.3,1300,152900
20240208,11:35:22,2.3,150,152900
20240208,11:35:30,2.3,100,152900
20240208,11:35:37,2.3,100,152900
20240208,11:35:53,2.25,250,152900
20240208,11:36:00,2.25,2650,152900
20240208,11:36:08,2.25,50,152900
20240208,11:36:15,2.25,800,152900
20240208,11:36:23,2.25,150,152900
20240208,11:36:38,2.25,50,152900
20240208,11:37:00,2.25,150,152900
20240208,11:37:16,2.25,100,152900
20240208,11:38:03,2.2,50,152900
20240208,11:39:25,2.25,1800,153100
20240208,11:40:03,2.25,50,153100
20240208,11:40:10,2.3,3500,153100
20240208,11:40:19,2.3,650,153100
20240208,11:41:55,2.3,200,155700
20240208,11:43:00,2.3,200,155700
20240208,11:43:08,2.35,200,155700
20240208,11:43:16,2.3,250,155700
20240208,11:43:24,2.3,850,155700
20240208,11:43:32,2.3,1550,155700
20240208,11:43:39,2.3,200,155700
