date,time,tick_price,volume,open_interest
20240118,10:35:55,495.8,50,50
20240118,12:58:12,504.75,50,50
20240118,13:00:35,504.75,350,50
20240119,09:28:04,616.6,1,400
20240119,09:28:04,616.6,100,400
20240119,09:32:25,612.45,100,500
20240119,11:06:14,581.85,50,500
20240119,12:12:29,581.85,50,500
20240120,09:25:35,645.0,1,450
20240120,09:25:35,645.0,50,450
20240123,09:22:49,687.0,50,500
20240123,09:32:32,675.0,50,450
20240123,13:43:19,425.55,50,450
20240123,13:45:39,408.0,50,500
20240123,14:01:48,386.0,50,500
20240123,14:02:41,388.7,600,500
20240123,14:03:22,388.7,50,1150
20240123,14:06:17,396.25,100,1150
20240123,14:12:44,380.7,150,1150
20240123,14:15:09,383.8,150,1150
20240123,14:19:31,378.85,150,1150
20240123,14:20:53,374.4,450,1150
20240123,14:21:25,369.9,50,1600
20240123,14:25:09,358.5,50,1650
20240123,14:26:25,353.05,300,1650
20240123,14:26:33,351.75,50,1650
20240123,14:26:41,353.0,50,1650
20240123,14:26:57,340.0,150,1650
20240123,14:28:03,339.85,500,1750
20240123,14:28:35,339.0,100,1750
20240123,14:28:42,341.8,100,1750
20240123,14:29:38,339.25,50,1750
20240123,14:29:49,336.1,50,1750
20240123,14:30:41,347.15,50,2150
20240123,14:31:10,349.95,200,2150
20240123,14:31:20,349.35,50,2150
20240123,14:32:01,356.25,50,2150
20240123,14:32:52,354.9,50,2150
20240123,14:33:13,349.35,400,2150
20240123,14:34:18,345.0,50,2950
20240123,14:34:34,345.95,100,2950
20240123,14:34:43,348.15,150,2950
20240123,14:34:52,351.2,100,2950
20240123,14:35:45,341.75,200,2950
20240123,14:36:26,346.0,150,3350
20240123,14:37:51,344.45,50,3350
20240123,14:38:36,341.35,50,3350
20240123,14:38:56,339.6,100,3350
20240123,14:39:10,337.75,250,3350
20240123,14:39:33,336.3,100,3700
20240123,14:40:00,333.4,50,3700
20240123,14:40:31,340.75,50,3700
20240123,14:40:42,342.05,100,3700
20240123,14:40:42,339.85,1100,3700
20240123,14:41:02,340.25,350,3700
20240123,14:41:54,343.45,50,3700
20240123,14:42:01,342.5,100,3700
20240123,14:42:58,338.05,200,5350
20240123,14:43:07,339.25,50,5350
20240123,14:44:19,334.6,100,5350
20240123,14:44:25,335.1,50,5350
20240123,14:44:37,330.0,150,5350
20240123,14:45:27,334.7,100,5350
20240123,14:45:48,333.8,50,5750
20240123,14:45:52,335.1,100,5750
20240123,14:47:12,335.2,100,5750
20240123,14:47:31,335.1,50,5750
20240123,14:48:28,340.0,250,5750
20240123,14:50:06,345.5,50,6100
20240123,14:50:16,349.0,350,6100
20240123,14:50:46,349.9,50,6100
20240123,14:51:10,354.45,50,6100
20240123,14:52:22,349.5,100,6400
20240123,14:52:30,347.7,100,6400
20240123,14:53:04,343.3,50,6400
20240123,14:53:11,344.05,550,6400
20240123,14:53:32,340.05,50,6400
20240123,14:53:56,342.75,150,6400
20240123,14:54:12,335.1,50,6400
20240123,14:54:46,339.45,100,7050
20240123,14:56:22,334.75,50,7050
20240123,14:57:01,331.9,100,7050
20240123,14:57:12,330.0,150,7050
20240123,14:57:21,329.1,50,7050
20240123,14:58:02,326.7,150,7300
20240123,14:58:36,325.25,50,7300
20240123,14:59:29,319.05,100,7300
20240123,15:00:06,325.75,100,7300
20240123,15:00:22,322.0,100,7300
20240123,15:01:55,319.05,50,7500
20240123,15:02:33,310.0,50,7500
20240123,15:03:49,306.3,800,7600
20240123,15:04:01,300.0,300,7600
20240123,15:05:06,303.4,400,7600
20240123,15:05:43,304.0,400,7600
20240123,15:05:54,310.45,50,7600
20240123,15:06:09,310.2,50,7600
20240123,15:06:13,306.3,50,7600
20240123,15:06:34,309.15,350,8000
20240123,15:07:03,309.15,50,8000
20240123,15:07:16,309.75,100,8000
20240123,15:07:23,311.0,50,8000
20240123,15:07:49,320.0,50,8000
20240123,15:08:16,320.0,50,8000
20240123,15:08:26,321.75,3650,8000
20240123,15:09:01,330.0,50,8000
20240123,15:09:10,324.1,100,8000
20240123,15:09:29,324.85,350,8000
20240123,15:09:48,323.15,50,10850
20240123,15:10:00,325.55,100,10850
20240123,15:10:34,325.55,50,10850
20240123,15:10:58,324.1,200,10850
20240123,15:11:00,319.0,3600,10850
20240123,15:11:06,323.7,100,10850
20240123,15:11:11,326.95,50,10850
20240123,15:11:13,327.65,50,10850
20240123,15:11:17,325.65,100,10850
20240123,15:11:36,326.5,100,10850
20240123,15:11:45,324.7,50,10850
20240123,15:12:10,324.85,150,10850
20240123,15:12:22,324.85,50,10850
20240123,15:12:36,320.0,200,8650
20240123,15:13:41,320.0,900,8650
20240123,15:13:54,321.6,100,8650
20240123,15:14:38,324.35,200,8650
20240123,15:14:46,324.45,50,8650
20240123,15:15:16,325.9,150,8650
20240123,15:15:25,325.75,50,8650
20240123,15:16:19,328.8,50,9450
20240123,15:16:25,329.8,100,9450
20240123,15:16:57,329.5,200,9450
20240123,15:17:11,330.35,150,9450
20240123,15:17:16,329.1,50,9450
20240123,15:17:33,331.5,150,9450
20240123,15:18:00,328.1,50,9450
20240123,15:18:44,329.95,50,9850
20240123,15:19:01,327.95,100,9850
20240123,15:19:10,328.1,100,9850
20240123,15:19:37,326.45,550,9850
20240123,15:19:47,324.0,300,9850
20240123,15:20:03,327.7,200,9850
20240123,15:20:06,328.95,200,9850
20240123,15:20:10,330.7,150,9850
20240123,15:20:11,331.15,200,9850
20240123,15:20:12,331.15,150,9850
20240123,15:20:28,335.0,100,9850
20240123,15:21:02,330.55,600,9850
20240123,15:21:18,331.1,450,9850
20240123,15:21:22,331.4,100,9850
20240123,15:21:49,334.95,100,10150
20240123,15:21:58,335.0,100,10150
20240123,15:22:06,333.2,50,10150
20240123,15:22:18,335.15,50,10150
20240123,15:22:22,332.25,50,10150
20240123,15:22:49,334.05,50,10150
20240123,15:22:59,332.8,100,10150
20240123,15:23:11,334.65,50,10150
20240123,15:23:29,332.0,100,10150
20240123,15:23:35,331.95,300,10150
20240123,15:25:03,330.8,50,10500
20240123,15:25:53,329.15,50,10500
20240123,15:26:20,331.1,50,10500
20240123,15:26:39,330.95,100,10500
20240123,15:27:01,331.2,100,10500
20240123,15:27:17,328.5,50,10500
20240123,15:27:20,328.5,300,10500
20240123,15:27:43,329.5,50,10750
20240123,15:28:46,337.95,100,10750
20240123,15:28:52,329.5,350,10750
20240123,15:29:25,310.0,150,10750
20240123,15:29:57,300.0,600,10750
20240123,15:29:59,321.85,1,11500
20240124,09:15:06,320.0,1,11500
20240124,09:15:06,320.0,50,11500
20240124,09:15:20,320.6,50,11500
20240124,09:15:37,320.6,50,11500
20240124,09:15:45,324.5,850,11500
20240124,09:15:45,318.7,850,11500
20240124,09:15:54,328.95,150,11500
20240124,09:16:03,326.05,150,11500
20240124,09:16:11,327.2,250,11500
20240124,09:16:27,327.85,650,11500
20240124,09:16:42,321.25,150,11500
20240124,09:17:08,325.0,750,11500
20240124,09:17:16,323.4,50,11500
20240124,09:17:25,321.25,50,11500
20240124,09:17:33,321.7,50,11500
20240124,09:17:55,319.85,100,11750
20240124,09:18:14,315.0,100,11750
20240124,09:18:25,311.35,100,11750
20240124,09:18:48,305.0,200,11750
20240124,09:18:59,305.0,50,11750
20240124,09:19:21,303.15,50,11750
20240124,09:20:17,301.95,150,11750
20240124,09:20:27,301.95,100,11750
20240124,09:20:48,314.25,50,11750
20240124,09:21:00,325.0,1100,11600
20240124,09:21:53,342.2,300,11600
20240124,09:22:04,352.95,400,11600
20240124,09:22:16,355.9,150,11600
20240124,09:22:38,355.95,50,11600
20240124,09:22:49,357.25,100,11600
20240124,09:23:21,357.25,50,11600
20240124,09:23:31,355.45,200,11600
20240124,09:23:42,357.5,200,11600
20240124,09:23:51,352.4,50,11600
20240124,09:24:00,362.1,100,10300
20240124,09:24:21,362.1,50,10300
20240124,09:24:23,355.95,50,10300
20240124,09:24:27,355.2,50,10300
20240124,09:24:49,356.2,100,10300
20240124,09:25:11,356.2,150,10300
20240124,09:25:43,336.05,250,10300
20240124,09:26:16,336.35,700,10300
20240124,09:27:17,343.45,100,10600
20240124,09:27:27,342.45,100,10600
20240124,09:27:37,340.5,50,10600
20240124,09:27:46,339.6,100,10600
20240124,09:27:56,342.3,150,10600
20240124,09:28:05,341.0,150,10600
20240124,09:28:15,344.3,50,10600
20240124,09:28:35,340.0,350,10600
20240124,09:28:54,344.6,50,10600
20240124,09:29:16,351.65,100,10600
20240124,09:29:35,350.15,50,10600
20240124,09:30:17,357.25,50,10450
20240124,09:30:27,356.25,100,10450
20240124,09:30:36,356.4,400,10450
20240124,09:30:55,356.2,50,10450
20240124,09:31:25,356.3,50,10450
20240124,09:31:45,362.15,100,10450
20240124,09:31:56,367.65,50,10450
20240124,09:32:08,368.45,100,10450
20240124,09:32:19,373.7,1300,10450
20240124,09:32:29,373.7,150,10450
20240124,09:32:39,371.4,50,10450
20240124,09:33:09,373.3,50,11900
20240124,09:33:20,372.15,150,11900
20240124,09:33:30,372.0,200,11900
20240124,09:33:41,371.4,250,11900
20240124,09:34:03,367.95,650,11900
20240124,09:34:36,360.9,250,11900
20240124,09:34:55,367.95,150,11900
20240124,09:35:25,368.65,200,11900
20240124,09:35:35,367.0,650,11900
20240124,09:35:45,365.8,300,11900
20240124,09:35:54,363.85,150,11900
20240124,09:36:04,367.9,200,12550
20240124,09:36:23,367.9,50,12550
20240124,09:37:29,366.85,200,12550
20240124,09:37:59,375.0,100,12550
20240124,09:38:29,378.3,150,12550
20240124,09:38:40,378.3,50,12550
20240124,09:38:50,378.0,50,12550
20240124,09:39:00,377.4,200,12450
20240124,09:39:51,381.65,50,12450
20240124,09:40:02,381.65,50,12450
20240124,09:40:25,384.0,300,12450
20240124,09:40:36,384.0,50,12450
20240124,09:40:48,380.85,400,12450
20240124,09:41:07,375.0,50,12450
20240124,09:41:18,376.3,200,12450
20240124,09:41:28,378.55,100,12450
20240124,09:41:48,376.05,100,12450
20240124,09:42:18,376.1,50,13000
20240124,09:42:28,376.05,100,13000
20240124,09:42:47,375.6,100,13000
20240124,09:43:06,376.35,100,13000
20240124,09:43:26,377.0,500,13000
20240124,09:43:35,377.2,50,13000
20240124,09:44:14,375.0,50,13000
20240124,09:44:33,375.55,100,13000
20240124,09:44:53,379.8,50,13000
20240124,09:45:14,379.8,50,12650
20240124,09:45:43,386.0,50,12650
20240124,09:45:54,388.0,50,12650
20240124,09:46:05,390.0,1400,12650
20240124,09:46:17,388.65,50,12650
20240124,09:46:39,394.45,50,12650
20240124,09:47:01,394.45,50,12650
20240124,09:47:13,394.45,150,12650
20240124,09:47:24,392.4,400,12650
20240124,09:47:36,397.55,150,12650
20240124,09:47:46,398.0,50,12650
20240124,09:48:08,398.0,100,11400
20240124,09:48:30,395.75,50,11400
20240124,09:48:58,391.5,200,11400
20240124,09:49:09,390.0,50,11400
20240124,09:49:49,387.3,150,11400
20240124,09:49:59,390.0,50,11400
20240124,09:50:19,395.65,100,11400
20240124,09:51:07,391.2,150,11100
20240124,09:51:16,388.55,200,11100
20240124,09:51:45,395.0,50,11100
20240124,09:51:55,395.65,100,11100
20240124,09:54:02,395.0,150,10850
20240124,09:54:11,396.0,50,10850
20240124,09:54:51,401.0,150,10850
20240124,09:55:02,404.75,100,10850
20240124,09:55:22,408.0,150,10850
20240124,09:55:34,412.75,500,10850
20240124,09:55:46,412.2,150,10850
20240124,09:55:58,414.75,50,10850
20240124,09:56:09,414.75,50,10850
20240124,09:56:21,416.4,250,10850
20240124,09:56:32,420.0,150,10850
20240124,09:56:43,419.1,100,10850
20240124,09:56:55,425.0,250,10850
20240124,09:57:07,426.15,50,10450
20240124,09:57:19,433.75,200,10450
20240124,09:57:43,433.75,300,10450
20240124,09:58:03,430.0,300,10450
20240124,09:58:23,430.95,250,10450
20240124,09:58:43,440.0,50,10450
20240124,09:58:55,445.0,250,10450
20240124,09:59:07,442.05,150,10450
20240124,09:59:18,441.95,250,10450
20240124,10:00:08,445.95,150,9550
20240124,10:00:19,450.0,50,9550
20240124,10:00:32,462.75,300,9550
20240124,10:00:53,462.75,100,9550
20240124,10:01:16,456.95,200,9550
20240124,10:01:28,444.7,100,9550
20240124,10:01:39,449.55,350,9550
20240124,10:01:59,455.0,850,9550
20240124,10:02:52,434.2,100,9550
20240124,10:03:03,437.5,150,9200
20240124,10:03:34,431.15,100,9200
20240124,10:03:46,418.7,1100,9200
20240124,10:03:59,411.65,750,9200
20240124,10:04:11,421.8,450,9200
20240124,10:05:07,413.7,100,9200
20240124,10:05:31,422.55,250,9200
20240124,10:05:42,425.95,200,9200
20240124,10:06:04,432.9,300,9450
20240124,10:06:15,433.65,200,9450
20240124,10:06:26,436.2,50,9450
20240124,10:07:45,438.8,150,9450
20240124,10:08:05,432.95,1000,9450
20240124,10:08:36,426.25,100,9450
20240124,10:09:19,419.95,100,8200
20240124,10:09:29,419.6,100,8200
20240124,10:09:49,420.8,100,8200
20240124,10:09:59,413.75,500,8200
20240124,10:10:10,413.7,450,8200
20240124,10:10:22,406.3,900,8200
20240124,10:10:55,414.2,150,8200
20240124,10:11:05,412.3,200,8200
20240124,10:11:28,409.85,400,8200
20240124,10:11:40,405.15,450,8200
20240124,10:11:51,401.5,900,8200
20240124,10:12:03,402.85,200,8550
20240124,10:12:14,407.95,150,8550
20240124,10:12:24,409.9,900,8550
20240124,10:12:35,402.05,100,8550
20240124,10:12:54,405.55,100,8550
20240124,10:13:04,404.5,100,8550
20240124,10:13:25,402.0,500,8550
20240124,10:14:16,406.2,100,8550
20240124,10:14:46,406.75,100,8550
20240124,10:15:16,412.95,250,8900
20240124,10:15:26,412.3,100,8900
20240124,10:15:37,423.75,150,8900
20240124,10:15:49,426.6,800,8900
20240124,10:16:00,427.65,150,8900
20240124,10:16:42,430.0,500,8900
20240124,10:17:02,430.25,550,8900
20240124,10:17:32,434.15,350,8900
20240124,10:17:53,434.7,550,8900
20240124,10:18:55,429.75,400,9000
20240124,10:19:07,432.85,100,9000
20240124,10:19:27,430.25,150,9000
20240124,10:20:44,437.35,650,9000
20240124,10:23:21,438.8,100,8200
20240124,10:24:29,439.35,50,8300
20240124,10:24:39,439.2,100,8300
20240124,10:25:28,445.45,50,8300
20240124,10:27:09,439.0,50,8250
20240124,10:27:29,445.45,250,8250
20240124,10:27:40,450.0,50,8250
20240124,10:28:04,445.85,100,8250
20240124,10:28:16,445.6,100,8250
20240124,10:28:57,443.65,100,8250
20240124,10:29:16,440.15,200,8250
20240124,10:29:44,439.25,100,8250
20240124,10:29:56,441.4,200,8250
20240124,10:30:46,437.4,450,7600
20240124,10:33:45,456.05,300,7300
20240124,10:34:05,459.2,50,7300
20240124,10:36:13,454.55,50,7600
20240124,10:37:10,456.85,250,7600
20240124,10:38:31,441.95,150,7600
20240124,10:39:20,442.15,250,7550
20240124,10:39:52,440.15,100,7550
20240124,10:40:54,435.55,50,7550
20240124,10:44:40,430.35,50,7700
20240124,10:45:03,424.45,100,7700
20240124,10:45:13,426.5,350,7650
20240124,10:45:25,410.05,100,7650
20240124,10:46:08,418.25,50,7650
20240124,10:46:28,414.95,50,7650
20240124,10:46:37,415.95,50,7650
20240124,10:46:58,413.75,50,7650
20240124,10:47:17,416.5,100,7650
20240124,10:49:24,411.3,50,8050
20240124,10:49:34,410.05,50,8050
20240124,10:50:44,422.4,50,8050
20240124,10:51:14,414.65,400,8050
20240124,10:51:24,419.9,150,8050
20240124,10:51:45,421.3,100,8050
20240124,10:52:33,419.0,50,8050
20240124,10:53:32,413.9,350,8050
20240124,10:54:01,421.9,50,8050
20240124,10:54:32,427.75,50,8150
20240124,10:55:45,431.65,50,8150
20240124,10:56:26,430.65,50,8150
20240124,10:57:05,426.45,100,8000
20240124,10:59:03,422.5,200,8000
20240124,10:59:13,425.75,200,8000
20240124,10:59:22,427.05,500,8000
20240124,11:00:50,429.1,100,7850
20240124,11:03:20,430.0,100,7900
20240124,11:06:33,433.75,50,7900
20240124,11:08:48,422.45,150,7900
20240124,11:09:07,420.75,150,7900
20240124,11:09:35,417.65,50,7950
20240124,11:10:13,417.5,550,7950
20240124,11:13:37,422.3,200,8150
20240124,11:14:53,421.65,150,8150
20240124,11:24:26,414.5,150,7950
20240124,11:25:59,403.2,100,7950
20240124,11:26:32,386.4,750,7950
20240124,11:28:02,377.85,100,8100
20240124,11:28:13,378.75,100,8100
20240124,11:28:23,380.25,100,8100
20240124,11:29:11,375.2,50,8100
20240124,11:29:22,370.65,50,8100
20240124,11:29:55,367.15,500,8100
20240124,11:30:06,367.6,50,8100
20240124,11:30:16,363.1,100,8600
20240124,11:30:27,358.05,550,8600
20240124,11:30:39,357.05,900,8600
20240124,11:30:51,353.2,900,8600
20240124,11:31:02,351.95,500,8600
20240124,11:31:14,349.55,750,8600
20240124,11:31:39,348.0,50,8600
20240124,11:31:51,346.0,50,8600
20240124,11:32:02,340.55,200,8600
20240124,11:32:14,339.45,250,8600
20240124,11:32:25,336.0,200,8600
20240124,11:32:37,332.8,450,8600
20240124,11:32:48,334.0,250,8600
20240124,11:33:09,328.95,400,8600
20240124,11:33:20,341.25,100,9550
20240124,11:33:31,343.0,250,9550
20240124,11:33:41,343.7,100,9550
20240124,11:33:51,340.25,500,9550
20240124,11:34:01,349.05,50,9550
20240124,11:34:12,355.95,400,9550
20240124,11:34:23,353.8,50,9550
20240124,11:34:34,349.0,200,9550
20240124,11:34:44,354.55,300,9550
20240124,11:34:54,352.65,100,9550
20240124,11:36:06,375.0,50,9550
20240124,11:36:18,376.85,600,9450
20240124,11:36:42,378.5,400,9450
20240124,11:36:54,393.55,200,9450
20240124,11:37:06,384.1,150,9450
20240124,11:37:17,377.65,50,9450
20240124,11:37:28,383.7,200,9450
20240124,11:37:48,383.75,150,9450
20240124,11:38:18,381.05,50,9450
20240124,11:38:30,377.0,150,9450
20240124,11:38:40,377.45,50,9450
20240124,11:40:32,372.4,300,9400
20240124,11:41:55,372.95,150,9400
20240124,11:42:05,370.0,500,9400
20240124,11:42:26,378.1,350,9800
20240124,11:42:46,380.0,100,9800
20240124,11:42:57,380.0,100,9800
20240124,11:43:07,377.45,300,9800
20240124,11:45:09,383.35,200,9800
20240124,11:45:29,377.3,50,10050
20240124,11:46:08,373.05,600,10050
20240124,11:46:18,372.55,300,10050
20240124,11:46:27,377.2,100,10050
20240124,11:47:25,373.85,50,10050
20240124,11:47:35,374.85,100,10050
20240124,11:47:54,372.9,100,10050
20240124,11:48:04,373.55,100,10050
20240124,11:48:13,373.7,100,9900
20240124,11:48:23,373.65,150,9900
20240124,11:48:42,371.55,50,9900
20240124,11:49:02,369.1,50,9900
20240124,11:49:11,371.0,50,9900
20240124,11:49:30,368.2,300,9900
20240124,11:49:50,370.85,50,9900
20240124,11:49:59,371.9,50,9900
20240124,11:50:09,374.3,300,9900
20240124,11:50:20,373.75,50,9900
20240124,11:50:57,368.75,50,9900
20240124,11:51:07,370.05,50,9900
20240124,11:53:37,369.5,50,10000
20240124,11:53:46,372.4,50,10000
20240124,11:54:24,373.7,150,9950
20240124,11:55:13,375.4,50,9950
20240124,11:55:22,377.65,50,9950
20240124,11:56:00,376.8,300,9950
20240124,11:56:48,373.75,50,9950
20240124,11:57:33,372.25,50,9900
20240124,11:58:34,362.4,50,9900
20240124,11:59:21,371.15,50,9900
20240124,12:00:08,366.7,100,9900
20240124,12:00:35,365.85,100,9750
20240124,12:00:53,362.4,50,9750
20240124,12:01:22,369.35,50,9750
20240124,12:02:55,362.85,50,9750
20240124,12:03:23,360.95,50,9800
20240124,12:03:54,357.3,350,9800
20240124,12:04:26,351.05,50,9800
20240124,12:04:36,349.2,650,9800
20240124,12:04:47,348.2,100,9800
20240124,12:04:57,349.6,500,9800
20240124,12:05:07,347.0,100,9800
20240124,12:05:17,346.1,50,9800
20240124,12:05:28,347.55,50,9800
20240124,12:05:38,343.85,50,9800
20240124,12:05:57,344.8,100,9800
20240124,12:06:07,342.6,700,9800
20240124,12:06:17,347.45,50,11050
20240124,12:06:30,354.2,700,11050
20240124,12:06:41,353.3,1000,11050
20240124,12:06:52,350.3,100,11050
20240124,12:07:58,347.05,100,11050
20240124,12:09:11,348.1,50,11050
20240124,12:09:29,351.0,250,12250
20240124,12:09:49,348.05,350,12250
20240124,12:09:58,349.75,50,12250
20240124,12:10:07,350.25,50,12250
20240124,12:10:26,353.7,50,12250
20240124,12:10:46,353.9,200,12250
20240124,12:11:05,353.75,50,12250
20240124,12:11:14,355.75,50,12250
20240124,12:12:00,355.2,300,12250
20240124,12:12:19,355.2,100,12400
20240124,12:12:46,348.3,50,12400
20240124,12:13:05,348.1,750,12400
20240124,12:13:25,344.75,350,12400
20240124,12:13:34,344.7,300,12400
20240124,12:13:44,345.55,50,12400
20240124,12:13:53,344.4,50,12400
20240124,12:14:02,344.7,250,12400
20240124,12:14:11,345.75,150,12400
20240124,12:14:20,347.65,50,12400
20240124,12:14:39,350.45,50,12400
20240124,12:14:49,349.4,50,12400
20240124,12:15:07,350.3,50,12400
20240124,12:15:24,352.4,300,12500
20240124,12:16:20,356.95,50,12500
20240124,12:16:29,356.35,50,12500
20240124,12:16:39,356.4,50,12500
20240124,12:16:48,355.95,50,12500
20240124,12:17:07,354.1,200,12500
20240124,12:17:25,354.85,100,12500
20240124,12:17:35,356.4,50,12500
20240124,12:17:44,355.95,100,12500
20240124,12:17:56,358.5,50,12500
20240124,12:18:08,358.95,200,12500
20240124,12:18:28,357.45,50,12450
20240124,12:18:38,357.6,50,12450
20240124,12:19:16,356.1,50,12450
20240124,12:19:26,363.0,550,12450
20240124,12:19:38,365.95,100,12450
20240124,12:20:12,371.4,400,12450
20240124,12:20:32,363.6,100,12450
20240124,12:20:42,361.3,300,12450
20240124,12:20:52,362.35,50,12450
20240124,12:21:02,365.85,200,12450
20240124,12:21:12,364.15,800,12450
20240124,12:21:31,360.85,300,11900
20240124,12:21:41,362.55,150,11900
20240124,12:21:51,357.1,200,11900
20240124,12:22:00,357.0,150,11900
20240124,12:22:11,355.7,850,11900
20240124,12:22:20,353.85,450,11900
20240124,12:22:31,351.1,200,11900
20240124,12:22:40,354.05,200,11900
20240124,12:22:49,352.95,150,11900
20240124,12:22:59,354.05,50,11900
20240124,12:23:08,351.5,500,11900
20240124,12:23:18,354.15,100,11900
20240124,12:23:36,354.15,300,11900
20240124,12:24:04,352.8,150,11900
20240124,12:24:40,350.85,50,14200
20240124,12:24:51,346.65,50,14200
20240124,12:25:01,346.05,150,14200
20240124,12:25:11,347.0,50,14200
20240124,12:25:20,346.55,50,14200
20240124,12:25:29,344.9,50,14200
20240124,12:25:48,344.6,50,14200
20240124,12:26:07,344.25,250,14200
20240124,12:26:27,346.4,50,14200
20240124,12:26:54,342.7,100,14200
20240124,12:27:03,343.3,400,14200
20240124,12:27:13,345.6,300,14200
20240124,12:27:32,348.85,100,14200
20240124,12:27:41,345.65,100,14200
20240124,12:27:52,340.0,850,14200
20240124,12:28:04,337.05,800,14200
20240124,12:28:15,337.3,100,14200
20240124,12:28:37,331.95,850,14200
20240124,12:28:49,332.1,50,14200
20240124,12:29:11,344.15,500,14200
20240124,12:29:22,341.8,50,14200
20240124,12:29:52,348.6,200,14200
20240124,12:30:02,351.4,1150,14200
20240124,12:30:24,345.5,350,15450
20240124,12:30:34,345.0,950,15450
20240124,12:30:44,345.2,100,15450
20240124,12:31:12,348.1,50,15450
20240124,12:31:31,344.1,50,15450
20240124,12:31:50,342.2,50,15450
20240124,12:31:59,344.7,50,15450
20240124,12:32:09,341.0,200,15450
20240124,12:32:19,340.0,50,15450
20240124,12:32:28,341.4,150,15450
20240124,12:32:37,342.0,300,15450
20240124,12:32:46,340.0,100,15450
20240124,12:32:56,341.6,150,15450
20240124,12:33:15,336.05,50,15450
20240124,12:33:35,335.8,200,16300
20240124,12:33:45,334.85,50,16300
20240124,12:33:54,333.95,250,16300
20240124,12:34:04,332.95,100,16300
20240124,12:34:14,334.65,150,16300
20240124,12:34:23,334.75,650,16300
20240124,12:34:33,331.9,50,16300
20240124,12:34:42,334.0,100,16300
20240124,12:34:52,333.3,800,16300
20240124,12:35:01,339.65,50,16300
20240124,12:35:11,338.6,50,16300
20240124,12:35:21,337.35,1400,16300
20240124,12:35:30,334.55,100,16300
20240124,12:35:40,337.5,50,16300
20240124,12:35:58,338.3,300,16300
20240124,12:36:17,340.65,50,16300
20240124,12:36:26,337.2,150,18150
20240124,12:36:57,332.25,150,18150
20240124,12:37:25,335.55,50,18150
20240124,12:38:03,335.75,150,18150
20240124,12:39:07,333.85,100,18150
20240124,12:39:25,332.8,150,18100
20240124,12:39:53,332.35,50,18100
20240124,12:40:03,327.05,200,18100
20240124,12:40:43,336.05,250,18100
20240124,12:41:02,335.3,200,18100
20240124,12:41:11,335.95,100,18100
20240124,12:41:20,335.0,350,18100
20240124,12:41:29,333.85,1000,18100
20240124,12:41:48,332.45,150,18100
20240124,12:41:57,333.75,50,18100
20240124,12:42:06,334.55,50,18100
20240124,12:42:25,335.35,100,17700
20240124,12:42:34,338.75,100,17700
20240124,12:43:01,340.0,50,17700
20240124,12:43:12,340.9,350,17700
20240124,12:43:31,343.1,50,17700
20240124,12:43:50,343.1,50,17700
20240124,12:44:09,340.35,100,17700
20240124,12:44:18,338.05,100,17700
20240124,12:44:27,340.75,200,17700
20240124,12:44:36,339.15,350,17700
20240124,12:45:05,339.35,750,17700
20240124,12:45:24,340.3,50,17700
20240124,12:46:02,345.9,100,17650
20240124,12:46:32,351.1,250,17650
20240124,12:46:45,347.25,150,17650
20240124,12:47:04,347.25,50,17650
20240124,12:47:22,349.65,50,17650
20240124,12:47:33,351.1,50,17650
20240124,12:47:42,352.55,300,17650
20240124,12:48:10,352.6,50,17650
20240124,12:48:20,353.7,350,17650
20240124,12:48:40,347.45,250,18000
20240124,12:49:08,345.2,50,18000
20240124,12:49:18,349.1,100,18000
20240124,12:49:36,354.5,50,18000
20240124,12:49:49,357.4,100,18000
20240124,12:50:01,357.3,250,18000
20240124,12:50:11,357.25,50,18000
20240124,12:50:21,355.6,50,18000
20240124,12:50:30,360.0,50,18000
20240124,12:50:40,361.65,100,18000
20240124,12:50:50,360.5,450,18000
20240124,12:51:00,364.4,100,18000
20240124,12:51:10,363.2,100,18000
20240124,12:51:31,364.7,500,17650
20240124,12:51:42,366.85,50,17650
20240124,12:51:52,366.7,50,17650
20240124,12:52:02,368.5,50,17650
20240124,12:52:23,363.0,200,17650
20240124,12:52:34,368.35,200,17650
20240124,12:52:44,365.95,200,17650
20240124,12:53:14,365.75,400,17650
20240124,12:53:43,363.95,50,17650
20240124,12:54:03,363.5,50,17650
20240124,12:54:13,361.7,350,17650
20240124,12:54:22,360.0,150,17650
20240124,12:54:32,358.35,100,17400
20240124,12:54:42,355.4,550,17400
20240124,12:54:52,358.85,50,17400
20240124,12:55:32,366.65,150,17400
20240124,12:56:28,369.55,150,17400
20240124,12:56:38,367.9,50,17400
20240124,12:58:19,371.3,50,17400
20240124,12:58:31,376.0,650,17400
20240124,12:58:41,374.95,50,17400
20240124,12:58:51,373.4,50,17400
20240124,12:59:01,373.4,50,17400
20240124,12:59:20,369.1,50,17400
20240124,13:00:10,377.15,150,17400
20240124,13:00:21,377.4,200,17400
20240124,13:00:42,382.0,450,16850
20240124,13:00:54,385.05,50,16850
20240124,13:01:07,390.0,100,16850
20240124,13:01:18,395.95,250,16850
20240124,13:01:30,392.25,300,16850
20240124,13:01:41,394.45,650,16850
20240124,13:02:24,388.9,50,16850
20240124,13:03:04,397.0,300,16850
20240124,13:03:14,396.1,100,16850
20240124,13:03:24,398.1,150,16850
20240124,13:04:05,398.4,100,16500
20240124,13:05:16,400.15,50,16500
20240124,13:05:49,388.3,50,16500
20240124,13:06:10,383.95,250,16500
20240124,13:06:21,385.0,150,16500
20240124,13:06:31,386.85,50,16550
20240124,13:07:02,398.7,50,16550
20240124,13:07:13,398.5,50,16550
20240124,13:07:55,388.1,1000,16550
20240124,13:08:05,389.1,250,16550
20240124,13:08:24,388.1,50,16550
20240124,13:08:35,389.9,50,16550
20240124,13:09:22,387.5,100,16550
20240124,13:09:44,382.35,650,17500
20240124,13:10:13,382.45,100,17500
20240124,13:10:31,383.0,250,17500
20240124,13:10:52,394.0,150,17500
20240124,13:11:43,379.15,200,17500
20240124,13:11:53,378.2,100,17500
20240124,13:12:03,378.15,1100,17500
20240124,13:12:12,383.95,100,17500
20240124,13:12:21,383.0,150,17500
20240124,13:12:51,385.0,50,16800
20240124,13:13:00,383.3,50,16800
20240124,13:13:18,380.95,450,16800
20240124,13:13:27,382.35,50,16800
20240124,13:13:37,382.7,250,16800
20240124,13:13:47,380.95,250,16800
20240124,13:13:57,381.05,100,16800
20240124,13:15:10,383.95,50,16800
20240124,13:17:58,379.85,50,16850
20240124,13:18:46,385.2,300,16850
20240124,13:18:57,391.25,150,16850
20240124,13:19:28,395.0,300,16850
20240124,13:19:39,400.0,1500,16850
20240124,13:19:49,396.05,50,16850
20240124,13:19:59,399.6,1500,16850
20240124,13:20:11,395.25,50,16850
20240124,13:21:14,393.0,150,16850
20240124,13:21:25,396.75,300,16850
20240124,13:21:57,391.35,50,18000
20240124,13:22:06,393.5,50,18000
20240124,13:22:56,393.95,500,18000
20240124,13:23:06,388.1,100,18000
20240124,13:23:25,386.85,200,18000
20240124,13:23:44,385.65,50,18000
20240124,13:24:13,389.85,50,18000
20240124,13:24:22,388.15,1000,18000
20240124,13:24:31,385.65,150,19100
20240124,13:28:01,388.5,500,19200
20240124,13:28:20,388.0,200,19200
20240124,13:28:30,384.95,50,19200
20240124,13:28:57,387.25,50,19200
20240124,13:30:28,386.0,150,19750
20240124,13:31:13,385.65,250,19750
20240124,13:31:31,379.0,400,19750
20240124,13:32:00,376.0,50,19750
20240124,13:32:20,378.0,100,19750
20240124,13:34:19,374.35,50,19800
20240124,13:34:42,371.45,150,19800
20240124,13:34:54,374.35,550,19800
20240124,13:35:22,379.8,200,19800
20240124,13:35:32,375.15,50,19800
20240124,13:35:50,372.7,50,19800
20240124,13:35:59,377.05,50,19800
20240124,13:36:47,375.05,50,19500
20240124,13:36:56,376.35,250,19500
20240124,13:38:56,389.1,50,19500
20240124,13:39:25,384.0,200,19500
20240124,13:40:11,384.85,50,19750
20240124,13:40:20,387.0,150,19750
20240124,13:42:09,385.8,350,19750
20240124,13:42:37,378.15,50,19900
20240124,13:43:25,375.45,50,19900
20240124,13:44:49,380.0,250,19900
20240124,13:46:03,387.0,350,19950
20240124,13:46:22,384.7,150,19950
20240124,13:49:18,387.3,50,19600
20240124,13:52:31,382.3,50,19550
20240124,13:55:19,381.9,50,19550
20240124,13:55:28,383.85,50,19550
20240124,13:55:37,383.85,50,19550
20240124,13:56:04,384.85,50,19550
20240124,13:56:40,388.6,50,19550
20240124,13:57:08,389.9,350,19550
20240124,13:59:38,391.3,550,19650
20240124,13:59:50,390.7,50,19650
20240124,14:01:09,397.95,50,19600
20240124,14:01:19,394.3,50,19600
20240124,14:01:47,401.0,550,19600
20240124,14:01:57,401.1,300,19600
20240124,14:03:41,402.85,100,19150
20240124,14:04:29,402.0,1000,19150
20240124,14:04:38,404.25,300,19150
20240124,14:04:59,408.45,300,19150
20240124,14:05:09,405.9,400,19150
20240124,14:05:20,405.9,1000,19150
20240124,14:05:44,416.55,200,19150
20240124,14:05:55,414.5,150,19150
20240124,14:06:47,414.0,300,16900
20240124,14:07:07,413.45,100,16900
20240124,14:07:17,411.45,50,16900
20240124,14:07:35,413.65,350,16900
20240124,14:08:12,405.15,1800,16900
20240124,14:08:23,405.1,100,16900
20240124,14:08:33,401.05,50,16900
20240124,14:11:11,396.0,300,16050
20240124,14:11:29,394.1,50,16050
20240124,14:14:10,406.25,300,16000
20240124,14:15:33,408.8,50,16000
20240124,14:18:40,406.6,200,16050
20240124,14:22:02,421.15,50,15950
20240124,14:22:23,417.0,350,15950
20240124,14:25:02,413.95,450,15950
20240124,14:26:18,414.8,200,15950
20240124,14:29:40,428.95,350,15750
20240124,14:30:20,427.0,50,15750
20240124,14:30:41,435.0,600,15750
20240124,14:31:37,435.95,50,15750
20240124,14:31:48,433.25,50,15750
20240124,14:31:57,431.45,50,15750
20240124,14:33:52,435.4,50,15150
20240124,14:34:01,428.15,150,15150
20240124,14:34:19,433.0,250,15150
20240124,14:35:59,440.0,50,15150
20240124,14:36:11,440.45,50,15150
20240124,14:36:33,435.6,50,15150
20240124,14:37:20,437.4,50,15200
20240124,14:38:11,437.9,100,15200
20240124,14:38:42,426.3,50,15200
20240124,14:40:08,438.45,100,15050
20240124,14:40:37,441.15,50,15050
20240124,14:40:47,444.0,50,15050
20240124,14:41:32,450.0,50,15050
20240124,14:41:43,450.0,1550,15050
20240124,14:41:53,452.0,50,15050
20240124,14:42:37,447.35,100,15050
20240124,14:42:56,455.0,1200,13400
20240124,14:43:06,455.0,1350,13400
20240124,14:43:28,460.0,50,13400
20240124,14:43:40,461.7,200,13400
20240124,14:44:13,454.95,50,13400
20240124,14:45:12,461.75,400,13400
20240124,14:47:45,450.2,50,11300
20240124,14:48:23,447.25,50,11300
20240124,14:48:54,432.35,50,11300
20240124,14:50:19,448.6,100,11300
20240124,14:50:29,451.7,50,11300
20240124,14:50:59,452.95,450,11300
20240124,14:52:29,454.95,50,10950
20240124,14:52:51,452.1,150,10950
20240124,14:53:10,449.65,50,10950
20240124,14:54:07,454.2,50,10950
20240124,14:56:24,454.2,50,10750
20240124,14:58:57,465.65,50,10700
20240124,14:59:07,465.65,50,10700
20240124,14:59:29,459.9,50,10700
20240124,14:59:59,470.0,500,10700
20240124,15:00:11,468.55,50,10700
20240124,15:02:40,463.65,50,10950
20240124,15:03:03,448.0,100,10950
20240124,15:04:21,443.75,50,10900
20240124,15:05:43,453.15,50,10900
20240124,15:05:53,455.2,150,10900
20240124,15:07:51,449.7,100,11100
20240124,15:08:41,454.15,100,11100
20240124,15:09:00,451.5,50,11100
20240124,15:10:38,451.35,100,11200
20240124,15:10:58,455.95,100,11200
20240124,15:11:45,455.95,50,11200
20240124,15:13:56,457.35,350,11150
20240124,15:16:58,469.35,200,11100
20240124,15:18:34,471.15,50,11100
20240124,15:19:02,471.55,50,11000
20240124,15:19:11,471.65,100,11000
20240124,15:19:51,472.95,400,11000
20240124,15:20:02,470.35,100,11000
20240124,15:20:13,473.0,250,11000
20240124,15:20:23,473.5,250,11000
20240124,15:20:32,473.6,950,11000
20240124,15:20:41,470.15,450,11000
20240124,15:20:50,470.7,950,11000
20240124,15:20:59,469.5,550,11000
20240124,15:21:10,469.75,350,11000
20240124,15:21:55,466.85,50,8450
20240124,15:22:23,468.8,150,8450
20240124,15:23:09,467.45,50,8450
20240124,15:23:28,466.6,50,8450
20240124,15:23:46,467.3,50,8450
20240124,15:24:05,464.7,150,8450
20240124,15:24:16,463.15,900,8450
20240124,15:25:01,461.3,200,8600
20240124,15:25:29,462.75,50,8600
20240124,15:27:23,471.5,850,8600
20240124,15:28:03,472.05,100,8650
20240124,15:28:21,470.4,50,8650
20240124,15:29:25,466.05,50,8650
20240124,15:29:56,466.0,100,8650
20240125,09:19:59,434.0,1,8400
20240125,09:19:59,414.0,1,8400
20240125,09:19:59,414.2,850,8400
20240125,09:20:10,421.3,100,8400
20240125,09:20:48,423.25,50,8400
20240125,09:21:16,421.85,100,8450
20240125,09:22:23,418.65,50,8450
20240125,09:23:52,400.0,200,8450
20240125,09:24:46,400.0,50,8500
20240125,09:25:08,400.0,50,8500
20240125,09:25:38,398.2,50,8500
20240125,09:25:57,398.2,50,8500
20240125,09:26:17,404.25,50,8500
20240125,09:27:40,411.1,250,8500
20240125,09:29:07,433.6,250,8500
20240125,09:35:35,408.4,50,8750
20240125,09:36:23,408.5,250,8750
20240125,09:49:34,413.8,50,8500
20240125,09:54:25,399.4,300,8450
20240125,09:55:29,403.0,50,8450
20240125,09:55:40,404.25,50,8450
20240125,09:56:01,404.2,100,8450
20240125,09:59:18,406.05,300,8600
20240125,10:01:09,401.0,50,8450
20240125,10:02:31,394.7,400,8450
20240125,10:03:01,394.7,50,8450
20240125,10:03:21,400.9,50,8700
20240125,10:06:02,406.55,400,8700
20240125,10:06:12,404.65,50,8700
20240125,10:08:01,405.6,150,8800
20240125,10:08:30,406.2,200,8800
20240125,10:09:01,402.15,50,8800
20240125,10:13:18,396.9,50,9150
20240125,10:14:28,400.05,350,9150
20240125,10:16:40,389.0,50,9550
20240125,10:17:48,380.95,100,9550
20240125,10:18:34,380.95,250,9600
20240125,10:20:22,375.0,150,9600
20240125,10:21:22,367.8,550,9850
20240125,10:21:34,364.7,50,9850
20240125,10:21:55,364.7,50,9850
20240125,10:22:37,373.15,150,9850
20240125,10:22:48,368.4,100,9850
20240125,10:22:58,368.0,100,9850
20240125,10:23:09,365.3,250,9850
20240125,10:23:19,366.8,100,9850
20240125,10:23:43,363.0,250,9850
20240125,10:23:55,365.0,50,9850
20240125,10:24:07,369.45,50,9850
20240125,10:24:28,367.85,200,10800
20240125,10:24:38,368.0,150,10800
20240125,10:24:47,369.6,250,10800
20240125,10:25:19,366.0,100,10800
20240125,10:25:24,367.35,300,10800
20240125,10:25:48,369.55,50,10800
20240125,10:25:53,371.8,50,10800
20240125,10:26:09,375.8,50,10800
20240125,10:26:12,374.35,100,10800
20240125,10:26:17,372.95,100,10800
20240125,10:26:35,373.35,50,10800
20240125,10:26:55,373.35,50,10800
20240125,10:27:45,374.35,50,10900
20240125,10:27:54,374.3,50,10900
20240125,10:28:45,379.15,50,10900
20240125,10:28:55,375.0,50,10900
20240125,10:29:38,379.4,300,10900
20240125,10:30:20,380.5,100,11000
20240125,10:31:02,372.95,300,11000
20240125,10:32:42,383.35,250,11000
20240125,10:33:03,386.0,50,11000
20240125,10:33:44,376.15,200,11150
20240125,10:34:34,379.0,250,11150
20240125,10:35:15,373.0,50,11150
20240125,10:36:05,369.95,200,11150
20240125,10:37:05,369.0,200,11250
20240125,10:38:13,377.15,50,11250
20240125,10:39:48,379.4,50,11500
20240125,10:40:07,380.25,400,11500
20240125,10:41:30,383.0,50,11500
20240125,10:43:10,372.45,50,11250
20240125,10:43:24,375.75,50,11250
20240125,10:43:30,371.45,50,11250
20240125,10:44:01,369.6,50,11250
20240125,10:46:25,372.7,100,11300
20240125,10:47:18,376.2,300,11300
20240125,10:47:19,376.3,500,11300
20240125,10:48:08,374.25,50,11300
20240125,10:48:27,372.7,50,11550
20240125,10:50:34,374.0,200,11550
20240125,10:51:02,371.9,50,11550
20240125,10:51:26,369.0,50,11850
20240125,10:52:17,370.2,600,11850
20240125,10:52:22,374.25,50,11850
20240125,10:52:26,371.5,50,11850
20240125,10:53:24,365.0,100,11850
20240125,10:53:35,363.85,50,11850
20240125,10:53:46,366.65,100,11850
20240125,10:53:56,365.35,550,11850
20240125,10:54:16,363.15,50,11850
20240125,10:54:43,358.15,100,13100
20240125,10:55:07,350.0,100,13100
20240125,10:55:10,348.7,50,13100
20240125,10:55:13,348.7,400,13100
20240125,10:55:15,354.4,50,13100
20240125,10:55:23,350.3,50,13100
20240125,10:55:48,353.9,50,13100
20240125,10:56:00,351.6,300,13100
20240125,10:56:12,348.0,100,13100
20240125,10:56:23,349.1,150,13100
20240125,10:56:34,349.85,50,13100
20240125,10:56:55,351.6,50,13100
20240125,10:57:04,349.25,200,13100
20240125,10:57:35,350.65,50,13550
20240125,10:58:25,348.0,150,13550
20240125,10:59:05,350.05,100,13550
20240125,10:59:37,350.0,50,13550
20240125,10:59:47,347.3,1650,13550
20240125,10:59:58,349.25,1450,13550
20240125,11:00:08,348.35,8450,13550
20240125,11:00:18,352.0,50,13550
20240125,11:00:35,350.15,100,17600
20240125,11:00:39,348.0,50,17600
20240125,11:01:07,351.65,250,17600
20240125,11:01:12,352.55,200,17600
20240125,11:01:20,351.85,50,17600
20240125,11:01:21,350.6,50,17600
20240125,11:01:29,350.0,50,17600
20240125,11:01:40,348.0,50,17600
20240125,11:01:52,348.0,50,17600
20240125,11:02:02,349.05,600,17600
20240125,11:02:13,347.55,50,17600
20240125,11:02:24,348.45,250,17600
20240125,11:02:56,350.55,700,17600
20240125,11:03:06,352.0,50,17600
20240125,11:03:16,354.2,500,17600
20240125,11:03:27,359.25,400,18300
20240125,11:03:39,354.85,50,18300
20240125,11:03:51,356.9,400,18300
20240125,11:04:12,355.7,1300,18300
20240125,11:04:43,350.25,100,18300
20240125,11:04:53,350.55,150,18300
20240125,11:05:04,350.25,100,18300
20240125,11:05:13,350.0,1450,18300
20240125,11:05:23,353.1,200,18300
20240125,11:05:33,350.0,100,18300
20240125,11:05:52,353.35,50,18300
20240125,11:06:02,354.15,50,18300
20240125,11:06:12,355.3,600,18300
20240125,11:06:41,355.0,1400,21050
20240125,11:06:50,356.4,50,21050
20240125,11:07:09,357.45,1250,21050
20240125,11:07:29,355.85,350,21050
20240125,11:08:07,355.85,50,21050
20240125,11:08:16,357.0,500,21050
20240125,11:08:45,357.65,100,21050
20240125,11:09:04,356.75,50,21050
20240125,11:09:33,357.0,50,22400
20240125,11:09:52,356.0,1000,22400
20240125,11:11:10,362.0,50,22400
20240125,11:11:20,361.0,50,22400
20240125,11:11:40,359.7,100,22400
20240125,11:11:50,363.0,150,22400
20240125,11:12:40,362.75,400,23400
20240125,11:13:24,361.9,50,23400
20240125,11:13:25,360.35,100,23400
20240125,11:13:29,360.15,50,23400
20240125,11:13:54,356.6,50,23400
20240125,11:14:09,354.6,50,23400
20240125,11:14:22,357.0,100,23400
20240125,11:15:37,355.8,200,23050
20240125,11:16:07,359.95,100,23050
20240125,11:17:27,363.7,200,23050
20240125,11:17:56,365.2,50,23050
20240125,11:18:06,364.55,50,23050
20240125,11:19:10,368.25,100,22900
20240125,11:20:26,372.7,450,22900
20240125,11:20:48,371.3,50,22900
20240125,11:20:58,374.0,1050,22900
20240125,11:21:08,375.1,50,22900
20240125,11:21:19,374.3,200,22900
20240125,11:21:31,377.0,250,22000
20240125,11:21:43,379.05,300,22000
20240125,11:21:54,380.7,450,22000
20240125,11:22:05,383.35,50,22000
20240125,11:22:16,380.55,400,22000
20240125,11:22:27,381.1,200,22000
20240125,11:22:38,385.0,100,22000
20240125,11:23:03,378.0,50,22000
20240125,11:23:14,377.5,100,22000
20240125,11:23:25,374.15,250,22000
20240125,11:24:18,374.25,250,22000
20240125,11:24:48,370.0,300,21150
20240125,11:25:09,367.9,450,21150
20240125,11:25:59,373.25,350,21150
20240125,11:26:48,376.2,300,21150
20240125,11:27:30,364.7,100,21150
20240125,11:27:41,361.7,200,21300
20240125,11:28:33,361.85,250,21300
20240125,11:28:43,362.55,50,21300
20240125,11:29:14,361.05,50,21300
20240125,11:29:44,367.75,50,21300
20240125,11:30:05,371.25,200,21300
20240125,11:30:26,371.4,250,21300
20240125,11:30:37,374.15,600,21150
20240125,11:32:10,365.75,50,21150
20240125,11:32:20,369.5,50,21150
20240125,11:33:10,370.4,100,21150
20240125,11:34:30,363.75,150,20550
20240125,11:35:10,362.05,50,20550
20240125,11:35:21,360.0,50,20550
20240125,11:35:32,362.4,250,20550
20240125,11:35:42,372.0,100,20550
20240125,11:37:55,379.05,550,20900
20240125,11:38:04,381.8,50,20900
20240125,11:38:14,380.05,50,20900
20240125,11:38:46,384.05,50,20900
20240125,11:38:57,384.95,50,20900
20240125,11:39:08,395.0,250,20900
20240125,11:39:20,395.45,500,20900
20240125,11:39:32,392.05,100,20300
20240125,11:39:44,390.55,450,20300
20240125,11:40:05,401.0,450,20300
20240125,11:40:18,401.1,250,20300
20240125,11:40:30,400.4,300,20300
20240125,11:40:42,400.8,150,20300
20240125,11:40:53,403.2,100,20300
20240125,11:41:05,404.45,300,20300
20240125,11:41:38,405.3,350,20300
20240125,11:42:09,400.2,350,20300
20240125,11:42:20,399.3,100,20300
20240125,11:42:31,408.0,50,19250
20240125,11:42:42,406.35,400,19250
20240125,11:42:53,406.2,450,19250
20240125,11:43:04,406.75,250,19250
20240125,11:44:06,393.35,50,19250
20240125,11:44:38,388.25,50,19250
20240125,11:44:50,388.2,50,19250
20240125,11:45:12,389.0,50,19250
20240125,11:45:44,388.0,50,18900
20240125,11:45:54,392.75,50,18900
20240125,11:46:35,386.9,300,18900
20240125,11:47:05,383.45,50,18900
20240125,11:47:16,380.0,150,18900
20240125,11:49:18,373.45,600,18850
20240125,11:49:52,368.3,50,18850
20240125,11:50:02,367.7,50,18850
20240125,11:50:26,364.0,250,18850
20240125,11:50:37,364.0,100,18850
20240125,11:50:48,365.75,50,18850
20240125,11:50:59,361.15,300,18850
20240125,11:51:10,361.05,50,18850
20240125,11:51:21,364.75,600,18850
20240125,11:51:42,367.5,100,19250
20240125,11:51:52,369.0,50,19250
20240125,11:52:35,363.05,50,19250
20240125,11:52:55,366.0,100,19250
20240125,11:53:05,367.6,300,19250
20240125,11:53:36,368.0,50,19250
20240125,11:53:46,364.1,100,19250
20240125,11:54:07,362.35,100,19250
20240125,11:54:17,360.05,100,19250
20240125,11:54:28,358.6,250,19250
20240125,11:54:39,359.1,50,19100
20240125,11:54:49,362.9,250,19100
20240125,11:55:00,365.6,100,19100
20240125,11:55:42,361.45,100,19100
20240125,11:55:53,360.7,250,19100
20240125,11:56:56,356.45,250,19100
20240125,11:57:07,357.5,200,19100
20240125,11:57:17,359.3,600,19100
20240125,11:57:37,360.65,150,19600
20240125,11:58:08,362.4,250,19600
20240125,11:58:28,364.75,50,19600
20240125,11:59:07,369.0,50,19600
20240125,11:59:27,369.0,100,19600
20240125,12:00:28,370.25,50,19600
20240125,12:00:48,363.25,100,19350
20240125,12:01:19,366.2,50,19350
20240125,12:01:49,369.6,100,19350
20240125,12:02:28,374.2,50,19350
20240125,12:03:07,372.05,50,19350
20240125,12:03:45,374.2,150,19450
20240125,12:04:34,365.35,150,19450
20240125,12:04:43,366.7,150,19450
20240125,12:07:36,359.45,50,19000
20240125,12:07:46,358.3,350,19000
20240125,12:08:17,362.95,800,19000
20240125,12:10:20,362.95,200,19100
20240125,12:11:36,367.25,50,19100
20240125,12:11:46,369.2,50,19100
20240125,12:12:34,363.0,50,19100
20240125,12:12:44,362.95,50,19100
20240125,12:15:47,355.0,100,19050
20240125,12:15:58,354.4,1300,19050
20240125,12:16:20,354.7,450,19050
20240125,12:16:30,356.35,400,19050
20240125,12:17:37,356.35,400,19050
20240125,12:18:55,353.65,200,20750
20240125,12:19:26,353.65,50,20750
20240125,12:20:13,357.3,750,20750
20240125,12:20:43,351.05,150,20750
20240125,12:20:55,350.5,150,20750
20240125,12:21:06,351.7,50,20750
20240125,12:22:06,350.0,150,20950
20240125,12:22:16,350.0,50,20950
20240125,12:22:36,350.85,50,20950
20240125,12:22:54,350.7,50,20950
20240125,12:23:04,350.9,100,20950
20240125,12:23:14,353.35,50,20950
20240125,12:23:24,352.8,50,20950
20240125,12:23:53,351.85,100,20950
20240125,12:24:30,357.25,100,20850
20240125,12:24:51,358.75,50,20850
20240125,12:25:38,358.75,350,20850
20240125,12:25:48,358.75,800,20850
20240125,12:25:58,358.75,500,20850
20240125,12:26:08,362.0,50,20850
20240125,12:26:54,360.0,750,20850
20240125,12:27:23,366.9,200,20850
20240125,12:27:43,366.55,300,20450
20240125,12:28:04,368.6,50,20450
20240125,12:28:14,366.55,50,20450
20240125,12:28:33,365.6,50,20450
20240125,12:29:01,365.6,100,20450
20240125,12:29:20,361.5,50,20450
20240125,12:29:58,358.6,50,20450
20240125,12:31:20,355.0,150,20350
20240125,12:31:29,356.4,50,20350
20240125,12:32:05,355.0,150,20350
20240125,12:32:25,353.2,50,20350
20240125,12:33:33,352.0,50,20350
20240125,12:34:04,352.4,350,20350
20240125,12:34:25,352.4,300,20350
20240125,12:35:41,362.9,150,20350
20240125,12:37:05,358.15,50,21050
20240125,12:39:53,362.0,50,21050
20240125,12:40:33,359.9,50,21050
20240125,12:41:20,357.65,50,21050
20240125,12:42:35,354.35,50,21050
20240125,12:43:48,350.05,50,21000
20240125,12:43:58,350.75,50,21000
20240125,12:44:07,350.05,50,21000
20240125,12:45:56,350.0,150,20900
20240125,12:46:22,350.5,50,20900
20240125,12:46:40,352.95,50,20900
20240125,12:47:33,355.2,50,20900
20240125,12:50:03,355.3,100,20950
20240125,12:50:21,354.1,50,20950
20240125,12:51:32,353.15,100,20950
20240125,12:51:41,350.3,50,20950
20240125,12:51:50,351.0,50,20950
20240125,12:51:59,350.0,300,20950
20240125,12:52:19,351.95,50,20950
20240125,12:53:21,351.95,50,20950
20240125,12:54:05,351.3,50,20950
20240125,12:54:15,350.05,50,20950
20240125,12:54:50,349.75,50,21200
20240125,12:55:00,348.0,50,21200
20240125,12:56:14,348.0,50,21200
20240125,12:56:23,348.05,50,21200
20240125,12:56:33,347.85,50,21200
20240125,12:57:01,348.35,100,21200
20240125,12:57:10,347.45,100,21200
20240125,12:57:29,349.3,50,21200
20240125,12:58:15,349.9,50,21300
20240125,12:58:52,345.0,200,21300
20240125,12:59:02,345.0,50,21300
20240125,12:59:24,342.0,100,21300
20240125,12:59:35,342.0,250,21300
20240125,13:00:06,342.0,200,21300
20240125,13:00:17,339.4,750,21300
20240125,13:00:28,339.4,50,21300
20240125,13:00:57,346.4,50,21300
20240125,13:01:27,345.0,50,22200
20240125,13:01:55,347.5,50,22200
20240125,13:02:15,348.0,150,22200
20240125,13:03:01,349.75,50,22200
20240125,13:03:11,348.65,300,22200
20240125,13:03:47,345.65,300,22550
20240125,13:04:23,349.25,100,22550
20240125,13:06:16,351.9,350,22550
20240125,13:06:45,349.25,100,22550
20240125,13:06:55,348.0,200,22550
20240125,13:07:31,349.45,100,22550
20240125,13:07:49,350.6,50,22550
20240125,13:07:59,349.45,150,22550
20240125,13:08:27,345.7,150,22550
20240125,13:08:36,346.0,100,22550
20240125,13:08:44,345.0,50,22550
20240125,13:09:03,347.0,1000,22550
20240125,13:09:24,344.45,50,22550
20240125,13:09:33,343.95,100,22550
20240125,13:10:11,342.8,200,22850
20240125,13:11:07,343.95,50,22850
20240125,13:11:44,344.7,300,22850
20240125,13:12:01,345.0,50,22850
20240125,13:13:06,346.55,200,22850
20240125,13:13:33,346.55,100,22850
20240125,13:15:09,352.0,50,22850
20240125,13:15:30,349.75,250,22850
20240125,13:15:39,349.0,50,22850
20240125,13:18:21,350.1,50,22850
20240125,13:19:16,347.6,100,22800
20240125,13:19:34,347.45,200,22800
20240125,13:20:20,347.0,150,22800
20240125,13:20:38,348.65,100,22800
20240125,13:20:56,345.15,50,22800
20240125,13:22:07,348.55,50,23050
20240125,13:22:44,351.4,50,23050
20240125,13:23:21,349.75,50,23050
20240125,13:25:34,341.15,50,23100
20240125,13:25:45,339.0,750,23100
20240125,13:25:54,339.0,150,23100
20240125,13:26:13,342.0,250,23100
20240125,13:29:23,337.0,400,23800
20240125,13:29:43,336.05,50,23800
20240125,13:29:53,336.05,50,23800
20240125,13:30:12,336.0,200,23800
20240125,13:30:32,336.0,50,23800
20240125,13:31:19,340.15,50,24250
20240125,13:31:46,335.0,500,24250
20240125,13:32:17,334.35,100,24250
20240125,13:32:36,334.35,50,24250
20240125,13:33:03,337.4,200,24250
20240125,13:33:30,338.5,50,24250
20240125,13:33:39,337.5,50,24250
20240125,13:34:43,342.75,50,24950
20240125,13:37:17,337.2,50,24950
20240125,13:37:27,339.1,100,24950
20240125,13:38:08,341.4,50,24950
20240125,13:38:50,339.95,50,24950
20240125,13:39:36,342.75,50,24950
20240125,13:40:55,339.0,50,25050
20240125,13:41:55,339.0,50,25050
20240125,13:42:12,337.0,50,25050
20240125,13:43:12,342.0,50,25100
20240125,13:43:39,338.9,50,25100
20240125,13:44:38,339.6,50,25100
20240125,13:44:46,339.4,50,25100
20240125,13:44:55,339.4,50,25100
20240125,13:45:03,339.45,50,25100
20240125,13:45:39,342.95,100,25100
20240125,13:46:15,340.95,50,25500
20240125,13:46:23,341.95,100,25500
20240125,13:47:50,345.05,50,25500
20240125,13:48:18,350.45,50,25500
20240125,13:49:53,347.55,50,25650
20240125,13:50:03,349.4,200,25650
20240125,13:50:13,351.7,400,25650
20240125,13:50:44,354.75,50,25650
20240125,13:50:54,350.4,50,25650
20240125,13:51:25,352.6,50,25650
20240125,13:51:45,348.0,100,25650
20240125,13:51:55,347.25,50,26100
20240125,13:52:06,345.95,50,26100
20240125,13:52:26,348.4,50,26100
20240125,13:53:23,346.0,50,26100
20240125,13:53:32,345.45,50,26100
20240125,13:54:29,343.75,100,26100
20240125,13:55:06,338.5,100,26150
20240125,13:55:15,339.35,50,26150
20240125,13:55:54,336.0,50,26150
20240125,13:56:05,334.0,250,26150
20240125,13:56:14,334.0,50,26150
20240125,13:56:24,340.9,50,26150
20240125,13:56:43,342.15,50,26150
20240125,13:56:53,345.55,300,26150
20240125,13:57:43,346.1,150,26150
20240125,13:58:32,351.0,50,25950
20240125,13:59:12,349.95,50,25950
20240125,14:00:38,344.65,50,25950
20240125,14:01:53,348.6,50,25850
20240125,14:02:12,348.6,50,25850
20240125,14:04:28,346.0,50,25950
20240125,14:05:04,346.35,100,25950
20240125,14:06:08,351.9,50,25950
20240125,14:06:26,352.3,50,25950
20240125,14:07:14,345.55,50,26050
20240125,14:10:20,342.95,50,26100
20240125,14:10:58,343.65,50,26100
20240125,14:11:59,344.75,50,26100
20240125,14:12:17,345.9,100,26100
20240125,14:14:36,338.75,300,26200
20240125,14:15:03,336.9,750,26200
20240125,14:15:32,334.0,150,26200
20240125,14:15:42,331.5,250,26200
20240125,14:15:51,330.95,200,26200
20240125,14:16:01,330.95,50,26400
20240125,14:16:29,335.75,50,26400
20240125,14:16:37,336.0,350,26400
20240125,14:17:15,333.0,250,26400
20240125,14:17:52,330.0,300,26400
20240125,14:18:13,330.0,100,26400
20240125,14:18:23,329.45,200,26400
20240125,14:18:33,329.3,200,26400
20240125,14:19:01,329.3,250,27100
20240125,14:19:10,332.4,50,27100
20240125,14:20:48,332.95,50,27100
20240125,14:21:06,330.0,150,27100
20240125,14:22:25,335.55,100,27300
20240125,14:23:37,332.15,200,27300
20240125,14:24:03,330.5,50,27300
20240125,14:24:29,332.2,100,27300
20240125,14:25:22,334.05,250,27600
20240125,14:26:55,336.05,250,27600
20240125,14:27:04,335.6,250,27600
20240125,14:27:52,333.8,50,27600
20240125,14:28:09,333.15,50,27600
20240125,14:29:40,339.3,50,27700
20240125,14:30:08,339.15,350,27700
20240125,14:30:17,341.1,300,27700
20240125,14:30:26,342.6,250,27700
20240125,14:31:13,340.4,1100,28000
20240125,14:31:41,338.8,200,28000
20240125,14:31:51,338.35,50,28000
20240125,14:32:27,338.0,300,28000
20240125,14:32:55,333.05,50,28000
20240125,14:33:24,333.0,100,28000
20240125,14:33:51,333.0,50,28000
20240125,14:35:41,332.15,100,28400
20240125,14:35:51,332.15,50,28400
20240125,14:36:00,331.0,50,28400
20240125,14:36:24,330.95,50,28400
20240125,14:36:40,331.5,200,28400
20240125,14:38:39,330.0,150,28450
20240125,14:38:49,327.0,150,28450
20240125,14:38:59,327.0,100,28450
20240125,14:39:19,329.0,50,28450
20240125,14:39:47,326.4,200,28450
20240125,14:40:26,328.6,50,29000
20240125,14:40:51,327.35,100,29000
20240125,14:41:52,328.65,50,29000
20240125,14:42:21,328.05,550,29000
20240125,14:43:01,325.0,150,29450
20240125,14:43:12,325.0,500,29450
20240125,14:43:21,326.15,500,29450
20240125,14:43:31,326.4,50,29450
20240125,14:43:50,324.75,100,29450
20240125,14:44:00,323.85,200,29450
20240125,14:44:21,323.85,600,29450
20240125,14:44:58,325.6,50,29450
20240125,14:45:16,327.8,150,29450
20240125,14:45:35,329.3,100,29450
20240125,14:45:43,329.0,1500,29450
20240125,14:45:52,330.0,450,29450
20240125,14:46:01,331.85,650,30300
20240125,14:46:19,333.25,50,30300
20240125,14:46:29,333.25,250,30300
20240125,14:46:39,334.2,500,30300
20240125,14:46:58,330.0,100,30300
20240125,14:47:24,331.9,250,30300
20240125,14:47:33,331.7,50,30300
20240125,14:47:42,332.5,100,30300
20240125,14:47:59,331.65,50,30300
20240125,14:48:08,331.9,50,30300
20240125,14:48:17,333.05,200,30300
20240125,14:48:24,332.35,200,30300
20240125,14:48:44,332.15,50,30300
20240125,14:48:51,332.0,50,30300
20240125,14:49:00,330.0,250,31250
20240125,14:49:07,328.45,250,31250
20240125,14:49:08,329.0,50,31250
20240125,14:49:12,329.95,100,31250
20240125,14:49:20,330.0,100,31250
20240125,14:49:21,331.3,2400,31250
20240125,14:50:51,332.15,200,31250
20240125,14:51:01,332.6,100,31250
20240125,14:51:18,331.0,150,31250
20240125,14:51:53,330.4,50,31250
20240125,14:52:11,329.75,200,31000
20240125,14:52:38,329.75,50,31000
20240125,14:53:04,328.2,50,31000
20240125,14:53:22,328.2,100,31000
20240125,14:53:57,330.2,50,31000
20240125,14:54:46,330.2,200,31000
20240125,14:54:55,329.7,50,31000
20240125,14:55:05,330.7,100,30950
20240125,14:55:14,331.75,50,30950
20240125,14:56:29,331.3,100,30950
20240125,14:56:46,330.35,100,30950
20240125,14:57:04,331.8,50,30950
20240125,14:57:30,330.25,50,30950
20240125,14:57:47,327.75,50,30950
20240125,14:58:14,326.8,50,30850
20240125,14:58:57,328.55,50,30850
20240125,14:59:32,327.05,100,30850
20240125,14:59:40,326.25,50,30850
20240125,15:00:17,331.85,150,30850
20240125,15:00:27,331.2,150,30850
20240125,15:00:36,330.05,100,30850
20240125,15:00:46,333.1,500,30850
20240125,15:00:56,335.2,50,30850
20240125,15:01:38,338.65,50,30850
20240125,15:01:49,338.75,200,31500
20240125,15:01:59,340.0,50,31500
20240125,15:02:21,341.1,150,31500
20240125,15:02:31,340.65,50,31500
20240125,15:03:10,341.0,500,31500
20240125,15:03:41,343.15,50,31500
20240125,15:03:51,343.65,650,31500
20240125,15:04:01,343.8,100,31250
20240125,15:04:33,343.35,50,31250
20240125,15:04:43,343.45,100,31250
20240125,15:05:05,344.0,50,31250
20240125,15:05:16,345.0,550,31250
20240125,15:05:28,347.4,50,31250
20240125,15:05:38,347.0,50,31250
20240125,15:05:49,345.8,50,31250
20240125,15:06:00,348.0,50,31250
20240125,15:06:12,346.95,50,31250
20240125,15:06:22,348.15,50,31250
20240125,15:06:33,348.55,50,31250
20240125,15:06:44,348.2,50,31250
20240125,15:07:07,348.6,50,31300
20240125,15:07:18,349.3,100,31300
20240125,15:07:28,349.85,100,31300
20240125,15:07:48,348.65,100,31300
20240125,15:08:09,350.0,100,31300
20240125,15:09:02,352.55,50,31300
20240125,15:09:47,353.65,200,31300
20240125,15:09:58,353.8,50,31150
20240125,15:10:09,355.05,200,31150
20240125,15:10:31,355.0,2100,31150
20240125,15:10:42,354.75,50,31150
20240125,15:10:53,354.8,50,31150
20240125,15:11:03,353.65,50,31150
20240125,15:11:13,354.55,150,31150
20240125,15:11:23,353.75,500,31150
20240125,15:11:44,353.4,450,31150
20240125,15:11:55,357.0,100,31150
20240125,15:12:17,360.6,50,31150
20240125,15:12:28,361.3,50,31150
20240125,15:12:39,361.3,300,31150
20240125,15:12:51,365.0,150,31150
20240125,15:13:23,367.95,200,28450
20240125,15:13:34,365.5,400,28450
20240125,15:13:45,368.0,100,28450
20240125,15:13:56,362.25,50,28450
20240125,15:14:07,361.9,50,28450
20240125,15:14:17,361.9,100,28450
20240125,15:14:38,360.2,350,28450
20240125,15:14:50,362.4,600,28450
20240125,15:15:00,360.75,50,28450
20240125,15:15:11,361.75,1200,28450
20240125,15:15:21,360.75,100,28450
20240125,15:15:41,357.9,50,28450
20240125,15:15:52,357.2,50,28450
20240125,15:16:03,353.8,900,26700
20240125,15:16:14,354.6,300,26700
20240125,15:16:26,354.05,250,26700
20240125,15:16:46,355.3,500,26700
20240125,15:16:56,355.1,150,26700
20240125,15:17:06,355.35,50,26700
20240125,15:17:16,356.1,450,26700
20240125,15:18:11,360.0,700,26700
20240125,15:19:03,362.85,50,26000
20240125,15:19:13,363.0,100,26000
20240125,15:19:24,366.3,100,26000
20240125,15:19:35,363.6,100,26000
20240125,15:19:45,366.0,450,26000
20240125,15:20:04,363.5,250,26000
20240125,15:20:13,366.7,50,26000
20240125,15:20:23,366.9,50,26000
20240125,15:20:32,366.6,250,26000
20240125,15:21:01,365.2,50,26000
20240125,15:21:11,366.0,100,26000
20240125,15:21:40,366.95,300,26000
20240125,15:22:01,365.75,50,26000
20240125,15:22:10,366.15,50,25450
20240125,15:22:19,366.1,450,25450
20240125,15:22:28,367.75,100,25450
20240125,15:22:56,366.7,200,25450
20240125,15:23:07,368.2,50,25450
20240125,15:23:17,367.5,800,25450
20240125,15:23:36,367.05,650,25450
20240125,15:23:58,366.7,1000,25450
20240125,15:24:29,366.0,600,25450
20240125,15:25:26,367.7,100,24300
20240125,15:25:44,370.0,400,24300
20240125,15:25:54,371.0,500,24300
20240125,15:26:04,372.0,50,24300
20240125,15:26:24,374.5,250,24300
20240125,15:26:34,374.65,50,24300
20240125,15:26:54,376.45,350,24300
20240125,15:27:04,377.0,100,24300
20240125,15:27:15,377.55,450,24300
20240125,15:27:27,378.5,400,24300
20240125,15:27:39,377.25,200,24300
20240125,15:27:51,376.55,50,24300
20240125,15:28:12,378.0,150,24150
20240125,15:28:24,377.3,350,24150
20240125,15:28:36,378.05,250,24150
20240125,15:28:46,378.55,100,24150
20240125,15:28:56,377.55,100,24150
20240125,15:29:16,371.25,100,24150
20240125,15:29:26,370.15,50,24150
20240125,15:29:36,371.85,150,24150
20240125,15:29:59,372.0,300,24150
20240129,09:15:06,421.0,1,23650
20240129,09:15:06,421.0,100,23650
20240129,09:15:12,436.95,50,23650
20240129,09:15:17,440.15,150,23650
20240129,09:15:23,440.0,400,23650
20240129,09:15:32,441.2,100,23650
20240129,09:15:45,442.2,100,23650
20240129,09:15:53,445.0,50,23650
20240129,09:15:57,445.0,300,23650
20240129,09:16:02,443.35,50,23650
20240129,09:16:15,436.85,50,23650
20240129,09:16:19,439.7,350,23650
20240129,09:16:23,441.8,200,23650
20240129,09:16:35,443.05,50,23650
20240129,09:16:39,445.45,50,23650
20240129,09:16:47,445.45,650,23650
20240129,09:16:51,442.55,50,23650
20240129,09:16:56,445.45,150,23650
20240129,09:17:04,446.0,200,23650
20240129,09:17:08,446.6,50,22400
20240129,09:17:13,448.55,700,22400
20240129,09:17:17,445.4,250,22400
20240129,09:17:22,443.6,400,22400
20240129,09:17:26,441.9,100,22400
20240129,09:17:39,442.45,50,22400
20240129,09:17:43,441.45,50,22400
20240129,09:17:57,438.25,350,22400
20240129,09:18:16,443.1,150,22400
20240129,09:18:21,444.5,400,22400
20240129,09:18:25,444.75,100,22400
20240129,09:18:54,447.1,50,22400
20240129,09:18:55,447.0,100,22400
20240129,09:18:57,448.6,400,22400
20240129,09:19:02,449.25,100,22400
20240129,09:19:04,450.0,100,22400
20240129,09:19:05,450.0,350,22400
20240129,09:19:09,448.55,450,22400
20240129,09:19:12,449.2,100,22400
20240129,09:19:20,450.0,150,22400
20240129,09:19:30,448.0,100,22400
20240129,09:20:23,465.0,50,19500
20240129,09:20:37,469.65,250,19500
20240129,09:20:46,473.25,50,19500
20240129,09:20:56,474.0,50,19500
20240129,09:21:01,474.0,750,19500
20240129,09:21:09,477.6,50,19500
20240129,09:21:14,480.0,100,19500
20240129,09:21:17,484.95,100,19500
20240129,09:21:26,487.85,650,19500
20240129,09:21:27,487.85,100,19500
20240129,09:21:32,479.9,150,19500
20240129,09:21:37,481.15,300,19500
20240129,09:21:39,481.55,400,19500
20240129,09:21:57,479.3,100,19500
20240129,09:22:40,474.8,100,19500
20240129,09:22:42,473.95,50,19500
20240129,09:22:45,473.55,50,19500
20240129,09:22:47,473.55,50,19500
20240129,09:22:49,475.3,50,19500
20240129,09:23:12,484.15,50,19300
20240129,09:23:57,490.0,150,19300
20240129,09:24:17,500.8,100,19300
20240129,09:24:34,500.8,100,19300
20240129,09:25:00,500.8,100,19300
20240129,09:25:02,503.7,200,19300
20240129,09:25:47,512.75,150,19300
20240129,09:25:52,512.75,50,19300
20240129,09:25:54,514.8,50,19300
20240129,09:25:59,515.25,250,19300
20240129,09:26:04,515.45,200,19300
20240129,09:26:05,516.7,100,19300
20240129,09:26:09,516.7,100,18800
20240129,09:26:19,516.35,50,18800
20240129,09:26:30,516.8,150,18800
20240129,09:26:34,516.8,300,18800
20240129,09:26:39,516.6,50,18800
20240129,09:26:40,515.35,350,18800
20240129,09:26:44,518.55,400,18800
20240129,09:26:50,518.55,100,18800
20240129,09:27:00,519.8,50,18800
20240129,09:27:15,519.8,200,18800
20240129,09:27:20,514.65,100,18800
20240129,09:27:27,514.75,100,18800
20240129,09:27:30,519.1,400,18800
20240129,09:27:34,516.55,100,18800
20240129,09:27:52,505.5,150,18800
20240129,09:27:54,508.6,500,18800
20240129,09:27:55,509.6,250,18800
20240129,09:28:29,513.9,50,18800
20240129,09:28:30,515.95,150,18800
20240129,09:28:34,516.55,50,18800
20240129,09:28:52,520.9,100,18800
20240129,09:28:57,520.9,150,18800
20240129,09:28:58,520.7,200,18800
20240129,09:29:03,519.9,100,18800
20240129,09:29:08,520.5,100,18800
20240129,09:29:10,520.75,100,17150
20240129,09:29:26,515.75,50,17150
20240129,09:29:30,515.25,50,17150
20240129,09:29:54,513.45,300,17150
20240129,09:29:56,515.45,100,17150
20240129,09:29:59,520.0,7550,17150
20240129,09:30:13,516.1,200,17150
20240129,09:30:22,518.2,100,17150
20240129,09:30:32,518.25,50,17150
20240129,09:30:36,515.05,50,17150
20240129,09:30:41,514.1,50,17150
20240129,09:30:58,516.8,100,17150
20240129,09:31:06,516.7,100,17150
20240129,09:31:21,512.75,50,17150
20240129,09:32:06,505.3,250,17150
20240129,09:33:59,505.3,100,17150
20240129,09:34:02,509.45,100,15750
20240129,09:34:09,512.2,400,15750
20240129,09:34:10,514.8,150,15750
20240129,09:34:14,514.55,100,15750
20240129,09:34:20,520.0,50,15750
20240129,09:34:28,518.85,50,15750
20240129,09:34:53,519.2,50,15750
20240129,09:35:03,521.8,50,15750
20240129,09:35:23,521.8,50,15450
20240129,09:36:22,510.45,50,15450
20240129,09:36:42,514.75,50,15450
20240129,09:37:12,504.75,250,15450
20240129,09:37:19,509.85,50,15450
20240129,09:39:19,509.0,50,15450
20240129,09:39:50,509.0,50,15450
20240129,09:42:21,520.0,50,15500
20240129,09:42:44,514.4,50,15500
20240129,09:43:19,521.0,50,15500
20240129,09:45:02,521.0,50,15600
20240129,09:45:22,524.45,100,15600
20240129,09:46:10,524.45,100,15600
20240129,09:49:03,524.45,50,15550
20240129,09:49:24,524.45,50,15550
20240129,09:51:22,523.0,150,15550
20240129,09:52:06,522.4,50,15550
20240129,09:54:16,514.15,750,15550
20240129,09:54:23,509.35,100,15550
20240129,09:55:11,518.0,50,15550
20240129,09:57:36,525.0,350,15500
20240129,09:57:42,530.0,100,15500
20240129,09:58:17,538.55,200,15500
20240129,09:58:19,540.0,100,15500
20240129,09:58:57,550.0,150,15500
20240129,09:59:37,562.0,150,15400
20240129,09:59:52,562.0,150,15400
20240129,10:00:19,567.0,200,15400
20240129,10:00:32,571.2,100,15400
20240129,10:01:39,571.2,50,15400
20240129,10:02:14,558.4,50,15250
20240129,10:03:09,564.55,250,15250
20240129,10:03:31,558.25,150,15250
20240129,10:05:12,555.5,50,15250
20240129,10:05:34,554.4,100,15200
20240129,10:07:05,555.8,250,15200
20240129,10:08:13,545.1,50,15200
20240129,10:08:47,547.7,400,14850
20240129,10:08:58,549.0,400,14850
20240129,10:09:03,554.4,250,14850
20240129,10:10:26,546.45,800,14850
20240129,10:10:41,553.25,50,14850
20240129,10:11:15,551.1,50,16250
20240129,10:12:04,544.35,50,16250
20240129,10:12:07,545.0,50,16250
20240129,10:12:24,547.4,100,16250
20240129,10:12:32,549.0,100,16250
20240129,10:13:01,555.0,50,16250
20240129,10:14:25,553.0,550,16350
20240129,10:14:37,551.6,250,16350
20240129,10:14:53,556.55,50,16350
20240129,10:15:18,558.85,50,16350
20240129,10:15:36,560.0,300,16350
20240129,10:17:51,560.0,250,16650
20240129,10:18:12,553.0,250,16650
20240129,10:18:14,557.45,50,16650
20240129,10:18:29,557.45,50,16650
20240129,10:18:31,558.3,50,16650
20240129,10:18:39,556.55,50,16650
20240129,10:18:42,556.25,50,16650
20240129,10:18:54,554.4,50,16650
20240129,10:18:56,555.05,50,16650
20240129,10:19:02,554.9,50,16650
20240129,10:19:19,560.6,50,16650
20240129,10:19:24,557.75,50,16650
20240129,10:19:27,560.8,50,16650
20240129,10:19:40,555.25,100,16650
20240129,10:19:52,556.1,50,16650
20240129,10:20:12,551.55,50,16650
20240129,10:22:30,555.3,350,17150
20240129,10:23:55,557.7,50,17500
20240129,10:27:25,557.5,50,17500
20240129,10:29:25,557.5,50,17500
20240129,10:31:13,553.5,500,17500
20240129,10:34:20,554.3,100,17500
20240129,10:36:40,558.6,50,17400
20240129,10:37:34,565.0,50,17400
20240129,10:40:15,566.95,50,17300
20240129,10:46:11,556.75,50,17350
20240129,10:47:22,556.75,50,17300
20240129,10:47:52,558.05,50,17300
20240129,10:48:37,557.4,100,17300
20240129,10:51:37,562.0,50,17250
20240129,10:54:05,561.9,50,17250
20240129,10:56:16,564.65,50,17250
20240129,11:02:29,570.05,50,17300
20240129,11:06:53,580.0,100,17300
20240129,11:09:05,580.0,50,17200
20240129,11:13:42,572.0,100,17250
20240129,11:14:58,571.15,50,17300
20240129,11:22:06,539.1,50,17300
20240129,11:22:41,539.5,300,17300
20240129,11:23:42,530.0,100,17600
20240129,11:24:04,535.0,50,17600
20240129,11:24:14,533.25,50,17600
20240129,11:28:04,544.9,100,17650
20240129,11:28:38,552.8,650,17650
20240129,11:29:41,565.75,250,17650
20240129,11:32:56,555.45,500,17650
20240129,11:33:56,548.35,100,17650
20240129,11:34:17,550.35,50,17650
20240129,11:34:29,548.35,50,17650
20240129,11:37:31,565.0,50,18150
20240129,11:39:00,558.6,150,18100
20240129,11:45:43,572.0,50,18050
20240129,11:48:32,572.0,50,18000
20240129,11:51:30,571.55,50,18000
20240129,12:00:40,585.0,50,18000
20240129,12:03:21,585.0,100,18000
20240129,12:06:25,584.0,100,18100
20240129,12:06:49,583.45,500,18100
20240129,12:07:25,582.65,50,18100
20240129,12:08:03,580.5,50,18100
20240129,12:15:36,581.25,50,17600
20240129,12:23:31,590.0,50,17650
20240129,12:23:53,595.0,50,17650
20240129,12:26:01,595.0,50,17650
20240129,12:39:07,599.0,100,17600
20240129,12:41:51,599.0,50,17600
20240129,12:52:02,610.0,50,17600
20240129,12:52:03,612.3,100,17600
20240129,12:52:25,612.3,50,17600
20240129,12:59:21,620.0,50,17550
20240129,12:59:42,620.0,100,17550
20240129,13:03:24,619.2,50,17450
20240129,13:06:41,626.45,50,17400
20240129,13:08:33,626.45,50,17400
20240129,13:09:11,611.0,100,17350
20240129,13:12:44,619.0,50,17250
20240129,13:15:53,619.0,50,17250
20240129,13:24:25,598.0,50,17300
20240129,13:27:27,610.0,50,17300
20240129,13:28:21,610.7,200,17300
20240129,13:30:54,599.45,250,17100
20240129,13:33:42,610.7,50,17350
20240129,13:36:04,615.0,50,17300
20240129,13:46:28,613.0,50,17250
20240129,13:48:07,620.0,50,17250
20240129,14:04:37,643.55,350,17200
20240129,14:22:43,628.65,50,17200
20240129,14:23:45,628.85,50,16900
20240129,14:24:31,632.15,50,16900
20240129,14:32:49,611.3,500,16900
20240129,14:45:34,632.25,100,17400
20240129,15:01:32,610.35,50,17400
20240129,15:02:26,627.65,100,17400
20240129,15:05:17,607.15,50,17400
20240129,15:07:34,621.0,50,17400
20240129,15:19:52,636.65,50,17400
20240129,15:24:30,654.5,350,17350
20240129,15:25:25,654.5,50,17350
20240129,15:27:37,654.6,100,17350
20240129,15:27:47,654.6,300,17350
20240129,15:27:56,653.5,50,17350
20240130,09:16:04,688.45,1,17000
20240130,09:16:04,688.45,100,17000
20240130,09:16:46,691.1,100,17000
20240130,09:19:06,694.05,400,17000
20240130,09:20:16,694.05,100,16900
20240130,09:20:59,673.5,50,16900
20240130,09:28:58,623.15,50,16850
20240130,09:31:13,623.15,150,16850
20240130,09:31:33,658.1,150,16850
20240130,09:31:42,655.2,50,16850
20240130,09:33:18,650.4,250,17050
20240130,09:40:39,654.95,50,17100
20240130,09:44:00,683.05,300,17150
20240130,09:44:10,682.4,350,17150
20240130,09:49:04,656.1,300,17150
20240130,09:50:07,651.85,250,17150
20240130,09:57:25,633.55,300,17150
20240130,10:07:31,659.7,100,17450
20240130,10:12:26,665.0,100,17550
20240130,10:24:51,658.2,450,17650
20240130,10:32:52,633.45,50,17700
20240130,10:35:43,633.0,50,17700
20240130,10:37:44,643.25,350,17700
20240130,10:52:27,601.6,400,18100
20240130,10:54:25,601.6,50,18500
20240130,10:59:49,610.3,150,18500
20240130,11:00:59,618.75,250,18500
20240130,11:01:19,614.95,100,18500
20240130,11:02:37,613.15,100,19000
20240130,11:03:33,610.3,50,19000
20240130,11:04:51,608.85,50,19000
20240130,11:06:05,601.35,100,19000
20240130,11:06:15,599.0,50,19000
20240130,11:08:28,587.3,50,19000
20240130,11:21:43,587.3,250,19200
20240130,11:24:41,585.0,50,19450
20240130,11:25:56,585.0,100,19450
20240130,11:28:41,597.45,150,19550
20240130,11:30:04,603.5,100,19700
20240130,11:31:26,603.5,50,19700
20240130,11:36:36,620.2,50,19800
20240130,11:36:54,623.95,650,19800
20240130,11:46:08,617.0,50,19900
20240130,12:00:33,631.0,50,19900
20240130,12:25:20,594.55,400,19900
20240130,12:29:47,607.4,50,20300
20240130,12:35:11,599.6,250,20350
20240130,12:36:30,600.8,50,20600
20240130,12:43:23,587.0,50,20650
20240130,12:44:12,585.0,150,20650
20240130,12:48:29,574.65,100,20650
20240130,12:49:21,574.65,50,20650
20240130,12:52:07,585.1,50,20750
20240130,12:53:17,584.8,100,20750
20240130,13:02:38,590.65,100,20900
20240130,13:09:45,575.15,100,20900
20240130,13:11:19,574.4,50,20900
20240130,13:12:27,574.4,250,20900
20240130,13:12:38,578.75,250,20900
20240130,13:13:24,578.45,50,20900
20240130,13:17:31,577.0,50,20950
20240130,13:20:25,576.0,100,21000
20240130,13:22:08,561.2,500,21000
20240130,13:23:48,567.05,50,21000
20240130,13:29:22,590.0,50,21000
20240130,13:30:04,588.8,50,21000
20240130,13:32:08,592.35,50,21000
20240130,13:43:31,581.25,50,21000
20240130,13:55:16,560.0,50,21000
20240130,14:03:16,560.0,150,21000
20240130,14:15:00,571.0,50,21150
20240130,14:15:19,565.45,250,21150
20240130,14:17:55,550.0,50,21150
20240130,14:18:36,546.65,50,21200
20240130,14:19:00,546.35,250,21200
20240130,14:23:40,546.35,50,21450
20240130,14:28:22,529.15,50,21450
20240130,14:29:39,522.15,300,21450
20240130,14:29:58,524.05,500,21450
20240130,14:30:19,519.5,50,21450
20240130,14:30:39,519.5,50,21450
20240130,14:31:35,505.95,50,21450
20240130,14:32:18,504.25,50,21450
20240130,14:32:29,504.25,50,21450
20240130,14:35:41,493.35,50,21550
20240130,14:36:03,485.25,250,21600
20240130,14:36:44,485.25,50,21600
20240130,14:36:54,487.1,50,21600
20240130,14:37:35,484.1,50,21600
20240130,14:37:45,484.1,250,21600
20240130,14:39:15,494.65,250,21650
20240130,14:39:57,503.35,50,21650
20240130,14:40:36,490.35,50,21650
20240130,14:41:05,488.8,50,21650
20240130,14:42:54,488.8,50,21600
20240130,14:44:47,480.5,50,21600
20240130,14:46:26,477.95,50,21600
20240130,14:46:36,476.55,250,21600
20240130,14:48:33,476.55,150,21650
20240130,14:49:57,494.15,50,21650
20240130,14:51:08,491.3,50,21650
20240130,14:52:08,490.0,50,21650
20240130,14:55:11,472.35,100,21700
20240130,15:01:09,459.95,100,21800
20240130,15:01:32,449.85,100,21800
20240130,15:01:43,445.2,50,21800
20240130,15:02:31,445.2,50,21800
20240130,15:02:58,454.9,850,21800
20240130,15:03:09,453.0,50,21800
20240130,15:03:40,455.85,50,21900
20240130,15:07:53,444.15,300,21950
20240130,15:08:11,444.15,150,21950
20240130,15:10:32,442.85,50,21800
20240130,15:11:19,442.85,50,21800
20240130,15:11:37,448.65,300,21800
20240130,15:12:03,450.15,300,21800
20240130,15:15:09,472.25,50,21150
20240130,15:17:17,475.75,100,21200
20240130,15:17:48,472.05,650,21200
20240130,15:20:01,458.85,50,21150
20240130,15:23:15,473.55,50,21150
20240130,15:24:29,464.75,50,21150
20240130,15:24:47,466.0,100,21150
20240130,15:25:15,469.25,50,21150
20240130,15:26:06,464.15,200,21150
20240130,15:27:24,465.9,100,21150
20240130,15:28:18,464.6,50,21150
20240130,15:29:06,460.9,100,21150
20240130,15:29:48,455.85,50,21150
20240131,09:15:43,441.05,1,21150
20240131,09:15:43,441.05,50,21150
20240131,09:15:48,441.95,50,21200
20240131,09:15:51,441.95,50,21200
20240131,09:16:11,446.2,150,21200
20240131,09:16:11,436.95,150,21200
20240131,09:16:50,438.45,550,21200
20240131,09:19:11,446.85,50,21150
20240131,09:19:52,446.85,50,21150
20240131,09:22:01,427.75,100,21150
20240131,09:22:09,427.75,200,21150
20240131,09:22:30,429.9,100,21150
20240131,09:24:55,450.0,50,21050
20240131,09:26:04,459.35,200,21050
20240131,09:27:02,459.35,50,21050
20240131,09:27:16,452.0,50,21050
20240131,09:27:29,455.9,50,21050
20240131,09:28:09,468.95,500,21050
20240131,09:29:49,482.55,50,21700
20240131,09:30:13,482.55,50,21700
20240131,09:31:31,466.75,50,21700
20240131,09:32:13,461.55,50,21700
20240131,09:32:34,465.9,50,21750
20240131,09:33:54,477.05,50,21750
20240131,09:35:46,492.45,50,21750
20240131,09:35:56,500.45,100,21700
20240131,09:37:11,502.05,50,21700
20240131,09:37:26,504.9,50,21700
20240131,09:37:39,504.9,600,21700
20240131,09:40:37,490.05,50,21450
20240131,09:41:38,505.0,50,21450
20240131,09:50:01,505.0,50,21450
20240131,09:53:33,505.0,250,21450
20240131,09:53:40,494.25,250,21450
20240131,09:53:47,495.0,50,21450
20240131,09:54:48,498.0,50,21450
20240131,09:55:27,489.8,250,21450
20240131,10:00:37,491.15,50,21450
20240131,10:00:44,486.8,50,21450
20240131,10:02:52,479.35,250,21450
20240131,10:04:06,497.05,50,21450
20240131,10:05:41,505.3,50,21450
20240131,10:05:55,506.15,400,21450
20240131,10:09:28,521.7,100,21600
20240131,10:11:13,521.7,250,21600
20240131,10:11:21,512.0,50,21600
20240131,10:12:51,520.0,50,21900
20240131,10:14:59,518.45,150,21650
20240131,10:17:13,524.9,200,21650
20240131,10:18:08,530.0,50,21800
20240131,10:18:51,530.0,100,21800
20240131,10:21:22,526.4,50,21750
20240131,10:21:53,524.9,50,21750
20240131,10:23:31,525.75,50,21750
20240131,10:25:34,519.75,50,21750
20240131,10:26:15,517.0,50,21750
20240131,10:29:42,516.1,50,21800
20240131,10:30:31,523.7,50,21800
20240131,10:31:49,531.0,50,21800
20240131,10:32:36,536.65,400,21750
20240131,10:34:35,545.35,50,21750
20240131,10:35:34,545.35,50,21550
20240131,10:36:29,550.0,100,21550
20240131,10:40:20,549.0,50,21450
20240131,10:41:40,549.45,50,21450
20240131,10:44:59,537.65,50,21450
20240131,10:47:08,537.1,100,21450
20240131,10:47:38,536.25,250,21450
20240131,10:53:27,541.0,50,21450
20240131,10:55:36,548.2,350,21400
20240131,10:55:56,548.2,50,21400
20240131,10:57:01,548.55,50,21300
20240131,10:57:32,551.6,100,21300
20240131,10:58:09,551.6,150,21300
20240131,10:59:19,549.65,50,21300
20240131,10:59:32,552.0,50,21300
20240131,11:00:40,554.4,50,21150
20240131,11:08:48,576.0,500,21150
20240131,11:10:41,576.65,50,21150
20240131,11:15:42,576.65,100,21150
20240131,11:32:57,598.85,50,21150
20240131,11:35:46,598.85,50,21100
20240131,11:44:32,593.8,50,21100
20240131,11:56:08,599.05,50,21100
20240131,12:00:11,601.4,200,21050
20240131,12:03:12,604.95,200,21050
20240131,12:06:04,609.25,500,20950
20240131,12:10:23,609.25,100,20550
20240131,12:15:46,597.25,250,20550
20240131,12:17:02,584.4,250,20550
20240131,12:20:06,575.5,50,20550
20240131,12:22:37,590.55,50,20550
20240131,12:27:59,561.3,50,20550
20240131,12:28:34,550.0,50,20550
20240131,12:38:11,555.0,50,20500
20240131,13:01:01,551.75,300,20500
20240131,13:11:04,565.0,200,20800
20240131,13:11:29,564.15,50,20800
20240131,13:20:16,583.35,300,21050
20240131,13:20:54,582.45,50,21050
20240131,13:24:58,575.0,50,21050
20240131,13:30:27,586.0,50,21050
20240131,13:31:04,589.6,50,21050
20240131,13:34:12,592.7,50,21000
20240131,13:34:39,589.6,50,21000
20240131,13:40:43,560.0,50,21050
20240131,13:42:33,560.4,50,21100
20240131,13:45:59,560.4,50,21100
20240131,13:49:50,545.35,50,21150
20240131,13:54:26,571.0,50,21150
20240131,13:55:48,571.0,50,21200
20240131,13:56:18,580.0,50,21200
20240131,14:00:22,574.8,50,21150
20240131,14:00:59,571.5,150,21150
20240131,14:08:12,560.0,50,21150
20240131,14:09:29,559.05,50,21150
20240131,14:11:28,575.0,50,21150
20240131,14:21:11,576.95,50,21200
20240131,14:23:12,560.0,50,21200
20240131,14:27:40,559.35,300,21250
20240131,14:30:06,559.55,50,21250
20240131,14:31:23,560.4,250,21300
20240131,14:35:19,574.0,50,21300
20240131,14:36:41,575.25,200,21300
20240131,14:37:36,575.25,50,21300
20240131,14:40:26,581.0,50,21350
20240131,14:41:05,577.85,50,21350
20240131,14:45:25,578.75,50,21350
20240131,14:50:49,570.6,50,21350
20240131,14:50:54,570.0,400,21350
20240131,14:51:28,569.45,250,21600
20240131,14:56:14,571.5,200,21600
20240131,14:56:18,569.5,50,21600
20240131,14:56:46,564.55,250,21600
20240131,14:57:25,567.5,100,21600
20240131,14:57:31,567.4,100,21550
20240131,15:01:30,574.7,400,21750
20240131,15:02:31,588.0,300,21750
20240131,15:03:27,591.35,50,21600
20240131,15:05:45,608.95,50,21600
20240131,15:06:03,605.25,150,21600
20240131,15:08:28,594.75,100,21400
20240131,15:08:40,595.55,50,21400
20240131,15:09:07,584.55,250,21400
20240131,15:10:50,589.25,50,21400
20240131,15:12:20,591.85,250,21350
20240131,15:12:31,594.9,500,21350
20240131,15:13:17,593.25,100,21350
20240131,15:18:36,575.45,50,21250
20240131,15:19:15,578.85,200,21250
20240131,15:19:38,577.6,250,21250
20240131,15:20:34,579.0,50,21250
20240131,15:21:36,579.9,350,21450
20240131,15:25:13,579.25,150,21450
20240131,15:25:43,576.55,50,21450
20240131,15:26:08,576.5,100,21450
20240131,15:26:13,577.2,250,21450
20240131,15:26:38,577.1,200,21450
20240131,15:27:14,579.45,50,21950
20240131,15:29:07,570.75,50,21950
20240201,09:21:45,570.05,1,22000
20240201,09:21:45,570.05,50,22000
20240201,09:22:44,586.0,50,22000
20240201,09:24:50,586.0,50,22050
20240201,09:29:04,578.1,50,22050
20240201,09:29:06,575.0,50,22050
20240201,09:29:52,562.0,50,22050
20240201,09:32:01,561.2,50,22050
20240201,09:36:27,561.2,200,22000
20240201,09:38:17,559.0,500,22000
20240201,09:39:37,555.0,50,22500
20240201,09:40:47,555.0,50,22500
20240201,09:42:52,579.0,50,22600
20240201,09:46:08,591.75,500,22600
20240201,09:46:17,591.75,50,22600
20240201,09:48:41,589.9,100,22250
20240201,09:53:55,591.0,50,22350
20240201,09:57:44,593.0,50,22300
20240201,09:59:03,593.0,100,22300
20240201,09:59:22,586.0,150,22300
20240201,10:00:05,595.0,50,22050
20240201,10:00:21,597.0,50,22050
20240201,10:02:46,597.0,50,21950
20240201,10:05:01,590.3,50,21950
20240201,10:06:20,597.75,50,21950
20240201,10:07:48,605.2,100,21950
20240201,10:08:21,628.45,250,21950
20240201,10:08:30,622.3,200,21950
20240201,10:09:40,623.7,50,21450
20240201,10:10:10,619.6,50,21450
20240201,10:10:25,624.8,50,21450
20240201,10:11:39,627.55,50,21400
20240201,10:11:47,629.4,200,21400
20240201,10:13:06,629.4,50,21400
20240201,10:14:14,627.5,50,21400
20240201,10:14:20,629.75,50,21400
20240201,10:16:33,629.75,150,21150
20240201,10:17:21,617.0,300,21150
20240201,10:20:07,622.4,50,20850
20240201,10:20:19,622.35,50,20850
20240201,10:21:40,610.25,50,20900
20240201,10:22:41,611.0,50,20900
20240201,10:24:49,611.0,50,20800
20240201,10:26:46,618.95,200,20800
20240201,10:29:48,631.8,200,20600
20240201,10:30:30,631.8,250,20600
20240201,10:36:22,622.4,50,20200
20240201,10:42:40,620.5,50,20150
20240201,10:45:36,621.8,100,20200
20240201,10:46:40,618.95,50,20200
20240201,10:56:49,620.25,50,20200
20240201,10:57:20,612.85,50,20150
20240201,10:57:34,619.65,50,20150
20240201,11:02:18,641.0,50,20150
20240201,11:03:34,641.0,50,20100
20240201,11:04:56,644.75,550,20100
20240201,11:05:47,635.05,50,19550
20240201,11:06:54,623.9,50,19550
20240201,11:07:02,599.15,50,19550
20240201,11:07:10,596.4,50,19550
20240201,11:07:18,609.1,50,19550
20240201,11:07:46,615.6,50,19550
20240201,11:08:14,629.6,50,19550
20240201,11:08:15,628.05,50,19550
20240201,11:08:50,630.05,50,19550
20240201,11:09:02,635.7,50,19550
20240201,11:09:19,625.3,50,19550
20240201,11:09:29,625.55,100,19550
20240201,11:10:50,630.0,150,19550
20240201,11:11:44,629.95,100,19350
20240201,11:16:00,612.3,100,19250
20240201,11:17:00,566.05,300,19250
20240201,11:17:02,559.6,50,19250
20240201,11:17:10,542.05,50,19250
20240201,11:17:15,526.0,100,19250
20240201,11:17:17,528.3,50,19250
20240201,11:17:20,526.85,50,19250
20240201,11:17:22,531.95,100,19250
20240201,11:17:33,544.65,150,19250
20240201,11:17:45,554.75,50,19250
20240201,11:17:58,566.45,150,18700
20240201,11:18:00,561.85,50,18700
20240201,11:18:06,560.5,50,18700
20240201,11:18:13,558.45,50,18700
20240201,11:18:18,573.95,50,18700
20240201,11:18:55,584.6,50,18700
20240201,11:19:01,580.25,50,18700
20240201,11:19:05,575.4,50,18700
20240201,11:20:00,570.4,50,18700
20240201,11:20:13,571.15,50,18700
20240201,11:20:55,561.05,50,18550
20240201,11:20:56,558.25,50,18550
20240201,11:22:24,574.6,50,18550
20240201,11:29:08,583.4,50,18500
20240201,11:30:42,582.2,50,18450
20240201,11:35:21,574.4,50,18400
20240201,11:38:11,581.2,50,18400
20240201,11:39:58,590.25,150,18400
20240201,11:41:20,587.0,50,18400
20240201,11:41:34,592.05,50,18400
20240201,11:45:10,593.45,50,18350
20240201,11:50:36,601.0,50,18350
20240201,11:52:59,604.0,450,18300
20240201,11:54:19,606.45,50,17900
20240201,11:54:57,604.0,50,17900
20240201,11:56:28,582.35,250,17900
20240201,11:56:36,579.55,50,17900
20240201,11:56:45,573.75,50,17900
20240201,11:56:52,579.8,50,17850
20240201,11:58:31,550.15,200,17850
20240201,11:58:40,550.55,200,17850
20240201,11:59:43,571.2,50,17850
20240201,12:00:52,573.85,50,17600
20240201,12:01:15,570.45,100,17600
20240201,12:01:52,555.05,150,17600
20240201,12:02:21,553.9,50,17600
20240201,12:02:24,548.55,50,17600
20240201,12:02:50,530.6,100,17600
20240201,12:03:35,520.15,100,17800
20240201,12:03:38,522.7,50,17800
20240201,12:03:41,521.3,50,17800
20240201,12:03:50,518.55,100,17800
20240201,12:03:55,524.0,50,17800
20240201,12:04:00,527.3,50,17800
20240201,12:05:17,552.6,50,17800
20240201,12:05:58,551.95,50,17650
20240201,12:06:38,566.0,50,17650
20240201,12:07:05,583.15,50,17650
20240201,12:07:07,580.0,100,17650
20240201,12:07:22,586.85,50,17650
20240201,12:07:40,585.8,50,17650
20240201,12:08:28,586.8,50,17650
20240201,12:11:43,599.0,50,17750
20240201,12:15:38,565.0,50,17750
20240201,12:16:25,576.1,150,17750
20240201,12:17:20,575.95,50,17750
20240201,12:17:30,573.55,100,17750
20240201,12:18:59,557.8,100,17700
20240201,12:19:19,563.3,50,17700
20240201,12:20:19,558.0,100,17700
20240201,12:21:05,552.8,200,17700
20240201,12:23:09,538.4,50,17700
20240201,12:24:13,553.65,50,17550
20240201,12:24:17,552.45,50,17550
20240201,12:24:53,553.05,50,17550
20240201,12:26:41,556.05,50,17550
20240201,12:27:19,558.95,100,17700
20240201,12:27:47,559.85,50,17700
20240201,12:28:04,561.3,50,17700
20240201,12:28:29,558.75,50,17700
20240201,12:29:39,555.0,50,17700
20240201,12:32:54,546.7,50,17950
20240201,12:33:03,549.8,50,17950
20240201,12:33:22,553.3,50,17950
20240201,12:33:47,554.0,50,17950
20240201,12:36:22,554.55,50,18150
20240201,12:37:26,564.4,200,18150
20240201,12:37:46,564.5,250,18150
20240201,12:37:55,566.25,100,18150
20240201,12:38:21,559.25,250,18150
20240201,12:38:30,558.0,50,18150
20240201,12:39:13,550.9,50,19050
20240201,12:39:21,550.3,250,19050
20240201,12:39:37,550.15,150,19050
20240201,12:39:54,549.45,250,19050
20240201,12:46:33,560.4,250,19700
20240201,12:49:01,585.0,50,19700
20240201,13:00:39,565.0,50,19700
20240201,13:05:46,565.05,50,19750
20240201,13:07:44,557.3,50,19800
20240201,13:08:00,554.0,50,19800
20240201,13:09:09,558.85,50,19750
20240201,13:19:54,543.0,50,19800
20240201,13:20:11,540.0,200,19800
20240201,13:27:07,533.9,350,20000
20240201,13:28:45,516.7,50,20000
20240201,13:30:20,516.7,350,20350
20240201,13:31:01,518.9,650,20350
20240201,13:32:11,515.25,50,20350
20240201,13:34:20,507.65,50,20350
20240201,13:39:58,507.65,150,21350
20240201,13:52:47,523.0,1000,21350
20240201,13:53:28,523.0,50,21350
20240201,13:54:28,523.85,50,21550
20240201,13:56:34,512.05,500,21550
20240201,13:58:10,518.5,50,21550
20240201,14:00:02,517.7,50,21550
20240201,14:14:23,528.35,100,21600
20240201,14:14:37,529.95,50,21600
20240201,14:14:52,528.4,100,21600
20240201,14:28:13,524.9,50,21750
20240201,14:28:39,530.95,100,21750
20240201,14:33:59,529.55,50,21800
20240201,14:35:45,517.65,500,21800
20240201,14:39:34,507.4,50,21800
20240201,14:41:31,507.4,50,22300
20240201,14:43:08,508.0,50,22300
20240201,14:48:20,512.0,50,22350
20240201,14:49:03,513.7,50,22350
20240201,14:49:51,513.35,50,22350
20240201,14:52:04,516.5,50,22350
20240201,14:56:11,519.25,50,22550
20240201,14:59:38,521.0,50,22600
20240201,14:59:53,521.0,100,22600
20240201,15:00:30,500.55,50,22650
20240201,15:02:11,500.55,50,22650
20240201,15:03:55,497.6,150,22700
20240201,15:03:57,497.6,50,22700
20240201,15:05:03,486.0,50,22700
20240201,15:06:12,486.0,50,22700
20240201,15:06:14,488.9,200,22850
20240201,15:06:17,486.95,50,22850
20240201,15:07:10,485.8,50,22850
20240201,15:07:35,485.8,50,22850
20240201,15:09:09,490.7,100,22850
20240201,15:09:48,490.0,100,23100
20240201,15:10:18,493.05,100,23100
20240201,15:13:04,489.15,50,23300
20240201,15:13:39,487.2,50,23300
20240201,15:15:21,475.0,50,23350
20240201,15:17:01,475.0,50,23350
20240201,15:17:03,483.55,50,23350
20240201,15:17:06,485.55,50,23350
20240201,15:17:11,487.5,50,23350
20240201,15:19:57,490.6,150,23400
20240201,15:22:02,487.6,100,23550
20240201,15:24:00,487.6,50,23550
20240201,15:24:05,487.6,50,23550
20240201,15:24:15,487.6,100,23550
20240201,15:24:32,490.3,250,23850
20240201,15:24:58,490.3,50,23850
20240201,15:25:32,489.75,50,23850
20240201,15:25:52,486.5,100,23850
20240201,15:26:34,487.55,50,23850
20240202,09:15:36,627.3,1,24000
20240202,09:15:36,643.75,100,24000
20240202,09:15:39,642.75,200,24000
20240202,09:15:46,641.2,50,24000
20240202,09:15:51,637.65,50,24000
20240202,09:16:18,659.0,50,24000
20240202,09:17:34,660.35,50,24050
20240202,09:18:01,660.35,50,24050
20240202,09:18:03,662.5,50,24050
20240202,09:18:07,662.5,100,24050
20240202,09:18:57,680.0,50,24050
20240202,09:20:03,700.0,50,24050
20240202,09:20:31,706.3,50,23950
20240202,09:21:07,712.85,50,23950
20240202,09:21:54,717.3,100,23950
20240202,09:22:55,723.1,100,23950
20240202,09:23:15,725.55,100,24150
20240202,09:24:27,730.1,50,24150
20240202,09:24:56,736.2,50,24150
20240202,09:27:15,736.2,50,24050
20240202,09:30:23,736.2,1000,24000
20240202,09:31:03,734.05,150,24000
20240202,09:31:20,735.95,150,24000
20240202,09:31:23,736.15,150,24000
20240202,09:31:25,735.45,150,24000
20240202,09:31:28,736.5,200,24000
20240202,09:31:45,732.9,600,24000
20240202,09:31:46,732.15,200,24000
20240202,09:31:47,734.7,200,24000
20240202,09:31:49,735.3,200,24000
20240202,09:31:51,733.95,200,24000
20240202,09:31:53,733.75,200,24000
20240202,09:31:58,733.05,200,24000
20240202,09:32:00,732.7,500,24000
20240202,09:32:18,734.55,200,21800
20240202,09:32:48,740.0,50,21800
20240202,09:33:28,745.3,50,21800
20240202,09:34:27,754.75,400,21800
20240202,09:36:15,754.75,50,21100
20240202,09:39:09,742.25,500,21100
20240202,09:43:21,752.0,50,21100
20240202,09:51:47,755.0,50,21100
20240202,09:53:36,765.0,50,21050
20240202,09:56:39,765.0,100,21050
20240202,09:59:15,749.45,100,21050
20240202,10:02:00,768.45,100,21150
20240202,10:02:46,768.45,50,21150
20240202,10:05:14,764.0,50,21050
20240202,10:05:42,769.95,50,21100
20240202,10:07:46,769.95,50,21100
20240202,10:09:31,769.0,50,21100
20240202,10:10:54,770.75,1500,21100
20240202,10:11:47,767.0,1500,22550
20240202,10:23:20,763.4,50,22550
20240202,10:27:32,766.0,50,24050
20240202,10:30:13,776.0,50,24050
20240202,10:36:00,776.0,50,24000
20240202,10:41:59,747.6,50,24000
20240202,10:47:13,747.0,50,24000
20240202,10:55:02,756.0,50,24000
20240202,11:04:22,783.05,500,23950
20240202,11:06:08,780.55,50,23950
20240202,11:08:49,775.0,250,23950
20240202,11:08:50,775.0,250,23950
20240202,11:13:53,800.0,100,23950
20240202,11:14:08,800.0,50,23950
20240202,11:16:51,837.4,50,23850
20240202,11:17:14,837.4,50,23850
20240202,11:50:07,863.9,50,23850
20240202,11:53:35,863.9,50,23850
20240202,11:56:11,875.0,50,23850
20240202,12:11:36,875.0,50,23800
20240202,12:24:07,849.25,50,23800
20240202,12:30:43,727.9,50,23800
20240202,12:33:04,705.15,400,23800
20240202,12:33:55,721.8,50,23800
20240202,12:35:10,722.4,150,23800
20240202,12:36:22,660.1,1800,23800
20240202,12:36:23,654.45,1800,23800
20240202,12:42:32,719.4,50,23800
20240202,12:42:34,719.75,450,23800
20240202,12:46:05,731.9,50,23300
20240202,12:48:18,707.0,150,23300
20240202,12:49:13,699.0,50,23300
20240202,12:49:45,694.7,300,23300
20240202,12:52:00,709.85,50,23650
20240202,12:55:16,718.0,50,23650
20240202,13:05:41,711.0,50,23650
20240202,13:15:32,660.0,50,23650
20240202,13:16:26,664.65,50,23650
20240202,13:17:02,680.0,50,23650
20240202,13:20:31,680.05,50,23650
20240202,13:22:40,663.95,150,23650
20240202,13:23:47,663.95,50,23750
20240202,13:25:56,637.5,150,23750
20240202,13:25:57,633.75,150,23750
20240202,13:26:33,653.95,100,23750
20240202,13:32:38,645.25,50,23650
20240202,13:37:51,680.0,50,23650
20240202,13:46:54,680.0,50,23650
20240202,14:12:24,700.15,250,23600
20240202,14:12:25,700.15,250,23600
20240202,14:15:42,709.2,100,23100
20240202,14:20:12,702.5,450,23100
20240202,14:22:11,706.05,450,22650
20240202,14:27:48,695.45,50,22200
20240202,14:43:07,712.85,50,22200
20240202,14:52:05,696.6,50,22200
20240202,14:52:26,700.65,150,22200
20240202,14:53:56,669.0,50,22200
20240202,14:55:34,657.0,50,22000
20240202,14:56:03,659.5,100,22000
20240202,15:00:06,648.75,150,21950
20240202,15:00:52,648.75,50,21950
20240202,15:02:50,642.0,100,21950
20240202,15:06:16,652.6,150,21800
20240202,15:06:18,651.3,50,21800
20240202,15:08:34,657.8,100,21800
20240202,15:08:50,658.85,50,21800
20240202,15:08:52,658.85,50,21800
20240202,15:08:57,658.85,100,21800
20240202,15:13:14,653.35,50,21850
20240202,15:14:24,653.35,50,21850
20240202,15:18:26,645.7,50,21850
20240202,15:24:44,635.45,50,21800
20240202,15:24:54,641.5,50,21800
20240202,15:26:18,637.85,50,21800
20240202,15:26:20,637.95,50,21800
20240202,15:29:27,643.65,200,21750
20240202,15:29:47,646.0,100,21750
20240202,15:29:48,646.0,50,21750
20240202,15:29:49,646.0,1050,21750
20240202,15:29:51,646.0,300,21750
20240205,09:15:04,632.65,1,20250
20240205,09:15:04,632.65,50,20250
20240205,09:15:31,622.35,650,20250
20240205,09:16:43,623.35,50,20300
20240205,09:16:55,622.8,50,20300
20240205,09:17:43,627.2,50,20300
20240205,09:18:14,620.95,50,20300
20240205,09:25:04,620.95,100,20350
20240205,09:25:29,650.0,50,20300
20240205,09:26:32,677.35,50,20300
20240205,09:26:55,677.95,50,20300
20240205,09:27:05,677.95,50,20300
20240205,09:27:18,681.95,50,20300
20240205,09:29:11,681.95,50,20300
20240205,09:31:08,635.05,100,20300
20240205,09:37:29,640.6,50,20300
20240205,09:40:20,676.4,50,20350
20240205,09:43:04,674.1,50,20350
20240205,09:44:00,661.45,100,20250
20240205,10:00:33,702.05,50,20250
20240205,10:05:06,702.05,100,20250
20240205,10:11:01,705.0,50,20250
20240205,10:18:47,705.0,50,20250
20240205,10:20:48,619.6,100,20250
20240205,10:22:39,605.85,50,20250
20240205,10:24:34,605.85,150,20250
20240205,10:25:50,619.7,50,20250
20240205,10:27:14,631.95,50,20250
20240205,10:28:43,638.45,50,20250
20240205,10:32:07,615.5,500,20250
20240205,10:32:43,623.25,50,20250
20240205,10:32:53,615.1,150,20250
20240205,10:34:11,623.25,50,20250
20240205,10:34:16,621.95,50,20250
20240205,10:34:34,615.1,150,20800
20240205,10:37:47,632.5,50,20600
20240205,10:38:38,632.3,50,20600
20240205,10:42:00,642.0,500,20600
20240205,10:42:25,638.85,50,20700
20240205,10:44:08,654.6,100,20250
20240205,10:44:59,670.25,50,20250
20240205,11:00:54,660.0,500,20250
20240205,11:01:41,666.0,1000,19750
20240205,11:04:00,664.4,50,19750
20240205,11:19:31,667.1,50,18800
20240205,11:19:41,669.5,50,18800
20240205,11:27:09,662.7,50,18800
20240205,11:28:07,656.8,100,18800
20240205,11:38:46,690.8,50,18750
20240205,11:40:47,693.7,50,18750
20240205,11:55:06,681.4,100,18800
20240205,12:17:46,694.8,50,18900
20240205,12:28:43,679.7,50,18900
20240205,12:29:52,669.45,250,18850
20240205,12:31:02,672.1,250,18850
20240205,12:55:31,694.5,250,18850
20240205,12:55:59,698.1,250,18850
20240205,12:56:52,699.6,250,18850
20240205,13:01:06,700.2,250,18850
20240205,13:35:22,694.0,50,18850
20240205,13:37:02,698.55,50,18850
20240205,14:07:24,676.0,150,18850
20240205,14:10:36,650.0,50,18950
20240205,14:10:41,643.75,150,18950
20240205,14:11:32,634.3,50,18800
20240205,14:12:15,645.0,150,18800
20240205,14:15:07,669.5,100,18800
20240205,14:25:06,652.3,100,18800
20240205,14:32:16,623.75,150,18800
20240205,14:32:25,615.1,100,18800
20240205,14:32:50,610.1,100,18800
20240205,14:34:14,600.1,100,18800
20240205,14:34:35,600.1,150,18800
20240205,14:35:11,596.9,150,18350
20240205,14:35:24,596.9,50,18350
20240205,14:35:35,588.85,100,18350
20240205,14:39:29,550.85,150,18200
20240205,14:44:55,510.75,50,18250
20240205,14:45:10,493.2,550,18250
20240205,14:47:26,493.2,150,17850
20240205,14:47:28,493.2,600,17850
20240205,14:47:37,497.3,50,17850
20240205,14:49:40,502.0,150,17850
20240205,14:50:05,511.45,50,17850
20240205,14:50:15,520.8,250,18700
20240205,14:55:27,499.5,50,18450
20240205,14:57:54,490.3,450,18450
20240205,14:58:18,487.2,50,18450
20240205,14:58:38,477.1,50,18450
20240205,14:58:53,477.1,50,18450
20240205,14:59:25,477.1,50,17950
20240205,15:03:59,500.55,50,17950
20240205,15:04:06,505.0,50,17950
20240205,15:06:43,510.8,50,17950
20240205,15:08:17,524.0,150,17950
20240205,15:09:33,545.55,100,17950
20240205,15:11:34,518.15,50,17900
20240205,15:12:45,511.0,50,17900
20240205,15:14:33,503.2,150,17900
20240205,15:16:27,495.65,50,17900
20240205,15:18:37,494.5,300,17950
20240205,15:19:01,498.55,250,17950
20240205,15:19:26,494.45,100,17950
20240205,15:20:01,502.3,100,17750
20240205,15:20:55,494.3,50,17750
20240205,15:25:08,503.2,50,17700
20240205,15:26:06,501.9,50,17700
20240205,15:26:14,502.1,50,17700
20240205,15:26:16,502.2,50,17700
20240205,15:29:05,499.75,50,17600
20240206,09:15:38,540.25,1,17600
20240206,09:15:38,540.3,150,17600
20240206,09:15:43,541.9,100,17600
20240206,09:16:03,545.35,50,17600
20240206,09:16:06,545.75,50,17600
20240206,09:16:17,548.25,50,17600
20240206,09:16:24,548.25,100,17650
20240206,09:16:54,529.45,50,17650
20240206,09:18:12,519.75,50,17650
20240206,09:18:32,505.4,100,17650
20240206,09:18:35,505.4,50,17650
20240206,09:18:38,508.85,50,17650
20240206,09:19:03,516.1,50,17650
20240206,09:19:23,524.15,100,17650
20240206,09:20:28,502.9,50,17650
20240206,09:21:00,502.65,50,17650
20240206,09:21:47,501.6,150,17650
20240206,09:23:07,501.6,150,17550
20240206,09:23:27,532.2,50,17550
20240206,09:23:34,528.75,50,17550
20240206,09:23:52,535.8,50,17550
20240206,09:23:55,531.0,50,17550
20240206,09:23:59,531.2,50,17550
20240206,09:24:09,525.05,100,17550
20240206,09:24:20,523.45,50,17550
20240206,09:24:46,534.95,50,17550
20240206,09:26:09,542.9,50,17550
20240206,09:26:25,534.1,50,17550
20240206,09:27:27,541.9,50,17550
20240206,09:27:32,544.15,50,17550
20240206,09:28:52,537.15,100,17550
20240206,09:30:53,543.55,500,17550
20240206,09:31:59,545.95,50,17750
20240206,09:33:55,555.3,50,17750
20240206,09:35:08,563.55,350,17750
20240206,09:36:26,563.55,50,17750
20240206,09:36:53,555.6,50,17750
20240206,09:38:07,571.65,100,18150
20240206,09:38:41,573.8,50,18150
20240206,09:39:01,580.15,50,18150
20240206,09:39:25,580.15,100,18150
20240206,09:42:29,575.85,50,18350
20240206,09:42:38,573.15,50,18350
20240206,09:43:33,566.9,50,18450
20240206,09:45:06,577.5,50,18450
20240206,09:45:27,574.35,600,18450
20240206,09:45:50,583.1,50,18450
20240206,09:46:51,583.1,50,19000
20240206,09:48:23,580.65,100,19000
20240206,09:49:16,583.4,50,19000
20240206,09:49:56,599.4,100,19150
20240206,09:51:04,600.0,50,19150
20240206,09:51:45,600.0,100,19150
20240206,09:54:48,587.5,100,19150
20240206,09:55:02,584.5,50,19050
20240206,09:55:18,576.85,100,19050
20240206,09:57:11,578.15,50,19100
20240206,09:57:51,589.85,50,19100
20240206,09:58:30,600.05,100,19100
20240206,09:59:02,600.05,50,19100
20240206,09:59:52,589.95,100,19100
20240206,10:02:14,601.75,50,19100
20240206,10:05:24,610.7,50,19100
20240206,10:09:34,610.7,900,19100
20240206,10:12:26,599.15,50,20000
20240206,10:12:42,597.9,50,20000
20240206,10:16:31,596.0,50,20000
20240206,10:21:02,593.75,50,20000
20240206,10:25:32,572.95,150,20000
20240206,10:25:34,571.9,300,20000
20240206,10:28:48,562.15,50,20450
20240206,10:28:51,557.15,50,20450
20240206,10:29:04,560.0,50,20450
20240206,10:30:53,537.95,50,20450
20240206,10:32:54,530.1,50,20350
20240206,10:33:18,527.75,300,20350
20240206,10:33:39,531.0,50,20350
20240206,10:35:01,537.0,1800,20050
20240206,10:35:18,537.45,200,20050
20240206,10:35:26,537.8,200,20050
20240206,10:35:27,539.2,1000,20050
20240206,10:35:33,540.5,50,20050
20240206,10:36:32,542.6,100,20050
20240206,10:37:27,542.6,50,20050
20240206,10:37:56,554.3,50,21300
20240206,10:38:22,551.7,100,21300
20240206,10:39:56,551.2,100,21300
20240206,10:40:21,560.85,100,21300
20240206,10:41:34,545.85,100,21300
20240206,10:45:15,570.55,100,21200
20240206,10:45:24,568.55,50,21200
20240206,10:46:00,566.5,50,21200
20240206,10:46:21,567.95,100,21200
20240206,10:47:29,557.35,100,21300
20240206,10:47:41,562.45,1900,21300
20240206,10:54:51,583.05,50,21350
20240206,10:56:00,577.15,50,21400
20240206,10:56:35,577.6,100,21400
20240206,10:57:03,572.6,50,21400
20240206,10:57:18,574.8,50,21400
20240206,10:57:34,580.05,50,21400
20240206,11:00:00,601.1,150,21400
20240206,11:00:03,601.1,850,21400
20240206,11:00:36,607.75,200,21400
20240206,11:00:47,603.65,50,21400
20240206,11:01:25,596.6,50,21400
20240206,11:01:56,597.75,50,20500
20240206,11:02:42,599.4,50,20500
20240206,11:03:45,591.5,50,20500
20240206,11:03:59,590.55,50,20500
20240206,11:04:04,591.4,50,20500
20240206,11:04:14,588.4,50,20500
20240206,11:04:42,585.2,50,20500
20240206,11:08:52,597.75,100,20500
20240206,11:09:02,597.8,50,20500
20240206,11:09:03,597.2,150,20500
20240206,11:13:25,597.2,100,20600
20240206,11:15:42,600.3,150,20500
20240206,11:16:26,603.6,1000,20500
20240206,11:16:41,602.85,50,20500
20240206,11:29:00,590.95,350,20850
20240206,11:33:05,618.95,100,20850
