date,time,tick_price,volume,open_interest
20240201,13:07:59,10.1,250,250
20240201,13:09:41,10.0,150,250
20240201,13:41:03,9.95,50,400
20240201,13:46:08,8.0,50,450
20240201,15:17:22,7.5,100,450
20240201,15:17:54,6.75,100,450
20240201,15:19:40,6.0,600,450
20240201,15:19:48,5.95,350,450
20240201,15:20:04,5.8,250,450
20240201,15:20:12,5.8,250,450
20240201,15:20:28,5.65,250,450
20240201,15:20:45,5.5,250,450
20240201,15:22:17,5.5,100,1800
20240201,15:27:15,5.45,300,1900
20240201,15:27:30,5.4,350,2200
20240202,09:47:00,8.05,1,2550
20240202,09:47:00,8.05,50,2550
20240202,09:50:08,8.35,50,2550
20240202,09:50:28,8.35,50,2600
20240202,09:50:58,8.35,50,2600
20240202,09:52:34,8.55,50,2600
20240202,09:53:13,8.55,100,2600
20240202,09:59:01,8.7,4050,2600
20240202,09:59:20,8.45,1000,5400
20240202,10:00:09,8.5,100,5400
20240202,10:01:08,8.55,50,5400
20240202,10:02:21,9.0,100,5500
20240202,10:02:31,9.0,150,5500
20240202,10:03:42,8.5,100,5500
20240202,10:04:43,8.45,450,5500
20240202,10:06:04,8.4,100,6100
20240202,10:07:36,8.45,200,6100
20240202,10:08:35,8.4,200,6300
20240202,10:08:44,8.35,450,6300
20240202,10:08:54,8.35,50,6300
20240202,10:09:04,8.35,300,6300
20240202,10:10:32,8.55,50,6300
20240202,10:10:51,8.45,200,6300
20240202,10:11:47,8.45,150,7200
20240202,10:11:56,8.5,100,7200
20240202,10:12:54,8.55,50,7200
20240202,10:13:04,8.55,200,7200
20240202,10:13:51,8.6,200,7200
20240202,10:14:00,8.6,150,7200
20240202,10:14:10,8.6,50,7200
20240202,10:14:20,8.6,400,7200
20240202,10:14:30,8.55,100,7850
20240202,10:17:58,8.4,50,7850
20240202,10:18:25,8.25,50,7850
20240202,10:18:50,8.3,200,7850
20240202,10:18:59,8.25,200,7850
20240202,10:19:09,8.25,50,7850
20240202,10:26:59,8.0,50,7650
20240202,10:39:38,7.95,50,7650
20240202,10:41:08,7.75,300,7650
20240202,10:47:33,7.7,100,7400
20240202,10:49:45,7.7,200,7400
20240202,10:54:38,7.95,150,7450
20240202,10:57:55,8.05,50,7550
20240202,10:58:19,7.95,50,7550
20240202,11:01:28,7.85,150,7600
20240202,11:03:52,8.1,100,7500
20240202,11:06:58,8.05,100,7500
20240202,11:08:45,8.25,150,7400
20240202,11:08:57,7.9,50,7400
20240202,11:09:30,7.85,100,7400
20240202,11:10:34,8.05,50,7400
20240202,11:10:40,8.05,50,7400
20240202,11:11:37,8.1,100,7250
20240202,11:13:42,8.4,50,7250
20240202,11:13:51,8.4,50,7250
20240202,11:14:01,8.6,200,7250
20240202,11:14:43,8.85,100,7200
20240202,11:16:07,9.65,150,7200
20240202,11:16:17,9.45,50,7200
20240202,11:16:29,10.05,100,7200
20240202,11:16:40,10.05,100,7200
20240202,11:17:02,9.8,350,7200
20240202,11:17:14,9.95,50,7200
20240202,11:17:25,9.9,200,7200
20240202,11:18:09,9.85,50,7800
20240202,11:18:55,9.85,200,7800
20240202,11:20:02,9.55,50,7800
20240202,11:20:13,9.5,50,7800
20240202,11:20:57,9.6,400,7750
20240202,11:22:22,9.85,350,7750
20240202,11:22:34,10.0,300,7750
20240202,11:22:45,10.1,600,7750
20240202,11:23:17,10.1,100,7750
20240202,11:24:11,10.15,150,9300
20240202,11:24:42,10.1,50,9300
20240202,11:25:14,10.35,50,9300
20240202,11:25:26,10.4,100,9300
20240202,11:25:37,10.5,50,9300
20240202,11:25:59,10.5,50,9300
20240202,11:26:39,10.35,350,9450
20240202,11:26:48,10.35,100,9450
20240202,11:28:25,10.3,50,9450
20240202,11:28:46,10.35,500,9450
20240202,11:29:17,10.65,150,9450
20240202,11:29:29,10.7,50,9450
20240202,11:30:23,10.75,50,10100
20240202,11:30:34,10.9,250,10100
20240202,11:31:09,11.5,50,10100
20240202,11:31:22,11.75,200,10100
20240202,11:31:34,11.85,800,10100
20240202,11:31:58,12.05,50,10100
20240202,11:32:11,12.3,150,10100
20240202,11:32:34,12.5,650,9050
20240202,11:32:45,12.35,100,9050
20240202,11:32:57,12.4,100,9050
20240202,11:33:08,12.5,50,9050
20240202,11:33:20,12.45,50,9050
20240202,11:33:32,12.6,50,9050
20240202,11:33:43,12.6,50,9050
20240202,11:33:55,12.65,100,9050
20240202,11:34:55,12.95,950,9050
20240202,11:35:08,13.05,300,9050
20240202,11:35:19,13.0,450,9050
20240202,11:35:54,13.15,50,8850
20240202,11:36:28,13.35,100,8850
20240202,11:37:38,13.4,600,8850
20240202,11:37:49,13.7,500,8850
20240202,11:38:02,14.2,650,8850
20240202,11:38:14,14.3,250,8850
20240202,11:38:40,14.5,500,9150
20240202,11:38:51,13.8,3650,9150
20240202,11:39:03,14.05,200,9150
20240202,11:39:16,14.65,50,9150
20240202,11:39:29,14.65,200,9150
20240202,11:39:41,14.7,50,9150
20240202,11:40:04,15.1,100,9150
20240202,11:40:17,15.25,100,9150
20240202,11:40:31,16.35,1150,9150
20240202,11:40:43,15.9,200,9150
20240202,11:40:55,16.0,250,9150
20240202,11:41:08,16.05,100,9150
20240202,11:41:31,16.35,50,9150
20240202,11:42:16,16.5,200,13550
20240202,11:42:28,16.85,950,13550
20240202,11:42:39,16.9,100,13550
20240202,11:42:50,16.9,50,13550
20240202,11:43:02,16.1,100,13550
20240202,11:43:14,15.35,500,13550
20240202,11:43:25,13.7,400,13550
20240202,11:43:37,13.7,150,13550
20240202,11:43:49,13.3,150,13550
20240202,11:44:01,12.75,650,13550
20240202,11:44:23,13.35,200,13550
20240202,11:44:47,13.05,600,11800
20240202,11:45:21,13.0,850,11800
20240202,11:45:44,12.9,50,11800
20240202,11:46:53,12.9,650,11800
20240202,11:48:02,13.9,100,12650
20240202,11:48:14,14.0,100,12650
20240202,11:49:22,13.35,50,12650
20240202,11:50:07,12.2,100,12650
20240202,11:50:42,12.4,50,12850
20240202,11:51:04,12.5,350,12850
20240202,11:51:27,12.15,1150,12850
20240202,11:51:50,12.5,50,12850
20240202,11:52:12,12.3,100,12850
20240202,11:54:24,11.9,50,13550
20240202,11:54:57,12.15,300,13550
20240202,11:55:08,12.25,100,13550
20240202,11:55:41,12.3,400,13550
20240202,11:56:01,12.35,50,13550
20240202,11:57:07,13.1,1450,13500
20240202,11:57:50,13.45,150,13500
20240202,11:58:12,13.65,350,13500
20240202,11:58:23,13.7,250,13500
20240202,11:59:28,13.9,50,13500
20240202,12:00:00,13.8,50,12400
20240202,12:01:01,14.05,50,12400
20240202,12:01:20,14.1,50,12400
20240202,12:01:41,14.05,50,12400
20240202,12:01:51,14.05,50,12400
20240202,12:02:20,14.4,50,12400
20240202,12:02:30,14.5,50,12400
20240202,12:03:00,14.3,50,12600
20240202,12:03:10,14.1,50,12600
20240202,12:04:00,14.05,50,12600
20240202,12:08:47,12.55,100,12600
20240202,12:09:10,12.8,50,12600
20240202,12:09:18,12.8,50,12600
20240202,12:09:42,12.3,200,12600
20240202,12:09:57,12.3,50,12600
20240202,12:10:12,12.4,250,12600
20240202,12:10:48,12.4,150,12600
20240202,12:11:33,12.35,200,12600
20240202,12:11:56,12.3,50,13200
20240202,12:12:11,12.2,50,13200
20240202,12:12:32,12.15,50,13200
20240202,12:13:14,11.85,100,13200
20240202,12:13:21,12.15,350,13200
20240202,12:13:58,11.85,150,13200
20240202,12:14:05,11.55,150,13200
20240202,12:14:36,11.65,350,13200
20240202,12:14:58,11.7,50,13900
20240202,12:15:12,11.6,150,13900
20240202,12:15:19,11.6,200,13900
20240202,12:15:35,11.7,50,13900
20240202,12:15:42,11.7,50,13900
20240202,12:16:11,11.95,50,13900
20240202,12:22:03,11.95,1800,14050
20240202,12:23:23,12.05,500,14050
20240202,12:25:08,11.3,250,14650
20240202,12:26:15,11.2,100,14650
20240202,12:26:23,11.0,1200,14650
20240202,12:27:23,10.2,100,14850
20240202,12:27:39,10.0,500,14850
20240202,12:27:47,10.25,100,14850
20240202,12:27:55,10.3,550,14850
20240202,12:28:03,10.45,700,14850
20240202,12:29:07,9.75,50,14850
20240202,12:29:16,9.65,100,14850
20240202,12:29:43,9.4,100,14850
20240202,12:29:51,9.45,100,15500
20240202,12:30:18,8.55,50,15500
20240202,12:30:28,8.15,100,15500
20240202,12:30:40,7.75,150,15500
20240202,12:30:49,7.8,300,15500
20240202,12:30:58,8.05,100,15500
20240202,12:31:07,8.1,150,15500
20240202,12:31:25,7.95,150,15500
20240202,12:31:34,8.0,50,15500
20240202,12:31:44,7.55,450,15500
20240202,12:31:55,7.45,450,15500
20240202,12:32:04,7.2,350,15500
20240202,12:32:15,7.25,250,15500
20240202,12:32:25,7.25,100,15500
20240202,12:32:35,7.45,300,15500
20240202,12:32:44,7.6,50,15500
20240202,12:32:54,7.65,150,15100
20240202,12:33:02,7.65,50,15100
20240202,12:33:12,7.5,150,15100
20240202,12:33:22,7.5,500,15100
20240202,12:33:49,7.75,50,15100
20240202,12:33:59,7.95,100,15100
20240202,12:34:19,8.1,50,15100
20240202,12:34:29,8.3,50,15100
20240202,12:34:39,8.4,200,15100
20240202,12:34:50,8.4,100,15100
20240202,12:35:10,8.0,350,15100
20240202,12:35:20,7.95,100,15100
20240202,12:35:30,7.6,550,15100
20240202,12:35:48,7.55,50,14300
20240202,12:36:07,7.05,250,14300
20240202,12:36:17,6.9,200,14300
20240202,12:36:27,6.75,750,14300
20240202,12:36:36,6.75,50,14300
20240202,12:36:45,6.65,100,14300
20240202,12:36:55,6.75,100,14300
20240202,12:37:04,6.75,50,14300
20240202,12:37:23,7.1,250,14300
20240202,12:37:32,7.15,50,14300
20240202,12:37:41,7.0,150,14300
20240202,12:37:50,7.2,200,14300
20240202,12:37:59,7.15,100,14300
20240202,12:38:09,7.15,100,14300
20240202,12:38:18,7.1,50,14300
20240202,12:38:28,7.2,50,14300
20240202,12:39:27,7.2,100,14250
20240202,12:39:37,7.35,350,14250
20240202,12:39:47,7.7,200,14250
20240202,12:39:57,7.85,50,14250
20240202,12:40:07,8.05,450,14250
20240202,12:40:39,8.35,100,14250
20240202,12:41:01,8.7,50,14250
20240202,12:41:11,8.6,300,14250
20240202,12:41:41,8.15,350,14250
20240202,12:42:30,7.7,100,14450
20240202,12:42:40,8.05,500,14450
20240202,12:42:59,8.25,150,14450
20240202,12:43:09,8.4,50,14450
20240202,12:43:19,8.3,100,14450
20240202,12:43:29,8.45,250,14450
20240202,12:43:49,8.55,50,14450
20240202,12:45:45,8.75,50,14150
20240202,12:46:04,8.6,50,14150
20240202,12:46:13,8.6,50,14150
20240202,12:46:59,8.35,150,14150
20240202,12:47:18,8.2,50,14150
20240202,12:47:55,8.3,100,13950
20240202,12:48:05,8.25,300,13950
20240202,12:48:51,8.05,50,13950
20240202,12:49:18,7.85,300,13950
20240202,12:50:12,8.0,50,13950
20240202,12:50:55,7.85,100,13900
20240202,12:51:03,7.9,100,13900
20240202,12:51:20,8.0,50,13900
20240202,12:52:48,8.0,250,13900
20240202,12:52:57,8.0,100,13900
20240202,12:53:06,7.95,50,13900
20240202,12:53:15,8.05,100,13900
20240202,12:53:25,8.05,100,13900
20240202,12:53:34,8.1,50,13900
20240202,12:54:28,7.9,50,13650
20240202,12:54:38,7.9,150,13650
20240202,12:55:05,7.75,50,13650
20240202,12:57:06,7.85,100,13600
20240202,12:59:31,7.65,100,13600
20240202,13:01:04,7.55,100,13650
20240202,13:06:44,7.75,100,13650
20240202,13:06:52,7.8,700,13650
20240202,13:07:09,7.8,200,13650
20240202,13:07:42,7.85,50,13650
20240202,13:08:33,7.75,50,13650
20240202,13:09:21,7.5,200,13350
20240202,13:09:56,7.6,200,13350
20240202,13:10:54,7.8,200,13350
20240202,13:12:02,7.6,900,12800
20240202,13:15:45,7.2,50,12350
20240202,13:16:52,7.55,100,12350
20240202,13:17:02,7.55,50,12350
20240202,13:17:21,7.5,50,12350
20240202,13:17:40,7.55,300,12350
20240202,13:18:51,7.65,50,11950
20240202,13:22:35,7.45,50,11900
20240202,13:23:21,7.5,250,11900
20240202,13:24:00,7.4,200,11750
20240202,13:24:21,7.45,50,11750
20240202,13:27:51,6.7,50,11700
20240202,13:28:54,6.85,200,11700
20240202,13:31:02,7.2,100,11700
20240202,13:31:33,7.0,100,11700
20240202,13:33:16,7.05,50,11600
20240202,13:34:18,7.0,200,11600
20240202,13:39:54,7.35,100,11450
20240202,13:40:04,7.3,50,11450
20240202,13:40:23,7.3,950,11450
20240202,13:44:14,6.75,50,10850
20240202,13:44:52,6.75,50,10850
20240202,13:45:06,6.55,200,10850
20240202,13:45:13,6.75,50,10850
20240202,13:45:26,6.75,50,10850
20240202,13:45:47,6.85,50,10850
20240202,13:49:09,6.75,100,10800
20240202,13:49:31,6.7,100,10800
20240202,13:49:38,6.6,1450,10800
20240202,13:49:46,6.5,350,10800
20240202,13:50:01,6.5,50,10800
20240202,13:52:44,6.5,150,11850
20240202,13:53:21,6.7,50,11850
20240202,14:09:11,7.35,50,11850
20240202,14:14:28,7.3,50,11850
20240202,14:14:36,7.3,200,11850
20240202,14:16:22,7.3,50,11900
20240202,14:18:52,7.4,50,11850
20240202,14:19:07,7.3,50,11850
20240202,14:21:13,7.3,150,11850
20240202,14:22:26,7.0,50,11850
20240202,14:27:10,6.95,50,11850
20240202,14:32:15,6.7,100,11850
20240202,14:33:38,6.65,150,11850
20240202,14:36:41,6.8,150,11850
20240202,14:37:00,6.95,100,11850
20240202,14:37:27,7.15,100,11850
20240202,14:37:36,7.1,50,11850
20240202,14:37:43,7.1,50,11850
20240202,14:37:49,7.1,100,11850
20240202,14:38:03,7.25,300,11850
20240202,14:38:25,7.15,250,11850
20240202,14:38:46,7.3,350,11850
20240202,14:39:12,7.3,50,11150
20240202,14:39:19,7.3,50,11150
20240202,14:39:26,7.2,50,11150
20240202,14:39:33,7.3,700,11150
20240202,14:40:21,7.3,450,11150
20240202,14:40:41,7.15,50,11150
20240202,14:40:54,7.25,50,11150
20240202,14:41:12,7.3,300,11150
20240202,14:41:18,7.3,650,11150
20240202,14:43:02,7.4,150,10750
20240202,14:43:16,7.5,50,10750
20240202,14:44:45,7.5,100,10750
20240202,14:46:31,7.55,150,10550
20240202,14:47:28,7.55,50,10550
20240202,14:47:41,7.55,50,10550
20240202,14:48:52,7.7,50,10500
20240202,14:50:46,7.65,50,10500
20240202,14:51:01,7.75,100,10550
20240202,14:51:15,7.6,50,10550
20240202,14:51:23,7.6,50,10550
20240202,14:51:44,7.6,50,10550
20240202,14:52:31,7.65,150,10550
20240202,14:53:07,7.3,100,10550
20240202,14:53:15,7.35,50,10550
20240202,14:53:22,7.4,300,10550
20240202,14:53:29,7.2,50,10550
20240202,14:53:38,6.9,400,10550
20240202,14:53:57,6.7,300,10550
20240202,14:54:31,6.9,100,10250
20240202,14:55:43,6.85,50,10250
20240202,14:56:00,6.85,100,10250
20240202,14:58:31,6.65,50,9850
20240202,14:58:49,6.55,150,9850
20240202,14:59:08,6.35,100,9850
20240202,15:00:11,6.35,100,9650
20240202,15:00:20,6.9,50,9650
20240202,15:00:31,7.3,300,9650
20240202,15:00:41,7.2,50,9650
20240202,15:02:34,6.6,100,9650
20240202,15:07:04,6.9,500,9450
20240202,15:07:13,6.9,450,9450
20240202,15:08:07,6.95,100,9450
20240202,15:08:46,7.0,100,9450
20240202,15:10:08,7.05,250,9500
20240202,15:11:10,7.0,50,9500
20240202,15:11:27,7.0,50,9500
20240202,15:11:54,7.2,150,9500
20240202,15:13:30,6.85,50,9850
20240202,15:16:47,6.85,100,9900
20240202,15:18:26,6.75,250,9950
20240202,15:19:09,6.6,200,9950
20240202,15:19:18,6.5,100,9950
20240202,15:21:34,6.55,50,9650
20240202,15:21:51,6.6,350,9650
20240202,15:22:24,6.5,50,9650
20240202,15:24:26,6.45,50,9250
20240202,15:25:42,6.25,50,9250
20240202,15:25:51,6.05,50,9250
20240202,15:26:08,6.0,300,9250
20240202,15:28:00,6.0,100,9200
20240202,15:28:08,6.2,100,9200
20240202,15:28:24,6.3,300,9200
20240202,15:28:40,6.4,50,9200
20240202,15:29:30,6.6,50,9200
20240205,09:15:03,6.8,1,9050
20240205,09:15:03,6.75,250,9050
20240205,09:15:13,6.9,200,9050
20240205,09:15:25,7.2,150,9050
20240205,09:15:36,7.55,1400,9050
20240205,09:15:46,6.75,250,9050
20240205,09:17:00,6.4,50,9400
20240205,09:17:17,6.4,50,9400
20240205,09:17:52,6.85,50,9400
20240205,09:18:00,6.85,150,9400
20240205,09:18:16,6.85,200,9400
20240205,09:18:48,6.65,200,9400
20240205,09:19:05,6.55,2100,9400
20240205,09:19:14,6.5,50,11450
20240205,09:19:22,6.45,150,11450
20240205,09:19:31,6.4,50,11450
20240205,09:20:09,6.35,550,11450
20240205,09:20:17,6.45,150,11450
20240205,09:20:33,6.45,50,11450
20240205,09:21:05,6.4,350,11450
20240205,09:21:13,6.25,1850,11450
20240205,09:21:21,6.15,3400,11450
20240205,09:21:29,6.15,600,11450
20240205,09:22:14,6.15,150,11450
20240205,09:23:48,6.05,150,15100
20240205,09:23:55,6.05,200,15100
20240205,09:24:10,6.1,500,15100
20240205,09:25:04,6.05,250,15100
20240205,09:25:19,6.05,150,15600
20240205,09:25:26,6.05,50,15600
20240205,09:25:42,6.1,1050,15600
20240205,09:25:49,6.15,100,15600
20240205,09:25:57,6.2,1450,15600
20240205,09:26:06,6.25,2800,15600
20240205,09:26:15,6.3,2450,15600
20240205,09:26:23,6.35,2400,15600
20240205,09:26:31,6.4,2400,15600
20240205,09:26:40,6.4,300,15600
20240205,09:26:49,6.4,1400,15600
20240205,09:26:56,6.5,3950,15600
20240205,09:27:03,6.55,800,15600
20240205,09:27:46,6.55,450,15600
20240205,09:27:53,6.5,4600,15600
20240205,09:28:00,6.45,1200,15600
20240205,09:28:28,6.1,3000,36250
20240205,09:28:36,6.1,800,36250
20240205,09:28:44,6.0,50,36250
20240205,09:29:07,5.85,150,36250
20240205,09:29:30,5.85,50,36250
20240205,09:29:45,5.95,600,36250
20240205,09:30:11,6.0,250,36250
20240205,09:30:26,5.9,50,36250
20240205,09:30:48,5.75,50,36250
20240205,09:30:56,5.75,200,36250
20240205,09:31:11,5.7,100,36250
20240205,09:31:26,5.65,300,38750
20240205,09:31:54,5.65,50,38750
20240205,09:32:02,5.85,350,38750
20240205,09:32:24,5.75,100,38750
20240205,09:32:40,5.75,100,38750
20240205,09:33:02,5.6,50,38750
20240205,09:33:10,5.55,100,38750
20240205,09:33:48,5.55,850,38750
20240205,09:34:40,5.75,350,39100
20240205,09:34:47,5.65,400,39100
20240205,09:35:16,5.7,150,39100
20240205,09:35:31,5.8,1200,39100
20240205,09:36:54,5.9,200,39100
20240205,09:37:02,5.95,50,39100
20240205,09:37:24,5.95,50,39100
20240205,09:40:13,6.3,50,39100
20240205,09:40:22,6.4,950,39100
20240205,09:41:00,6.4,450,39100
20240205,09:41:08,6.45,100,39100
20240205,09:41:39,6.2,100,39100
20240205,09:41:47,6.1,100,39100
20240205,09:41:54,6.1,100,39100
20240205,09:42:02,6.05,50,39100
20240205,09:42:09,6.05,250,39100
20240205,09:42:38,6.15,100,39100
20240205,09:43:07,6.4,50,39100
20240205,09:43:15,6.4,50,39100
20240205,09:43:42,6.4,100,39200
20240205,09:44:03,6.35,100,39200
20240205,09:44:17,6.35,100,39200
20240205,09:44:56,6.25,450,39200
20240205,09:47:02,6.3,100,39100
20240205,09:47:22,6.4,250,39100
20240205,09:47:40,6.35,350,39100
20240205,09:48:41,6.7,250,39100
20240205,09:48:49,6.7,50,39100
20240205,09:48:56,6.7,150,39100
20240205,09:49:17,6.7,50,39100
20240205,09:49:56,6.8,50,39100
20240205,09:50:02,6.85,100,39100
20240205,09:50:09,6.9,200,39100
20240205,09:50:17,6.9,300,39100
20240205,09:50:25,6.95,450,39100
20240205,09:50:34,7.25,50,39100
20240205,09:50:51,7.35,100,39100
20240205,09:51:01,7.55,100,39100
20240205,09:51:11,7.5,100,39100
20240205,09:51:19,7.55,100,39100
20240205,09:51:46,7.45,50,39100
20240205,09:52:29,7.65,200,39550
20240205,09:53:04,7.85,300,39550
20240205,09:53:13,7.85,500,39550
20240205,09:53:28,7.85,50,39550
20240205,09:53:37,7.85,50,39550
20240205,09:54:21,7.85,250,39550
20240205,09:55:24,7.35,50,39650
20240205,09:55:39,7.15,50,39650
20240205,09:56:07,6.95,50,39650
20240205,09:56:49,7.25,100,39650
20240205,09:56:57,7.35,50,39650
20240205,09:58:39,7.35,400,39600
20240205,09:58:46,7.4,100,39600
20240205,09:59:12,7.55,100,39600
20240205,09:59:26,7.7,250,39600
20240205,09:59:45,7.7,50,39600
20240205,10:00:05,7.55,100,39600
20240205,10:00:17,7.65,50,39600
20240205,10:01:21,7.4,200,39900
20240205,10:02:43,7.8,50,39900
20240205,10:03:39,7.55,2100,39900
20240205,10:03:46,7.55,100,39900
20240205,10:04:22,7.25,200,39900
20240205,10:04:54,7.1,50,42100
20240205,10:05:24,7.05,50,42100
20240205,10:05:34,7.1,250,42100
20240205,10:05:44,7.4,250,42100
20240205,10:06:15,7.4,250,42100
20240205,10:06:35,7.2,750,42100
20240205,10:06:44,7.3,150,42100
20240205,10:07:02,7.4,100,42100
20240205,10:08:03,7.6,50,42100
20240205,10:09:45,7.6,50,42100
20240205,10:10:50,7.6,50,42100
20240205,10:13:37,7.35,250,42100
20240205,10:14:43,7.3,250,42100
20240205,10:15:29,7.25,50,42100
20240205,10:17:35,6.95,100,42100
20240205,10:17:45,6.7,100,42100
20240205,10:18:38,6.15,100,42100
20240205,10:19:19,5.9,50,42100
20240205,10:19:49,5.75,50,42100
20240205,10:21:18,5.9,550,42100
20240205,10:21:38,6.15,50,42100
20240205,10:21:48,6.05,150,42100
20240205,10:21:57,6.05,100,42100
20240205,10:22:06,6.05,100,42100
20240205,10:22:16,6.1,450,42100
20240205,10:26:04,6.4,50,42000
20240205,10:26:39,6.4,50,42000
20240205,10:26:48,6.4,100,42000
20240205,10:27:56,6.3,150,42000
20240205,10:28:04,6.3,50,42000
20240205,10:28:47,6.4,250,42000
20240205,10:28:55,6.35,100,42000
20240205,10:29:12,6.3,100,42000
20240205,10:31:07,6.35,200,42000
20240205,10:31:15,6.3,250,42000
20240205,10:31:32,6.2,400,41750
20240205,10:32:06,6.2,500,41750
20240205,10:34:54,6.15,150,41750
20240205,10:35:40,6.2,50,41750
20240205,10:36:04,6.15,50,41750
20240205,10:37:50,6.15,50,41750
20240205,10:38:50,6.3,250,41750
20240205,10:38:58,6.3,250,41750
20240205,10:39:13,6.35,250,41750
20240205,10:40:01,6.25,150,41750
20240205,10:40:50,6.3,4500,41750
20240205,10:40:56,6.3,1900,41750
20240205,10:41:34,6.35,300,41750
20240205,10:43:54,6.5,50,37650
20240205,10:44:26,6.6,300,37650
20240205,10:44:41,6.65,150,37650
20240205,10:45:08,6.75,100,37650
20240205,10:46:34,6.9,150,37650
20240205,10:47:01,7.0,150,37650
20240205,10:47:18,6.95,350,37650
20240205,10:47:26,6.95,350,37650
20240205,10:47:50,7.0,1700,37650
20240205,10:48:04,7.1,300,37650
20240205,10:48:12,6.95,50,37650
20240205,10:49:10,7.0,100,37650
20240205,10:49:17,7.05,300,37650
20240205,10:49:43,7.1,100,37650
20240205,10:49:50,7.1,100,37650
20240205,10:49:57,7.0,50,37650
20240205,10:50:04,6.95,850,37650
20240205,10:50:26,7.1,200,37650
20240205,10:50:32,7.0,150,37650
20240205,10:51:09,6.85,400,37650
20240205,10:51:16,6.9,250,37650
20240205,10:51:31,6.8,50,37650
20240205,10:51:54,6.75,100,37650
20240205,10:52:09,6.65,300,37650
20240205,10:52:16,6.7,200,37650
20240205,10:52:54,6.65,100,37750
20240205,10:53:03,6.75,50,37750
20240205,10:53:24,6.85,850,37750
20240205,10:53:32,6.95,50,37750
20240205,10:53:55,6.95,50,37750
20240205,10:55:28,7.1,600,37750
20240205,10:55:37,7.05,100,37750
20240205,10:57:29,7.0,200,37750
20240205,11:01:34,7.0,50,37750
20240205,11:02:47,7.05,50,37750
20240205,11:04:45,6.8,100,37750
20240205,11:06:40,6.9,100,37750
20240205,11:08:47,6.6,100,37650
20240205,11:09:29,6.55,50,37650
20240205,11:10:05,6.55,100,37650
20240205,11:13:41,6.85,100,37750
20240205,11:16:57,7.1,300,37750
20240205,11:19:08,6.85,600,37750
20240205,11:20:13,6.7,300,37750
20240205,11:21:16,6.95,50,37750
20240205,11:21:24,6.85,50,37750
20240205,11:22:48,6.9,50,37750
20240205,11:23:28,6.65,550,37750
20240205,11:31:49,6.45,200,38050
20240205,11:32:03,6.45,50,38050
20240205,11:32:23,6.4,200,38050
20240205,11:32:40,6.45,50,38050
20240205,11:35:04,6.45,100,38050
20240205,11:37:31,6.5,50,38050
20240205,11:37:37,6.55,150,38100
20240205,11:37:45,6.5,200,38100
20240205,11:38:35,6.7,50,38100
20240205,11:40:31,6.8,50,38100
20240205,11:40:49,6.65,50,38050
20240205,11:42:06,6.6,50,38050
20240205,11:44:13,6.45,50,38050
20240205,11:44:19,6.45,250,38050
20240205,11:44:53,6.35,150,38050
20240205,11:44:59,6.3,50,38050
20240205,11:51:14,6.5,150,38150
20240205,11:51:24,6.2,100,38150
20240205,11:52:46,6.25,100,38100
20240205,11:52:55,6.2,50,38100
20240205,11:53:04,6.2,50,38100
20240205,11:53:19,6.25,250,38100
20240205,11:59:07,6.25,50,38050
20240205,11:59:34,6.2,150,38050
20240205,12:03:23,6.05,50,38050
20240205,12:04:52,5.95,150,38100
20240205,12:10:04,5.7,50,38100
20240205,12:10:20,5.55,50,38100
20240205,12:10:50,5.6,50,38100
20240205,12:11:15,5.8,50,38100
20240205,12:11:58,5.7,150,38100
20240205,12:16:47,5.8,500,38100
20240205,12:19:50,6.0,250,38600
20240205,12:21:03,5.9,200,38600
20240205,12:22:20,6.0,300,38600
20240205,12:23:00,6.0,150,38600
20240205,12:25:05,5.85,50,38600
20240205,12:26:54,5.55,150,38550
20240205,12:28:27,5.5,1100,38550
20240205,12:29:20,5.5,500,39650
20240205,12:29:37,5.45,50,39650
20240205,12:30:57,5.45,200,39650
20240205,12:31:59,5.65,50,39850
20240205,12:33:46,5.65,200,39850
20240205,12:44:01,5.75,50,39850
20240205,12:45:26,5.8,50,39850
20240205,12:46:07,5.75,200,39850
20240205,12:46:11,5.75,50,39850
20240205,12:50:58,5.7,150,39850
20240205,12:55:28,5.8,50,39850
20240205,13:00:22,6.0,50,39850
20240205,13:02:10,5.9,50,39850
20240205,13:02:17,6.0,50,39850
20240205,13:03:16,6.0,200,39850
20240205,13:03:22,6.0,50,39850
20240205,13:04:10,5.9,250,39850
20240205,13:06:46,6.0,150,39850
20240205,13:10:07,6.15,50,39850
20240205,13:13:03,6.1,50,39850
20240205,13:14:49,5.9,100,39850
20240205,13:16:15,5.7,850,39850
20240205,13:17:47,6.0,50,39900
20240205,13:25:24,5.7,200,39900
20240205,13:26:26,5.4,450,39900
20240205,13:29:33,5.5,100,39900
20240205,13:47:28,5.7,100,39900
20240205,13:47:48,5.7,100,39900
20240205,14:05:00,5.55,100,39900
20240205,14:06:52,5.5,100,39900
20240205,14:14:11,5.4,50,39900
20240205,14:16:56,5.55,50,39900
20240205,14:19:46,5.55,100,39950
20240205,14:20:03,5.55,150,40000
20240205,14:20:07,5.55,50,40000
20240205,14:20:11,5.55,150,40000
20240205,14:20:22,5.55,50,40000
20240205,14:21:08,5.5,150,40000
20240205,14:21:23,5.5,250,40000
20240205,14:21:35,5.5,250,40000
20240205,14:21:42,5.55,50,40000
20240205,14:22:16,5.5,50,40000
20240205,14:22:51,5.5,50,40000
20240205,14:24:23,5.6,300,40350
20240205,14:24:30,5.5,250,40350
20240205,14:24:58,5.6,1200,40350
20240205,14:25:09,5.65,50,40350
20240205,14:25:50,5.75,50,40350
20240205,14:26:13,5.75,250,40350
20240205,14:26:20,5.8,100,40350
20240205,14:26:50,5.75,100,40350
20240205,14:26:56,5.8,250,40350
20240205,14:27:14,5.8,1150,40350
20240205,14:27:20,5.8,350,40350
20240205,14:27:26,5.75,200,40350
20240205,14:29:14,5.75,300,40350
20240205,14:29:54,5.8,200,40350
20240205,14:30:46,5.95,200,40350
20240205,14:30:57,5.9,100,40350
20240205,14:31:36,5.85,50,40350
20240205,14:32:12,5.85,50,40150
20240205,14:32:22,5.8,50,40150
20240205,14:33:05,5.7,50,40150
20240205,14:33:41,5.6,1100,40150
20240205,14:35:38,5.6,50,40150
20240205,14:35:48,5.55,350,40150
20240205,14:35:57,5.55,100,40150
20240205,14:36:06,5.5,200,40150
20240205,14:37:59,5.45,500,40150
20240205,14:39:03,5.4,100,40200
20240205,14:39:40,5.4,250,40200
20240205,14:40:33,5.45,50,40200
20240205,14:41:34,5.5,100,40200
20240205,14:42:21,5.45,100,40200
20240205,14:42:55,5.35,50,40200
20240205,14:43:16,5.35,100,40200
20240205,14:43:35,5.6,100,40200
20240205,14:44:37,5.45,50,40200
20240205,14:44:47,5.6,50,40200
20240205,14:47:15,5.2,550,40250
20240205,14:47:57,5.1,100,40250
20240205,14:48:07,5.1,50,40250
20240205,14:48:28,5.1,150,40250
20240205,14:48:38,5.1,250,40250
20240205,14:48:58,5.2,2800,40250
20240205,14:49:08,5.2,150,40250
20240205,14:49:18,5.35,100,40250
20240205,14:49:28,5.25,750,40250
20240205,14:50:08,5.2,100,40750
20240205,14:50:18,5.1,50,40750
20240205,14:50:48,5.1,50,40750
20240205,14:50:58,5.05,250,40750
20240205,14:51:07,5.0,300,40750
20240205,14:51:17,4.9,200,40750
20240205,14:51:45,4.9,50,40750
20240205,14:52:41,5.05,800,40750
20240205,14:52:51,5.1,50,40750
20240205,14:53:21,5.1,50,40750
20240205,14:53:40,5.1,300,40750
20240205,14:54:09,5.0,200,40750
20240205,14:54:18,5.0,100,40750
20240205,14:54:46,4.9,50,40750
20240205,14:55:05,4.85,50,40750
20240205,14:55:15,4.85,50,40750
20240205,14:55:23,4.7,100,40750
20240205,14:55:33,4.7,150,40750
20240205,14:55:53,4.85,550,40750
20240205,14:56:13,4.8,150,41200
20240205,14:56:30,4.85,100,41200
20240205,14:57:40,4.85,50,41200
20240205,14:58:00,4.85,50,41200
20240205,14:58:10,4.85,50,41200
20240205,14:58:28,4.75,150,41200
20240205,14:58:47,4.7,50,41200
20240205,14:58:56,4.8,50,41200
20240205,14:59:33,4.8,300,41150
20240205,14:59:42,4.75,150,41150
20240205,15:00:08,4.75,250,41150
20240205,15:00:56,4.7,50,41150
20240205,15:01:51,4.75,150,41150
20240205,15:02:53,4.8,250,40650
20240205,15:04:15,5.0,500,40650
20240205,15:04:42,5.1,250,40650
20240205,15:05:00,5.05,100,40650
20240205,15:05:38,5.1,150,40750
20240205,15:05:58,5.1,50,40750
20240205,15:06:28,5.15,650,40750
20240205,15:06:39,5.05,150,40750
20240205,15:06:49,5.0,100,40750
20240205,15:06:58,5.0,50,40750
20240205,15:07:17,5.05,50,40750
20240205,15:07:56,5.1,150,40750
20240205,15:09:43,5.05,100,40700
20240205,15:09:53,4.95,150,40700
20240205,15:10:01,4.95,150,40700
20240205,15:10:10,4.95,650,40700
20240205,15:10:28,5.05,150,40700
20240205,15:10:37,4.95,100,40700
20240205,15:11:06,4.9,350,40700
20240205,15:11:17,4.7,50,40700
20240205,15:11:28,4.8,50,40700
20240205,15:13:35,4.8,850,40700
20240205,15:14:11,4.8,100,39850
20240205,15:15:26,4.8,50,39850
20240205,15:17:13,4.9,350,39850
20240205,15:18:10,4.95,50,39850
20240205,15:18:19,5.0,100,39850
20240205,15:19:15,4.85,300,39850
20240205,15:20:27,4.8,100,39800
20240205,15:20:45,4.9,500,39800
20240205,15:20:54,4.85,100,39800
20240205,15:21:04,4.8,200,39800
20240205,15:22:26,5.0,250,39800
20240205,15:23:03,4.8,250,39800
20240205,15:23:39,4.8,50,39900
20240205,15:24:21,4.85,100,39900
20240205,15:25:31,4.7,650,39900
20240205,15:25:49,4.7,1000,39900
20240205,15:26:23,4.65,200,39800
20240205,15:26:49,4.5,100,39800
20240205,15:27:15,4.5,150,39800
20240205,15:27:24,4.5,200,39800
20240205,15:27:41,4.5,250,39800
20240205,15:27:58,4.55,100,39800
20240205,15:28:08,4.5,50,39800
20240205,15:28:17,4.5,50,39800
20240205,15:28:25,4.6,50,39800
20240205,15:28:43,4.7,150,39800
20240205,15:29:01,4.5,100,39800
20240205,15:29:10,4.55,50,40000
20240206,09:15:05,4.85,1,39950
20240206,09:15:05,5.65,150,39950
20240206,09:15:17,4.95,250,39950
20240206,09:16:30,4.55,1700,39950
20240206,09:16:40,4.5,250,41500
20240206,09:17:16,4.3,1450,41500
20240206,09:17:27,4.35,150,41500
20240206,09:17:46,4.4,50,41500
20240206,09:18:05,4.65,1700,41500
20240206,09:18:15,4.45,550,41500
20240206,09:18:25,4.4,950,41500
20240206,09:19:51,4.3,100,40050
20240206,09:20:00,4.35,100,40050
20240206,09:22:48,4.4,150,40050
20240206,09:23:36,4.4,150,40050
20240206,09:25:13,4.35,50,40050
20240206,09:27:45,4.4,50,40000
20240206,09:28:31,4.3,100,40000
20240206,09:30:25,4.3,50,39950
20240206,09:32:06,4.25,3300,39950
20240206,09:32:39,4.55,500,39950
20240206,09:32:51,4.45,200,39950
20240206,09:33:03,4.4,50,39950
20240206,09:33:51,4.35,50,39950
20240206,09:38:39,4.65,50,40450
20240206,09:40:02,4.8,100,40450
20240206,09:40:25,4.75,50,40450
20240206,09:45:06,4.7,50,40400
20240206,09:45:27,4.7,100,40400
20240206,09:45:39,4.65,50,40400
20240206,09:46:25,4.6,150,40400
20240206,09:46:36,4.6,500,40400
20240206,09:47:18,4.5,100,39700
20240206,09:48:11,4.5,100,39700
20240206,09:48:33,4.55,650,39700
20240206,09:49:02,4.6,1000,39700
20240206,09:49:56,4.6,200,40100
20240206,09:50:09,4.55,100,40100
20240206,09:50:32,4.55,200,40100
20240206,09:55:05,4.65,150,39850
20240206,09:55:38,4.6,50,39700
20240206,10:01:08,4.5,100,39650
20240206,10:01:18,4.6,250,39650
20240206,10:01:27,4.6,100,39650
20240206,10:01:46,4.7,50,39650
20240206,10:02:05,4.65,200,39650
20240206,10:02:15,4.65,100,39650
20240206,10:03:33,4.65,100,39650
20240206,10:04:51,4.85,50,39450
20240206,10:05:49,4.65,50,39450
20240206,10:09:28,4.6,100,39450
20240206,10:10:18,4.65,250,39450
20240206,10:21:28,4.5,50,39450
20240206,10:22:42,4.4,200,39450
20240206,10:26:27,4.3,100,39550
20240206,10:28:04,4.1,300,39550
20240206,10:28:50,4.1,50,39550
20240206,10:29:22,4.05,150,39550
20240206,10:29:43,4.0,550,39550
20240206,10:29:53,4.0,50,39550
20240206,10:33:22,3.95,100,39450
20240206,10:33:50,3.8,350,39450
20240206,10:34:19,3.9,150,39450
20240206,10:35:15,3.85,50,39450
20240206,10:39:46,3.95,100,39450
20240206,10:43:12,4.05,50,39450
20240206,10:43:54,4.0,50,39450
20240206,10:44:54,3.95,200,39450
20240206,10:48:08,4.05,200,39550
20240206,10:52:29,4.05,50,39550
20240206,10:53:12,4.05,1000,39500
20240206,10:55:01,4.05,50,39500
20240206,10:55:28,4.05,450,39500
20240206,11:00:16,4.1,50,39950
20240206,11:02:08,4.15,50,39950
20240206,11:02:16,4.15,150,39950
20240206,11:06:25,3.95,50,39800
20240206,11:08:28,4.0,150,39800
20240206,11:16:08,4.0,50,39850
20240206,11:16:51,4.0,400,39850
20240206,11:17:11,3.95,50,39850
20240206,11:28:14,3.95,400,39850
20240206,11:30:46,3.9,250,39800
20240206,11:30:57,3.9,50,39800
20240206,11:32:38,4.05,50,39800
20240206,11:34:01,3.85,50,39800
20240206,11:38:16,3.95,750,39800
20240206,11:40:07,3.95,50,39800
20240206,11:47:25,3.95,50,40250
20240206,11:47:35,3.95,100,40250
20240206,11:49:16,3.95,50,40250
20240206,11:49:30,3.95,50,40250
20240206,11:50:07,4.0,50,40300
20240206,11:54:24,4.0,450,40350
20240206,11:54:44,4.0,50,40350
20240206,11:55:46,4.0,450,40350
20240206,11:57:23,4.05,500,41250
20240206,11:57:47,4.1,50,41250
20240206,11:58:26,4.25,300,41250
20240206,11:59:37,4.15,50,41350
20240206,12:00:01,4.2,250,41350
20240206,12:00:14,4.25,100,41350
20240206,12:03:31,3.95,100,41350
20240206,12:04:48,3.95,350,41350
20240206,12:12:47,4.25,500,41300
20240206,12:16:49,4.25,50,41800
20240206,12:16:58,4.15,50,41800
20240206,12:29:30,3.9,250,41850
20240206,12:32:29,3.9,150,41850
20240206,12:33:28,4.05,50,41850
20240206,12:34:35,4.1,100,41850
20240206,12:34:50,4.15,200,41850
20240206,12:35:28,4.1,200,41800
20240206,12:37:03,4.4,100,41800
20240206,12:37:33,4.45,200,41800
20240206,12:38:40,4.15,100,41850
20240206,12:40:21,4.05,50,41850
20240206,12:42:22,4.1,50,41900
20240206,12:43:16,4.05,50,41900
20240206,12:45:42,4.2,50,41900
20240206,12:46:57,4.25,200,41900
20240206,12:48:17,4.2,150,41800
20240206,12:49:00,4.15,150,41800
20240206,12:52:28,4.0,50,41800
20240206,12:53:04,4.0,50,41800
20240206,12:53:51,3.8,100,41800
20240206,12:54:35,3.95,50,41800
20240206,12:56:12,3.95,50,41800
20240206,13:00:29,3.95,150,41800
20240206,13:04:36,4.0,100,41850
20240206,13:04:51,4.0,100,41850
20240206,13:05:09,4.05,50,41800
20240206,13:05:31,4.05,250,41800
20240206,13:06:12,4.0,50,41800
20240206,13:07:41,4.1,50,41800
20240206,13:07:53,4.1,50,41800
20240206,13:13:36,4.0,50,41850
20240206,13:14:36,4.0,50,41850
20240206,13:15:06,4.0,50,41850
20240206,13:15:21,4.0,500,41850
20240206,13:21:55,4.1,50,42350
20240206,13:30:08,4.2,300,42350
20240206,13:32:20,4.1,50,42350
20240206,13:32:44,4.1,150,42350
20240206,13:32:51,4.15,150,42350
20240206,13:33:27,4.15,50,42350
20240206,13:33:32,4.15,50,42350
20240206,13:34:13,4.15,850,42350
20240206,13:35:13,4.05,50,42350
20240206,13:35:31,3.95,100,42350
20240206,13:38:17,3.8,50,42350
20240206,13:40:17,3.85,50,42350
20240206,13:42:46,3.95,50,42350
20240206,13:43:04,3.95,50,42350
20240206,13:46:13,3.9,50,42350
20240206,13:46:48,3.8,150,42350
20240206,13:47:29,3.7,50,42350
20240206,13:47:38,3.7,50,42350
20240206,13:48:11,3.75,50,42350
20240206,13:50:12,3.75,50,42350
20240206,13:57:24,3.85,50,42350
20240206,14:09:08,3.95,50,42350
20240206,14:11:28,3.8,100,42350
20240206,14:11:56,3.8,100,42350
20240206,14:13:22,3.8,400,42350
20240206,14:13:34,3.8,50,42350
20240206,14:16:30,3.8,50,42350
20240206,14:19:45,3.8,50,42350
20240206,14:22:07,3.8,50,42350
20240206,14:22:21,3.8,50,42350
20240206,14:22:37,3.8,50,42350
20240206,14:22:45,3.8,50,42350
20240206,14:29:44,3.95,50,42350
20240206,14:30:58,3.95,50,42350
20240206,14:35:36,4.0,50,42350
20240206,14:36:34,4.0,50,42350
20240206,14:38:05,4.0,150,42350
20240206,14:43:31,3.95,600,42500
20240206,14:45:56,3.95,50,42500
20240206,14:46:04,3.85,250,42500
20240206,14:46:55,4.0,50,42500
20240206,14:51:40,3.9,50,42450
20240206,14:54:23,3.5,250,42500
20240206,14:59:25,3.5,50,42500
20240206,15:00:55,3.75,50,42500
20240206,15:02:05,3.6,50,42500
20240206,15:04:29,3.45,1050,42500
20240206,15:05:09,3.5,500,42500
20240206,15:05:15,3.5,750,42500
20240206,15:06:40,3.8,50,44750
20240206,15:07:10,3.75,100,44750
20240206,15:07:22,3.7,100,44750
20240206,15:07:41,3.7,50,44750
20240206,15:12:15,3.7,50,44700
20240206,15:14:00,3.7,200,44700
20240206,15:14:39,3.65,50,44700
20240206,15:14:46,3.65,50,44700
20240206,15:14:53,3.65,50,44700
20240206,15:15:33,3.6,150,44700
20240206,15:18:36,3.75,50,44750
20240206,15:18:56,3.6,50,44750
20240206,15:20:38,3.85,350,44750
20240206,15:20:51,3.95,50,44750
20240206,15:21:02,3.75,50,44750
20240206,15:21:12,3.75,50,44750
20240206,15:22:08,3.75,50,44750
20240206,15:22:26,3.65,100,44750
20240206,15:24:04,3.75,100,45000
20240206,15:24:11,3.75,600,45000
20240206,15:24:17,3.75,350,45000
20240206,15:25:41,3.75,1600,45000
20240206,15:26:14,3.85,50,45000
20240206,15:27:24,3.8,100,46000
20240206,15:27:49,3.95,50,46000
20240206,15:29:16,3.8,250,46000
20240206,15:29:43,4.0,300,46200
20240207,09:15:28,4.8,1,45900
20240207,09:15:28,4.75,150,45900
20240207,09:15:54,4.65,300,45900
20240207,09:16:08,4.75,100,45900
20240207,09:16:22,4.75,300,45900
20240207,09:16:35,4.85,1800,46000
20240207,09:16:49,4.9,850,46000
20240207,09:17:12,4.95,200,46000
20240207,09:17:35,4.95,4400,46000
20240207,09:17:59,4.9,100,46000
20240207,09:18:11,5.0,900,46000
20240207,09:18:22,4.85,850,46000
20240207,09:18:33,4.8,850,46000
20240207,09:18:43,4.7,200,46000
20240207,09:18:55,4.5,1700,46000
20240207,09:19:06,4.5,100,46000
20240207,09:19:33,4.45,50,45900
20240207,09:19:42,4.45,250,45900
20240207,09:19:51,4.7,50,45900
20240207,09:20:01,4.6,50,45900
20240207,09:20:11,4.7,50,45900
20240207,09:20:32,4.8,50,45900
20240207,09:20:42,4.7,50,45900
20240207,09:21:10,4.75,800,45900
20240207,09:21:20,4.6,50,45900
20240207,09:21:31,4.65,50,45900
20240207,09:21:41,4.6,350,45900
20240207,09:21:51,4.65,350,45900
20240207,09:22:02,4.5,100,45900
20240207,09:22:12,4.55,100,45900
20240207,09:22:22,4.55,50,45900
20240207,09:22:42,4.5,50,46400
20240207,09:22:53,4.5,1000,46400
20240207,09:23:03,4.55,50,46400
20240207,09:23:23,4.4,550,46400
20240207,09:24:13,4.4,200,46400
20240207,09:24:24,4.45,400,46400
20240207,09:24:35,4.6,50,46400
20240207,09:24:45,4.45,100,46400
20240207,09:25:08,4.55,300,46400
20240207,09:25:20,4.5,650,46400
20240207,09:25:31,4.55,50,46400
20240207,09:25:43,4.6,200,46400
20240207,09:26:05,4.6,100,46400
20240207,09:26:37,4.6,50,46400
20240207,09:26:47,4.6,50,46400
20240207,09:26:58,4.5,50,46400
20240207,09:27:10,4.4,100,46400
20240207,09:27:21,4.55,250,46400
20240207,09:27:32,4.55,50,46400
20240207,09:27:43,4.5,50,46400
20240207,09:28:37,4.4,50,46450
20240207,09:29:09,4.5,50,46450
20240207,09:29:19,4.5,50,46450
20240207,09:29:58,4.45,50,46450
20240207,09:31:10,4.65,100,46450
20240207,09:31:20,4.55,100,46450
20240207,09:31:53,4.65,50,46400
20240207,09:32:43,4.65,100,46400
20240207,09:32:52,4.65,50,46400
20240207,09:33:20,4.7,50,46400
20240207,09:33:30,4.7,50,46400
20240207,09:34:17,4.75,700,46400
20240207,09:34:44,4.75,50,46450
20240207,09:36:45,4.8,200,46450
20240207,09:36:55,4.65,50,46450
20240207,09:38:11,4.45,50,46650
20240207,09:39:37,4.8,450,46650
20240207,09:39:47,4.55,50,46650
20240207,09:39:58,4.55,50,46650
20240207,09:40:08,4.7,100,46650
20240207,09:42:05,4.7,100,46900
20240207,09:42:14,4.7,50,46900
20240207,09:42:36,4.5,50,46900
20240207,09:42:47,4.45,50,46900
20240207,09:43:18,4.25,1450,46900
20240207,09:43:27,4.2,1150,46900
20240207,09:43:37,4.25,3950,50450
20240207,09:43:57,4.25,50,50450
20240207,09:45:00,4.15,100,50450
20240207,09:45:10,4.15,200,50450
20240207,09:45:21,4.1,100,50450
20240207,09:45:32,4.15,50,50450
20240207,09:45:51,4.3,150,50450
20240207,09:46:01,4.25,50,50450
20240207,09:46:10,4.25,150,50450
20240207,09:46:28,4.15,1500,50450
20240207,09:46:37,4.2,850,54400
20240207,09:46:55,4.1,250,54400
20240207,09:47:05,4.1,100,54400
20240207,09:47:15,4.1,400,54400
20240207,09:47:25,4.1,250,54400
20240207,09:47:44,4.1,300,54400
20240207,09:49:22,4.15,50,54400
20240207,09:50:29,4.05,50,55200
20240207,09:50:59,4.05,50,55200
20240207,09:51:09,4.0,150,55200
20240207,09:51:18,4.0,650,55200
20240207,09:51:28,4.0,600,55200
20240207,09:51:37,4.0,1550,55200
20240207,09:51:46,4.0,100,55200
20240207,09:52:04,4.0,50,55200
20240207,09:52:15,4.0,200,55200
20240207,09:52:33,4.0,150,55200
20240207,09:52:41,4.0,800,58100
20240207,09:55:36,3.95,100,58100
20240207,09:56:26,3.9,50,58850
20240207,09:58:13,3.9,800,58850
20240207,09:58:24,4.05,5100,58850
20240207,09:59:22,4.0,100,64500
20240207,09:59:31,4.05,150,64500
20240207,09:59:56,4.0,2300,64500
20240207,10:00:26,4.0,450,64500
20240207,10:00:52,4.05,50,64500
20240207,10:01:09,4.05,100,64500
20240207,10:03:03,3.95,50,66850
20240207,10:03:13,3.95,500,66850
20240207,10:04:08,3.9,150,66850
20240207,10:05:23,3.7,150,66850
20240207,10:05:43,3.65,100,66850
20240207,10:06:38,3.6,550,66850
20240207,10:06:47,3.6,250,66850
20240207,10:07:32,3.6,50,66850
20240207,10:08:17,3.5,300,66850
20240207,10:08:25,3.5,400,66850
20240207,10:08:34,3.5,50,66850
20240207,10:09:25,3.7,600,66850
20240207,10:09:41,3.65,50,66850
20240207,10:11:01,3.65,50,66900
20240207,10:11:32,3.65,50,66900
20240207,10:11:40,3.65,250,66900
20240207,10:12:55,3.7,550,66900
20240207,10:14:40,4.2,9750,66900
20240207,10:14:48,4.2,800,66900
20240207,10:15:02,4.2,550,66900
20240207,10:15:09,4.25,150,66900
20240207,10:16:02,4.25,100,66900
20240207,10:16:16,4.25,1250,66900
20240207,10:16:23,4.25,1350,66900
20240207,10:16:44,4.2,150,66950
20240207,10:16:57,4.25,250,66950
20240207,10:17:52,4.25,50,66950
20240207,10:18:45,4.15,600,66950
20240207,10:18:54,4.25,650,66950
20240207,10:19:13,4.25,50,66950
20240207,10:19:32,4.25,700,66950
20240207,10:19:41,4.25,1400,66950
20240207,10:20:05,4.25,50,67000
20240207,10:20:35,4.25,50,67000
20240207,10:22:46,4.2,400,67000
20240207,10:22:54,4.25,450,67000
20240207,10:23:02,4.25,550,67000
20240207,10:23:32,4.3,150,67000
20240207,10:24:00,4.35,1000,67000
20240207,10:24:13,4.35,50,67000
20240207,10:24:20,4.35,250,67000
20240207,10:25:32,4.35,150,67000
20240207,10:26:07,4.35,400,66850
20240207,10:26:46,4.3,100,66850
20240207,10:26:52,4.3,50,66850
20240207,10:27:07,4.25,250,66850
20240207,10:27:14,4.3,50,66850
20240207,10:28:12,4.35,750,66850
20240207,10:28:20,4.35,250,66850
20240207,10:30:10,4.3,50,66850
20240207,10:31:11,4.3,200,66850
20240207,10:31:31,4.25,550,66850
20240207,10:33:08,4.3,150,66850
20240207,10:33:35,4.3,150,66850
20240207,10:34:29,4.25,100,66850
20240207,10:35:08,4.25,300,66850
20240207,10:37:05,4.2,250,66850
20240207,10:37:12,4.2,50,66850
20240207,10:37:34,4.15,50,66850
20240207,10:37:56,4.1,50,66850
20240207,10:38:50,4.1,50,66850
20240207,10:39:11,4.1,100,66850
20240207,10:39:24,4.1,50,66850
20240207,10:41:54,4.2,50,66900
20240207,10:42:27,4.15,150,66900
20240207,10:43:14,4.0,150,66900
20240207,10:43:35,4.1,100,66900
20240207,10:44:04,4.3,1100,66900
20240207,10:44:17,4.25,50,66900
20240207,10:44:24,4.3,400,66900
20240207,10:44:56,4.3,100,66900
20240207,10:45:09,4.25,50,66900
20240207,10:45:51,4.3,50,66900
20240207,10:46:05,4.35,300,66900
20240207,10:46:12,4.3,50,66900
20240207,10:47:04,4.3,50,66850
20240207,10:51:28,4.3,50,66850
20240207,10:51:57,4.25,50,66850
20240207,10:52:04,4.25,50,66850
20240207,10:52:21,4.25,50,66850
20240207,10:53:37,4.35,100,66850
20240207,10:53:45,4.4,100,66850
20240207,10:54:26,4.5,550,66850
20240207,10:54:30,4.55,100,66850
20240207,10:54:35,4.6,350,66850
20240207,10:54:58,4.55,50,66850
20240207,10:55:23,4.6,100,66850
20240207,10:55:36,4.55,50,66850
20240207,10:56:10,4.5,800,67050
20240207,10:56:39,4.45,50,67050
20240207,10:57:21,4.4,50,67050
20240207,10:57:57,4.3,50,67050
20240207,10:58:53,4.3,600,67000
20240207,10:59:55,4.25,200,67000
20240207,11:00:07,4.25,50,67000
20240207,11:01:06,4.25,50,67000
20240207,11:02:36,4.25,50,66900
20240207,11:02:46,4.25,150,66900
20240207,11:03:19,4.25,300,66900
20240207,11:03:40,4.15,500,66900
20240207,11:04:12,4.2,100,66900
20240207,11:04:50,4.2,150,66900
20240207,11:05:03,4.25,50,66900
20240207,11:05:33,4.2,900,66900
20240207,11:05:54,4.2,800,66900
20240207,11:06:17,4.2,50,66900
20240207,11:06:31,4.15,200,66900
20240207,11:06:38,4.15,50,66900
20240207,11:06:53,4.15,50,66900
20240207,11:08:06,4.05,200,66950
20240207,11:08:56,4.05,100,66950
20240207,11:09:24,4.0,50,66950
20240207,11:10:19,4.1,50,66950
20240207,11:12:13,4.1,50,66900
20240207,11:13:37,4.05,200,66900
20240207,11:14:00,4.1,400,66900
20240207,11:14:37,4.1,50,66900
20240207,11:14:54,4.15,50,66900
20240207,11:14:59,4.15,50,66900
20240207,11:15:05,4.2,100,66900
20240207,11:16:16,4.05,100,66900
20240207,11:16:22,4.1,100,66900
20240207,11:17:29,4.15,1900,66800
20240207,11:22:46,4.2,50,66800
20240207,11:23:00,4.25,50,66750
20240207,11:23:14,4.2,50,66750
20240207,11:23:28,4.2,600,66750
20240207,11:25:27,4.2,900,66750
20240207,11:26:37,4.2,50,66450
20240207,11:29:45,4.05,50,66500
20240207,11:32:06,4.0,150,66500
20240207,11:33:29,4.05,250,66500
20240207,11:34:21,4.1,250,66500
20240207,11:34:52,4.1,1050,66750
20240207,11:35:16,4.1,350,66750
20240207,11:35:25,4.1,700,66750
20240207,11:38:15,4.05,150,66650
20240207,11:40:13,4.1,50,66650
20240207,11:41:13,4.05,50,66650
20240207,11:42:18,4.15,50,66650
20240207,11:43:07,4.0,50,66650
20240207,11:43:16,4.1,50,66650
20240207,11:47:13,4.05,150,66750
20240207,11:47:20,4.0,50,66750
20240207,11:47:29,4.05,300,66750
20240207,11:47:45,4.05,250,66750
20240207,11:48:01,4.1,50,66750
20240207,11:49:33,4.1,50,66750
20240207,11:49:41,4.1,300,66750
20240207,11:50:21,4.1,50,66800
20240207,11:52:20,4.2,350,66800
20240207,11:52:27,4.25,100,66800
20240207,11:52:34,4.3,500,66800
20240207,11:52:42,4.25,50,66800
20240207,11:52:56,4.25,200,66800
20240207,11:53:32,4.2,150,67000
20240207,11:53:54,4.25,200,67000
20240207,11:54:02,4.3,150,67000
20240207,11:54:10,4.3,1100,67000
20240207,11:54:18,4.3,50,67000
20240207,11:55:28,4.3,50,67000
20240207,11:55:44,4.3,300,67000
20240207,11:55:52,4.25,200,67000
20240207,11:56:36,4.2,150,67200
20240207,11:56:45,4.2,200,67200
20240207,11:57:02,4.1,100,67200
20240207,11:57:11,4.15,400,67200
20240207,11:57:20,4.15,1450,67200
20240207,11:57:45,4.15,350,67200
20240207,12:00:01,4.05,100,67700
20240207,12:00:16,4.0,50,67700
20240207,12:00:22,4.05,200,67700
20240207,12:00:37,4.0,100,67700
20240207,12:00:44,4.0,100,67700
20240207,12:00:59,4.0,100,67700
20240207,12:01:39,3.9,200,67700
20240207,12:02:00,3.95,50,67400
20240207,12:02:08,3.95,300,67400
20240207,12:03:19,3.9,100,67400
20240207,12:03:57,3.85,50,67400
20240207,12:04:06,3.85,50,67400
20240207,12:04:22,3.85,50,67400
20240207,12:04:30,3.85,50,67400
20240207,12:04:39,3.9,550,67400
20240207,12:05:39,3.85,50,67500
20240207,12:05:47,3.85,50,67500
20240207,12:06:26,3.85,100,67500
20240207,12:06:34,3.8,50,67500
20240207,12:06:41,3.8,50,67500
20240207,12:09:06,3.85,50,67550
20240207,12:09:56,3.85,50,67550
20240207,12:10:02,3.85,100,67550
20240207,12:10:14,3.85,50,67550
20240207,12:11:06,3.85,50,67500
20240207,12:11:50,3.85,750,67500
20240207,12:13:30,3.8,300,67500
20240207,12:15:09,3.8,50,67500
20240207,12:16:57,3.8,100,67500
20240207,12:18:58,3.8,150,67650
20240207,12:21:39,3.8,50,67800
20240207,12:21:46,3.8,50,67800
20240207,12:22:11,3.8,150,67800
20240207,12:25:51,3.75,100,67900
20240207,12:26:46,3.75,50,67850
20240207,12:29:02,3.75,50,67800
20240207,12:29:51,3.8,50,67800
20240207,12:32:38,3.8,50,67850
20240207,12:32:57,3.8,50,67850
20240207,12:33:12,3.85,150,67850
20240207,12:33:21,3.85,100,67850
20240207,12:33:29,3.9,50,67850
20240207,12:33:37,3.9,250,67850
20240207,12:33:51,3.9,50,67850
20240207,12:34:49,3.9,250,67850
20240207,12:34:56,3.9,500,67850
20240207,12:35:03,3.9,100,68700
20240207,12:35:41,4.0,1550,68700
20240207,12:36:24,3.95,200,68700
20240207,12:39:42,3.9,100,69700
20240207,12:40:05,3.9,150,69700
20240207,12:40:24,3.8,50,69700
20240207,12:40:31,3.9,100,69700
20240207,12:40:38,3.85,100,69700
20240207,12:42:25,3.85,50,69850
20240207,12:44:14,3.9,400,69800
20240207,12:44:20,3.95,350,69800
20240207,12:44:25,3.95,300,69800
20240207,12:44:55,3.95,50,69800
20240207,12:45:41,3.9,50,69800
20240207,12:45:48,3.9,100,69800
20240207,12:46:26,3.85,2750,69800
20240207,12:46:46,3.9,250,69800
20240207,12:47:07,3.9,50,73600
20240207,12:47:23,3.95,50,73600
20240207,12:47:46,3.95,150,73600
20240207,12:48:17,3.9,1050,73600
20240207,12:48:23,3.9,200,73600
20240207,12:48:40,3.85,2000,73600
20240207,12:48:45,3.8,400,73600
20240207,12:48:50,3.9,1000,73600
20240207,12:48:57,3.9,200,73600
20240207,12:49:24,3.9,100,73600
20240207,12:49:52,3.85,200,73600
20240207,12:50:09,3.85,50,77850
20240207,12:50:14,3.85,100,77850
20240207,12:50:39,3.8,200,77850
20240207,12:50:57,3.75,250,77850
20240207,12:51:18,3.75,50,77850
20240207,12:51:31,3.75,1150,77850
20240207,12:51:49,3.75,50,77850
20240207,12:52:06,3.75,50,77850
20240207,12:52:11,3.75,50,77850
20240207,12:52:53,3.7,350,77850
20240207,12:53:58,3.7,650,77850
20240207,12:54:03,3.7,150,77850
20240207,12:54:10,3.75,200,77850
20240207,12:54:31,3.65,50,77850
20240207,12:54:38,3.6,300,77850
20240207,12:55:56,3.6,1000,77850
20240207,12:56:01,3.55,1000,77850
20240207,12:56:06,3.7,50,80100
20240207,12:56:12,3.6,50,80100
20240207,12:56:28,3.6,750,80100
20240207,12:56:38,3.6,50,80100
20240207,12:57:33,3.6,450,80100
20240207,12:58:20,3.65,400,80100
20240207,12:59:00,3.65,400,80100
20240207,13:01:06,3.65,200,80150
20240207,13:01:46,3.65,50,80150
20240207,13:05:04,3.6,50,80150
20240207,13:06:14,3.6,300,80150
20240207,13:06:21,3.6,50,80150
20240207,13:07:17,3.6,200,80150
20240207,13:08:11,3.55,50,80150
20240207,13:08:26,3.55,50,80150
20240207,13:12:47,3.65,450,80100
20240207,13:13:24,3.7,850,80100
20240207,13:13:36,3.75,1350,80100
20240207,13:13:42,3.75,300,80100
20240207,13:14:12,3.8,200,80150
20240207,13:15:05,3.85,800,80150
20240207,13:15:17,3.85,150,80150
20240207,13:16:49,3.85,300,80150
20240207,13:22:25,3.85,150,80350
20240207,13:26:05,3.8,100,80200
20240207,13:28:00,3.7,50,80150
20240207,13:28:55,3.8,700,80150
20240207,13:29:21,3.8,250,80750
20240207,13:29:28,3.75,150,80750
20240207,13:29:33,3.8,100,80750
20240207,13:29:45,3.8,50,80750
20240207,13:31:54,3.75,50,80750
20240207,13:32:15,3.75,50,80750
20240207,13:33:09,3.75,50,80750
20240207,13:34:35,3.7,500,80750
20240207,13:34:57,3.7,100,80750
20240207,13:35:05,3.7,100,80750
20240207,13:35:21,3.65,200,80750
20240207,13:36:35,3.7,50,80750
20240207,13:46:04,3.75,100,80750
20240207,13:46:16,3.8,100,80750
20240207,13:46:36,3.65,50,80750
20240207,13:46:41,3.65,100,80750
20240207,13:46:46,3.6,350,80750
20240207,13:46:51,3.6,100,80750
20240207,13:46:56,3.6,50,80750
20240207,13:47:01,3.6,50,80750
20240207,13:47:06,3.55,150,80750
20240207,13:47:15,3.55,50,80650
20240207,13:47:21,3.55,100,80650
20240207,13:47:26,3.6,50,80650
20240207,13:47:31,3.6,50,80650
20240207,13:48:05,3.6,200,80650
20240207,13:48:49,3.55,100,80650
20240207,13:50:35,3.55,500,80600
20240207,13:51:17,3.55,50,80600
20240207,13:51:22,3.55,50,80600
20240207,13:52:13,3.6,250,80600
20240207,13:52:18,3.5,200,80600
20240207,13:52:53,3.6,50,80600
20240207,13:53:15,3.55,50,81000
20240207,13:54:10,3.55,50,81000
20240207,13:58:40,3.55,750,81050
20240207,13:58:45,3.6,50,81050
20240207,13:58:59,3.6,50,81050
20240207,14:00:07,3.6,100,80950
20240207,14:00:12,3.75,100,80950
20240207,14:00:22,3.6,400,80950
20240207,14:00:28,3.7,100,80950
20240207,14:02:35,3.65,200,81050
20240207,14:02:58,3.6,150,81050
20240207,14:03:39,3.65,50,81050
20240207,14:04:36,3.65,50,81050
20240207,14:04:44,3.7,950,81050
20240207,14:07:40,3.7,50,80050
20240207,14:07:53,3.7,300,80050
20240207,14:10:10,3.7,50,80000
20240207,14:11:11,3.7,100,80000
20240207,14:11:17,3.7,200,80150
20240207,14:11:23,3.7,50,80150
20240207,14:11:43,3.7,100,80150
20240207,14:11:50,3.7,400,80150
20240207,14:11:57,3.65,500,80150
20240207,14:12:31,3.6,250,80150
20240207,14:12:45,3.65,100,80150
20240207,14:12:57,3.65,200,80150
20240207,14:13:11,3.65,50,80150
20240207,14:13:28,3.65,100,80150
20240207,14:14:41,3.7,50,80150
20240207,14:15:15,3.7,450,80150
20240207,14:15:22,3.8,150,80150
20240207,14:15:29,3.65,50,80150
20240207,14:15:35,3.75,100,80150
20240207,14:15:42,3.75,50,80150
20240207,14:16:02,3.75,50,80150
20240207,14:16:22,3.8,50,80150
20240207,14:16:37,3.65,50,80150
20240207,14:16:44,3.75,100,80150
20240207,14:16:52,3.7,200,80150
20240207,14:16:59,3.75,100,80150
20240207,14:17:07,3.75,100,80150
20240207,14:17:14,3.75,200,80150
20240207,14:17:21,3.75,100,80750
20240207,14:17:53,3.75,150,80750
20240207,14:18:00,3.7,100,80750
20240207,14:20:41,3.8,50,81000
20240207,14:20:51,3.8,200,81000
20240207,14:21:00,3.8,200,81000
20240207,14:21:17,3.8,250,81000
20240207,14:22:32,3.9,300,81000
20240207,14:23:57,3.9,950,80900
20240207,14:24:04,4.0,300,80900
20240207,14:24:18,4.0,250,80900
20240207,14:25:02,4.05,100,80900
20240207,14:26:10,4.1,50,80900
20240207,14:26:28,4.0,50,80900
20240207,14:27:07,4.0,300,80900
20240207,14:27:13,3.95,100,80900
20240207,14:27:51,3.95,50,80900
20240207,14:28:47,4.0,50,80900
20240207,14:30:17,3.9,50,80950
20240207,14:31:07,3.85,50,80950
20240207,14:33:40,3.85,50,80950
20240207,14:33:55,3.7,50,80950
20240207,14:34:11,3.65,100,80950
20240207,14:34:19,3.6,200,80950
20240207,14:34:36,3.55,100,80950
20240207,14:35:21,3.5,150,80950
20240207,14:35:35,3.5,250,80950
20240207,14:35:56,3.5,250,80950
20240207,14:36:27,3.5,350,80950
20240207,14:38:25,3.4,100,80950
20240207,14:38:49,3.4,50,80950
20240207,14:38:57,3.3,250,80950
20240207,14:39:04,3.25,50,80950
20240207,14:39:12,3.25,100,80950
20240207,14:39:25,3.25,50,80950
20240207,14:39:54,3.2,200,80950
20240207,14:40:00,3.2,800,80950
20240207,14:40:06,3.15,200,80950
20240207,14:40:13,3.15,50,80950
20240207,14:40:24,3.15,50,80950
20240207,14:40:30,3.2,50,80950
20240207,14:40:35,3.2,100,80950
20240207,14:41:25,3.2,50,80950
20240207,14:41:39,3.2,50,80950
20240207,14:42:09,3.2,150,80950
20240207,14:42:20,3.2,400,80950
20240207,14:42:36,3.15,100,80950
20240207,14:43:15,3.2,250,80950
20240207,14:43:20,3.15,350,80950
20240207,14:43:35,3.2,100,80950
20240207,14:43:39,3.2,50,80950
20240207,14:43:54,3.2,50,80950
20240207,14:44:10,3.25,1000,80950
20240207,14:44:15,3.2,100,80950
20240207,14:44:19,3.1,50,80950
20240207,14:44:29,3.1,50,81200
20240207,14:44:35,3.15,50,81200
20240207,14:45:10,3.1,50,81200
20240207,14:45:15,3.1,50,81200
20240207,14:46:02,3.1,100,81200
20240207,14:46:40,3.15,50,81200
20240207,14:47:06,3.1,50,81200
20240207,14:47:10,3.15,250,81200
20240207,14:47:33,3.1,350,80950
20240207,14:48:36,3.05,2500,80950
20240207,14:48:48,3.05,50,80950
20240207,14:49:44,3.1,50,80950
20240207,14:50:54,3.15,100,83400
20240207,14:51:26,3.15,50,83400
20240207,14:51:55,3.15,250,83400
20240207,14:53:33,3.15,1550,83600
20240207,14:53:37,3.1,1000,83600
20240207,14:53:41,3.15,100,83600
20240207,14:55:17,3.2,50,83600
20240207,14:59:41,3.15,200,86000
20240207,14:59:48,3.15,150,86000
20240207,15:00:48,3.25,50,86000
20240207,15:01:08,3.15,200,86000
20240207,15:01:43,3.1,250,86000
20240207,15:02:30,3.15,50,85850
20240207,15:04:12,3.15,150,85850
20240207,15:04:24,3.15,300,85850
20240207,15:06:09,3.2,50,85850
20240207,15:06:14,3.05,150,85850
20240207,15:06:33,3.1,100,85850
20240207,15:07:03,3.15,950,85850
20240207,15:07:43,3.05,200,85850
20240207,15:08:09,3.2,900,85850
20240207,15:08:18,3.1,50,85850
20240207,15:09:41,3.05,50,85850
20240207,15:10:21,3.1,800,85850
20240207,15:10:33,3.05,200,85850
20240207,15:11:48,3.05,100,85850
20240207,15:11:54,3.05,250,85850
20240207,15:12:04,3.1,50,85850
20240207,15:12:16,3.05,450,85850
20240207,15:12:22,2.95,3750,85850
20240207,15:12:39,2.95,2500,85850
20240207,15:13:19,2.9,2800,85850
20240207,15:14:06,2.9,1200,85850
20240207,15:14:31,2.9,150,95350
20240207,15:15:03,2.9,1050,95350
20240207,15:15:10,2.9,1150,95350
20240207,15:15:17,2.9,50,95350
20240207,15:15:23,2.9,50,95350
20240207,15:16:09,2.9,150,95350
20240207,15:16:32,2.9,100,95350
20240207,15:16:37,2.9,700,95350
20240207,15:16:42,2.9,100,95350
20240207,15:16:48,2.9,50,95350
20240207,15:17:18,2.9,50,95350
20240207,15:19:05,2.85,100,98500
20240207,15:19:28,2.85,50,98500
20240207,15:19:37,2.85,50,98500
20240207,15:19:58,2.85,400,98500
20240207,15:20:04,2.8,150,98500
20240207,15:20:10,2.8,50,98500
20240207,15:20:15,2.8,300,98500
20240207,15:20:49,2.8,150,98350
20240207,15:21:13,2.8,200,98350
20240207,15:22:00,2.8,50,98350
20240207,15:22:05,2.8,50,98350
20240207,15:22:11,2.85,100,98350
20240207,15:22:16,2.8,6000,98350
20240207,15:22:30,2.85,150,98350
20240207,15:22:34,2.8,100,98350
20240207,15:22:38,2.8,50,98350
20240207,15:22:42,2.8,600,98350
20240207,15:22:47,2.8,300,98350
20240207,15:22:51,2.8,50,98350
20240207,15:23:29,2.8,600,101800
20240207,15:24:11,2.85,50,101800
20240207,15:24:26,2.9,200,101800
20240207,15:24:36,2.85,50,101800
20240207,15:25:30,2.85,5200,101800
20240207,15:26:06,3.0,150,101800
20240207,15:26:11,3.05,900,101800
20240207,15:26:55,3.05,9050,101850
20240207,15:26:59,2.95,2350,101850
20240207,15:27:10,3.0,3100,101850
20240207,15:27:15,3.0,100,101850
20240207,15:27:30,3.0,2800,101850
20240207,15:27:44,3.0,50,101850
20240207,15:27:55,3.0,3100,101850
20240207,15:28:01,2.95,9100,101850
20240207,15:28:06,3.0,100,101850
20240207,15:28:12,3.0,900,101850
20240207,15:28:28,3.0,1800,101850
20240207,15:28:38,3.0,1500,101850
20240207,15:28:58,3.0,50,101850
20240207,15:29:05,3.0,150,101850
20240207,15:29:21,3.0,650,101850
20240207,15:29:30,3.0,650,134450
20240207,15:29:38,3.0,1100,134450
20240207,15:29:46,2.95,1950,134450
20240207,15:29:55,2.85,50,134450
20240208,09:15:13,3.1,1,137850
20240208,09:15:13,3.05,200,137850
20240208,09:15:25,3.0,2050,137850
20240208,09:15:34,2.9,2450,137850
20240208,09:15:43,2.75,450,137850
20240208,09:16:05,2.9,200,137850
20240208,09:16:20,3.15,1900,137850
20240208,09:16:30,2.8,2050,137850
20240208,09:16:37,2.9,2100,137850
20240208,09:16:46,2.9,2000,144450
20240208,09:16:53,2.75,550,144450
20240208,09:17:15,2.8,2950,144450
20240208,09:17:36,2.75,5400,144450
20240208,09:17:57,2.7,600,144450
20240208,09:18:07,2.7,2650,144450
20240208,09:18:18,2.75,1950,144450
20240208,09:18:49,2.65,200,144450
20240208,09:19:09,2.65,100,144450
20240208,09:19:19,2.65,100,144450
20240208,09:19:29,2.6,50,144450
20240208,09:19:38,2.6,100,144450
20240208,09:19:48,2.65,100,157300
20240208,09:19:57,2.6,1200,157300
20240208,09:20:06,2.55,900,157300
20240208,09:20:16,2.55,1650,157300
20240208,09:20:25,2.5,300,157300
20240208,09:20:38,2.5,350,157300
20240208,09:20:49,2.55,150,157300
20240208,09:21:00,2.55,150,157300
20240208,09:21:12,2.6,700,157300
20240208,09:21:24,2.6,500,157300
20240208,09:21:35,2.6,650,157300
20240208,09:21:45,2.7,900,157300
20240208,09:21:56,2.65,900,157300
20240208,09:22:07,2.65,100,157300
20240208,09:22:39,2.6,1050,157300
20240208,09:22:50,2.6,1550,158350
20240208,09:23:09,2.55,250,158350
20240208,09:23:20,2.6,700,158350
20240208,09:23:50,2.6,150,158350
20240208,09:23:59,2.65,450,158350
20240208,09:24:09,2.55,50,158350
20240208,09:24:30,2.5,200,158350
20240208,09:24:41,2.55,750,158350
20240208,09:24:52,2.5,100,158350
20240208,09:25:03,2.5,100,158350
20240208,09:25:14,2.5,150,158350
20240208,09:25:25,2.5,400,158350
20240208,09:25:35,2.5,100,158350
20240208,09:25:45,2.5,100,159250
20240208,09:25:55,2.5,900,159250
20240208,09:26:05,2.5,50,159250
20240208,09:26:26,2.55,100,159250
20240208,09:26:46,2.55,1150,159250
20240208,09:28:04,2.5,300,159250
20240208,09:28:24,2.45,150,159250
20240208,09:28:33,2.45,150,159250
20240208,09:29:28,2.4,50,159650
20240208,09:29:48,2.4,50,159650
20240208,09:30:06,2.4,300,159650
20240208,09:30:17,2.4,300,159650
20240208,09:30:26,2.45,100,159650
20240208,09:30:44,2.45,150,159650
20240208,09:31:05,2.45,700,159650
20240208,09:32:00,2.45,150,160500
20240208,09:32:46,2.5,100,160500
20240208,09:33:36,2.4,100,160500
20240208,09:33:45,2.45,150,160500
20240208,09:33:55,2.4,50,160500
20240208,09:34:04,2.35,100,160500
20240208,09:34:14,2.35,200,160500
20240208,09:34:24,2.4,150,160500
20240208,09:34:33,2.4,50,160500
20240208,09:34:43,2.4,100,161150
20240208,09:34:52,2.4,50,161150
20240208,09:35:29,2.35,100,161150
20240208,09:35:37,2.4,600,161150
20240208,09:35:47,2.35,200,161150
20240208,09:35:55,2.35,50,161150
20240208,09:36:05,2.4,200,161150
20240208,09:36:14,2.35,50,161150
20240208,09:36:23,2.35,50,161150
20240208,09:36:31,2.45,100,161150
20240208,09:36:41,2.4,100,161150
20240208,09:37:00,2.5,1000,161150
20240208,09:37:18,2.5,50,161150
20240208,09:37:36,2.5,1100,161150
20240208,09:39:15,2.45,950,162100
20240208,09:39:26,2.45,400,162100
20240208,09:39:38,2.45,200,162100
20240208,09:39:47,2.55,200,162100
20240208,09:40:36,2.55,750,162100
20240208,09:42:15,2.5,1000,162100
20240208,09:42:46,2.55,50,162100
20240208,09:42:57,2.55,200,162100
20240208,09:43:07,2.55,1200,162100
20240208,09:43:45,2.6,800,161000
20240208,09:43:55,2.6,3850,161000
20240208,09:44:05,2.65,2350,161000
20240208,09:44:33,2.6,300,161000
20240208,09:44:43,2.6,850,161000
20240208,09:44:53,2.6,250,161000
20240208,09:45:02,2.6,3700,161000
20240208,09:45:11,2.55,300,161000
20240208,09:45:52,2.55,1200,161000
20240208,09:46:02,2.55,200,161000
20240208,09:46:32,2.55,400,161000
20240208,09:46:54,2.5,150,155800
20240208,09:47:13,2.55,250,155800
20240208,09:47:22,2.55,750,155800
20240208,09:47:32,2.55,450,155800
20240208,09:47:42,2.65,50,155800
20240208,09:48:10,2.55,1350,155800
20240208,09:48:21,2.5,500,155800
20240208,09:48:31,2.55,50,155800
20240208,09:48:40,2.55,150,155800
20240208,09:48:50,2.55,150,155800
20240208,09:49:00,2.45,50,155800
20240208,09:49:29,2.55,150,155800
20240208,09:49:39,2.6,200,155800
20240208,09:50:55,2.55,650,156150
20240208,09:51:04,2.5,50,156150
20240208,09:51:14,2.55,50,156150
20240208,09:52:00,2.5,1050,156150
20240208,09:52:08,2.45,2000,156150
20240208,09:52:16,2.55,1000,156150
20240208,09:52:30,2.5,250,156150
20240208,09:53:15,2.55,100,158050
20240208,09:54:02,2.5,150,158050
20240208,09:54:09,2.5,50,158050
20240208,09:54:24,2.55,100,158050
20240208,09:54:31,2.55,50,158050
20240208,09:54:38,2.55,150,158050
20240208,09:54:45,2.6,100,158050
20240208,09:55:01,2.6,200,158050
20240208,09:55:17,2.55,100,158050
20240208,09:55:33,2.6,2150,158050
20240208,09:57:33,2.55,150,158100
20240208,09:58:11,2.55,50,158100
20240208,09:58:20,2.55,50,158100
20240208,09:58:38,2.5,100,158100
20240208,09:58:48,2.5,150,157950
20240208,09:59:08,2.5,100,157950
20240208,09:59:50,2.55,100,157950
20240208,10:00:20,2.6,750,157950
20240208,10:00:29,2.6,550,157950
20240208,10:00:57,2.5,50,157950
20240208,10:01:21,2.55,50,157950
20240208,10:01:52,2.5,100,158350
20240208,10:02:08,2.5,50,158350
20240208,10:02:16,2.5,50,158350
20240208,10:02:33,2.5,50,158350
20240208,10:02:41,2.55,50,158350
20240208,10:02:49,2.55,50,158350
20240208,10:02:57,2.6,150,158350
20240208,10:03:05,2.6,150,158350
20240208,10:03:13,2.6,50,158350
20240208,10:05:06,2.55,50,157900
20240208,10:05:42,2.6,50,157900
20240208,10:05:53,2.6,200,157900
20240208,10:06:03,2.6,200,157900
20240208,10:06:13,2.6,100,157900
20240208,10:06:23,2.5,200,157900
20240208,10:06:34,2.6,50,157900
20240208,10:06:52,2.55,50,157900
20240208,10:07:01,2.55,350,157900
20240208,10:07:11,2.5,200,157900
20240208,10:07:20,2.45,300,157900
20240208,10:08:05,2.45,100,157500
20240208,10:08:14,2.45,100,157500
20240208,10:08:48,2.45,1050,157500
20240208,10:09:08,2.35,200,157500
20240208,10:09:19,2.4,100,157500
20240208,10:10:27,2.4,50,157500
20240208,10:10:34,2.35,50,157500
20240208,10:11:02,2.3,450,157700
20240208,10:11:45,2.25,200,157700
20240208,10:12:58,2.25,50,157700
20240208,10:13:05,2.35,100,157700
20240208,10:13:13,2.3,50,157700
20240208,10:13:47,2.35,1450,157700
20240208,10:13:56,2.35,1550,157800
20240208,10:14:04,2.35,600,157800
20240208,10:14:13,2.3,1050,157800
20240208,10:14:56,2.3,50,157800
20240208,10:15:13,2.35,200,157800
20240208,10:15:41,2.35,700,157800
20240208,10:15:52,2.35,450,157800
20240208,10:16:02,2.3,2300,157800
20240208,10:16:12,2.35,3100,157800
20240208,10:16:21,2.35,900,157800
20240208,10:16:30,2.35,50,157800
20240208,10:16:47,2.35,100,157800
20240208,10:16:55,2.4,100,152250
20240208,10:17:13,2.25,50,152250
20240208,10:18:01,2.3,1600,152250
20240208,10:18:10,2.3,50,152250
20240208,10:20:25,2.25,100,153800
20240208,10:20:41,2.2,50,153800
20240208,10:21:15,2.2,100,153800
20240208,10:21:39,2.2,200,153800
20240208,10:22:41,2.25,1000,153800
20240208,10:23:07,2.25,50,153850
20240208,10:23:18,2.3,3150,153850
20240208,10:23:42,2.3,250,153850
20240208,10:23:50,2.3,900,153850
20240208,10:23:57,2.3,3650,153850
20240208,10:24:06,2.3,250,153850
20240208,10:24:29,2.3,50,153850
20240208,10:24:37,2.3,1700,153850
20240208,10:24:46,2.3,850,153850
20240208,10:24:53,2.3,5250,153850
20240208,10:25:01,2.3,200,153850
20240208,10:25:11,2.3,6500,153850
20240208,10:25:19,2.3,13600,153850
20240208,10:26:06,2.25,450,118700
20240208,10:26:54,2.3,400,118700
20240208,10:27:02,2.3,200,118700
20240208,10:27:12,2.3,1150,118700
20240208,10:27:22,2.25,150,118700
20240208,10:27:48,2.25,1500,118700
20240208,10:28:04,2.25,50,118700
20240208,10:28:12,2.25,300,118700
20240208,10:29:02,2.3,1900,114550
20240208,10:29:10,2.3,50,114550
20240208,10:29:18,2.3,700,114550
20240208,10:30:23,2.35,1800,114550
20240208,10:30:54,2.3,150,114550
20240208,10:31:19,2.35,700,114550
20240208,10:31:28,2.35,50,114550
20240208,10:32:18,2.3,100,111700
20240208,10:32:26,2.35,1800,111700
20240208,10:32:35,2.3,500,111700
20240208,10:32:44,2.3,700,111700
20240208,10:32:52,2.25,2200,111700
20240208,10:33:08,2.25,1800,111700
20240208,10:33:33,2.3,700,111700
20240208,10:34:37,2.25,50,111700
20240208,10:34:45,2.25,6800,111700
20240208,10:34:54,2.25,200,111700
20240208,10:35:21,2.25,500,102600
20240208,10:35:56,2.3,1800,102600
20240208,10:36:04,2.25,100,102600
20240208,10:36:21,2.25,200,102600
20240208,10:37:19,2.35,300,102600
20240208,10:39:42,2.4,1800,101050
20240208,10:39:52,2.35,50,101050
20240208,10:40:33,2.35,150,101050
20240208,10:40:41,2.35,50,101050
20240208,10:40:49,2.35,300,101050
20240208,10:41:05,2.3,100,100400
20240208,10:41:14,2.3,2400,100400
20240208,10:41:22,2.3,2150,100400
20240208,10:41:31,2.3,250,100400
20240208,10:41:41,2.3,2950,100400
20240208,10:42:01,2.25,1250,100400
20240208,10:42:39,2.25,2400,100400
20240208,10:42:48,2.15,250,100400
20240208,10:43:09,2.15,100,100400
20240208,10:43:19,2.2,50,100400
20240208,10:44:18,2.2,2600,95450
20240208,10:44:45,2.2,1250,95450
20240208,10:45:12,2.2,50,95450
20240208,10:45:22,2.15,100,95450
20240208,10:46:50,2.15,50,95450
20240208,10:47:24,2.15,1800,92850
20240208,10:48:08,2.15,50,92850
20240208,10:48:43,2.1,50,92850
20240208,10:51:05,2.1,300,93100
20240208,10:51:49,2.1,750,93100
20240208,10:52:12,2.1,450,93100
20240208,10:52:20,2.1,100,93100
20240208,10:53:39,2.1,200,93500
20240208,10:54:02,2.1,50,93500
20240208,10:54:10,2.1,50,93500
20240208,10:54:17,2.1,50,93500
20240208,10:55:09,2.1,50,93500
20240208,10:57:24,2.1,50,93350
20240208,10:57:46,2.1,200,93350
20240208,10:57:58,2.1,150,93350
20240208,10:58:21,2.1,250,93350
20240208,10:58:43,2.1,100,93350
20240208,10:58:54,2.0,950,93350
20240208,10:59:05,2.0,1400,94550
20240208,10:59:15,2.0,1300,94550
20240208,10:59:55,1.95,250,94550
20240208,11:00:15,1.95,500,94550
20240208,11:00:27,2.0,50,94550
20240208,11:00:38,2.0,100,94550
20240208,11:00:49,1.95,250,94550
20240208,11:01:10,2.0,50,94550
20240208,11:02:07,2.0,50,94600
20240208,11:02:18,2.05,100,94600
20240208,11:02:58,2.05,50,94600
20240208,11:03:31,2.1,100,94600
20240208,11:03:41,2.1,300,94600
20240208,11:03:50,2.05,100,94600
20240208,11:04:10,2.1,50,94600
20240208,11:04:19,2.1,100,94600
20240208,11:04:29,2.15,50,94600
20240208,11:04:38,2.15,150,94600
20240208,11:04:48,2.15,650,94600
20240208,11:04:57,2.1,2100,94600
20240208,11:05:14,2.15,150,92850
20240208,11:05:23,2.1,100,92850
20240208,11:05:32,2.05,100,92850
20240208,11:05:41,2.1,200,92850
20240208,11:05:50,2.15,200,92850
20240208,11:06:01,2.15,150,92850
20240208,11:06:11,2.1,150,92850
20240208,11:06:20,2.25,100,92850
20240208,11:06:41,2.3,700,92850
20240208,11:06:51,2.3,50,92850
20240208,11:07:01,2.3,50,92850
20240208,11:07:12,2.4,300,92850
20240208,11:07:32,2.3,50,92850
20240208,11:07:52,2.25,200,92850
20240208,11:08:02,2.25,100,92850
20240208,11:08:11,2.2,150,93150
20240208,11:08:21,2.15,50,93150
20240208,11:09:47,2.2,150,93150
20240208,11:09:56,2.2,150,93150
20240208,11:10:05,2.15,150,93150
20240208,11:10:14,2.15,50,93150
20240208,11:10:23,2.15,100,93150
20240208,11:10:42,2.2,650,93150
20240208,11:10:51,2.2,650,93150
20240208,11:11:00,2.15,100,93150
20240208,11:11:08,2.05,1550,93250
20240208,11:11:17,2.1,600,93250
20240208,11:11:27,2.1,200,93250
20240208,11:11:36,2.1,3700,93250
20240208,11:11:45,2.1,100,93250
20240208,11:11:54,2.15,150,93250
20240208,11:12:04,2.1,1350,93250
20240208,11:12:13,2.15,350,93250
20240208,11:12:40,2.2,100,93250
20240208,11:12:49,2.25,1800,93250
20240208,11:12:58,2.2,400,93250
20240208,11:13:07,2.2,1550,93250
20240208,11:13:16,2.25,550,93250
20240208,11:13:24,2.25,1400,93250
20240208,11:13:33,2.25,450,93250
20240208,11:13:50,2.25,300,93250
20240208,11:13:58,2.2,50,93250
20240208,11:14:16,2.25,200,92400
20240208,11:15:40,2.2,50,92400
20240208,11:15:49,2.25,800,92400
20240208,11:15:58,2.3,150,92400
20240208,11:16:49,2.25,300,92400
20240208,11:16:57,2.25,400,92400
20240208,11:17:15,2.3,1050,92700
20240208,11:18:04,2.25,50,92700
20240208,11:18:28,2.25,50,92700
20240208,11:18:36,2.3,450,92700
20240208,11:18:44,2.3,250,92700
20240208,11:18:53,2.35,1250,92700
20240208,11:19:01,2.3,100,92700
20240208,11:19:25,2.35,50,92700
20240208,11:19:34,2.3,400,92700
20240208,11:19:52,2.4,350,92700
20240208,11:20:00,2.4,1400,92700
20240208,11:20:08,2.4,400,96550
20240208,11:21:15,2.45,100,96550
20240208,11:22:05,2.4,150,96550
20240208,11:22:13,2.45,1250,96550
20240208,11:22:21,2.45,300,96550
20240208,11:22:30,2.5,250,96550
20240208,11:22:55,2.5,400,96550
20240208,11:24:44,2.45,250,95600
20240208,11:25:08,2.4,150,95600
20240208,11:25:17,2.45,250,95600
20240208,11:25:43,2.35,100,95600
20240208,11:27:16,2.3,100,95700
20240208,11:27:42,2.3,150,95700
20240208,11:28:01,2.25,1800,95700
20240208,11:28:11,2.25,2000,95700
20240208,11:28:28,2.3,50,95700
20240208,11:28:54,2.3,100,95700
20240208,11:29:04,2.25,100,95700
20240208,11:29:29,2.25,1900,92600
20240208,11:31:09,2.3,1000,92600
20240208,11:32:22,2.3,50,93450
20240208,11:32:55,2.25,750,93450
20240208,11:35:57,2.2,2500,94250
20240208,11:36:04,2.2,350,94250
20240208,11:36:20,2.2,600,94250
20240208,11:36:34,2.15,400,94250
20240208,11:36:42,2.15,100,94250
20240208,11:36:49,2.15,900,94250
20240208,11:36:57,2.1,500,94250
20240208,11:37:36,2.1,150,94250
20240208,11:37:59,1.95,1950,94250
20240208,11:38:38,2.0,600,92050
20240208,11:38:45,2.05,50,92050
20240208,11:39:29,2.05,300,92050
20240208,11:39:37,2.05,300,92050
20240208,11:40:15,2.1,450,92050
20240208,11:40:23,2.1,800,92050
20240208,11:40:30,2.1,50,92050
20240208,11:40:44,2.1,50,92050
20240208,11:41:31,2.05,50,92100
20240208,11:41:38,2.05,50,92100
20240208,11:42:06,2.1,50,92100
20240208,11:42:13,2.1,100,92100
20240208,11:42:20,2.15,1350,92100
20240208,11:42:28,2.15,750,92100
20240208,11:42:35,2.2,2250,92100
20240208,11:42:42,2.15,400,92100
20240208,11:42:49,2.2,300,92100
20240208,11:42:56,2.15,50,92100
20240208,11:43:04,2.2,1300,92100
20240208,11:43:13,2.25,300,92100
20240208,11:43:44,2.15,50,92100
20240208,11:44:13,2.1,250,97350
20240208,11:44:21,2.1,1500,97350
20240208,11:44:49,2.2,250,97350
20240208,11:45:23,2.1,250,97350
20240208,11:45:44,2.15,50,97350
20240208,11:45:59,2.15,100,97350
20240208,11:46:05,2.15,100,97350
20240208,11:46:13,2.1,800,97350
20240208,11:46:19,2.15,150,97350
20240208,11:46:26,2.2,150,97350
20240208,11:46:33,2.2,100,97350
20240208,11:46:40,2.1,1600,97350
20240208,11:47:47,2.05,300,96400
20240208,11:47:55,2.05,150,96400
20240208,11:48:02,2.05,650,96400
20240208,11:48:09,2.05,50,96400
20240208,11:48:16,2.05,50,96400
20240208,11:48:22,2.05,50,96400
20240208,11:48:29,2.0,1650,96400
20240208,11:48:55,2.0,100,96400
20240208,11:49:01,2.0,50,96400
20240208,11:49:08,2.0,250,96400
20240208,11:49:14,2.0,50,96400
20240208,11:49:42,1.95,100,96400
20240208,11:50:02,2.0,50,96400
20240208,11:53:03,1.95,500,96200
20240208,11:53:10,2.0,100,96200
20240208,11:53:18,2.0,450,96200
20240208,11:54:00,2.0,250,96200
20240208,11:54:09,2.0,1100,96200
20240208,11:54:28,1.95,200,96200
20240208,11:56:32,2.05,50,96500
20240208,11:57:17,2.05,150,96500
20240208,11:57:41,2.05,400,96500
20240208,11:57:56,2.05,300,96500
20240208,11:58:13,2.0,600,96500
20240208,11:58:43,2.05,50,96500
20240208,11:58:51,2.1,700,96500
20240208,11:59:00,2.1,950,96500
20240208,11:59:10,2.1,450,96500
20240208,12:01:08,2.15,200,94200
20240208,12:01:16,2.15,50,94200
20240208,12:01:25,2.15,100,94200
20240208,12:01:41,2.15,200,94200
20240208,12:02:06,2.15,150,94200
20240208,12:02:15,2.15,150,94200
20240208,12:02:42,2.2,300,93900
20240208,12:03:07,2.25,2450,93900
20240208,12:03:16,2.5,10250,93900
20240208,12:03:24,2.5,2150,93900
20240208,12:03:33,2.5,250,93900
20240208,12:03:49,2.5,1150,93900
20240208,12:05:20,2.5,50,99350
20240208,12:05:34,2.45,500,99350
20240208,12:05:56,2.4,50,99350
20240208,12:06:04,2.45,50,99350
20240208,12:06:12,2.5,950,99350
20240208,12:06:19,2.55,150,99350
20240208,12:07:10,2.4,100,99350
20240208,12:07:17,2.4,100,99350
20240208,12:07:37,2.35,550,99350
20240208,12:08:02,2.3,150,99350
20240208,12:08:47,2.35,50,99500
20240208,12:08:54,2.4,50,99500
20240208,12:09:00,2.3,50,99500
20240208,12:09:31,2.4,200,99500
20240208,12:10:01,2.35,50,99500
20240208,12:11:47,2.3,350,99600
20240208,12:11:53,2.3,100,99600
20240208,12:12:06,2.3,50,99600
20240208,12:12:13,2.3,300,99600
20240208,12:12:34,2.3,450,99600
20240208,12:12:40,2.3,50,99600
20240208,12:12:46,2.3,1050,99600
20240208,12:12:53,2.3,50,99600
20240208,12:14:13,2.3,100,100700
20240208,12:14:20,2.3,50,100700
20240208,12:14:27,2.25,1500,100700
20240208,12:14:34,2.2,50,100700
20240208,12:14:47,2.25,100,100700
20240208,12:14:53,2.25,350,100700
20240208,12:15:00,2.25,100,100700
20240208,12:15:06,2.25,250,100700
20240208,12:15:12,2.25,100,100700
20240208,12:15:18,2.25,250,100700
20240208,12:15:24,2.25,200,100700
20240208,12:15:30,2.25,100,100700
20240208,12:15:55,2.2,100,100700
20240208,12:16:19,2.2,300,100700
20240208,12:16:31,2.2,50,100700
20240208,12:17:22,2.15,100,98400
20240208,12:18:18,2.15,900,98400
20240208,12:18:24,2.15,1850,98400
20240208,12:18:30,2.15,300,98400
20240208,12:19:03,2.2,200,98400
20240208,12:20:51,2.15,1350,95400
20240208,12:21:06,2.15,1000,95400
20240208,12:21:13,2.2,50,95400
20240208,12:23:01,2.3,100,95400
20240208,12:23:43,2.3,300,95350
20240208,12:24:49,2.2,50,95350
20240208,12:25:36,2.2,50,95350
20240208,12:25:43,2.2,50,95350
20240208,12:26:08,2.2,50,95350
20240208,12:27:11,2.2,50,95700
20240208,12:28:04,2.2,50,95700
20240208,12:28:09,2.15,300,95700
20240208,12:28:20,2.15,50,95700
20240208,12:29:36,2.15,750,95450
20240208,12:32:13,2.15,50,95450
20240208,12:32:19,2.15,350,95100
20240208,12:32:26,2.15,100,95100
20240208,12:32:31,2.15,250,95100
20240208,12:32:43,2.15,50,95100
20240208,12:32:55,2.15,300,95100
20240208,12:33:01,2.15,250,95100
20240208,12:33:12,2.15,50,95100
20240208,12:33:35,2.15,50,95100
20240208,12:34:38,2.1,100,95100
20240208,12:34:44,2.1,50,95100
20240208,12:35:36,2.05,850,93950
20240208,12:35:49,2.1,50,93950
20240208,12:35:54,2.05,500,93950
20240208,12:36:00,2.05,50,93950
20240208,12:36:07,2.05,50,93950
20240208,12:36:19,2.05,50,93950
20240208,12:36:32,2.0,400,93950
20240208,12:36:49,2.0,50,93950
20240208,12:37:34,2.0,300,93950
20240208,12:39:43,2.0,100,93900
20240208,12:40:08,2.0,50,93900
20240208,12:42:09,1.95,150,93850
20240208,12:42:33,2.0,1400,93850
20240208,12:43:14,1.95,300,93850
20240208,12:44:28,1.95,100,94750
20240208,12:45:51,1.9,50,94750
20240208,12:45:56,1.9,50,94750
20240208,12:46:00,1.9,50,94750
20240208,12:46:06,1.9,50,94750
20240208,12:50:10,1.9,100,95050
20240208,12:50:21,1.9,450,95050
20240208,12:50:32,1.85,50,95050
20240208,12:50:44,1.85,650,95050
20240208,12:50:48,1.85,50,95050
20240208,12:52:09,1.85,800,95050
20240208,12:52:27,1.85,50,95050
20240208,12:52:38,1.9,600,95050
20240208,12:52:44,1.95,250,95050
20240208,12:53:46,1.95,600,93850
20240208,12:53:51,1.95,1550,93850
20240208,12:53:55,1.95,100,93850
20240208,12:54:19,1.9,50,93850
20240208,12:54:42,1.9,100,93850
20240208,12:54:46,1.85,250,93850
20240208,12:55:03,1.9,400,93850
20240208,12:56:12,1.85,600,93850
20240208,12:57:12,1.85,150,95350
20240208,12:57:30,1.85,900,95350
20240208,12:58:08,1.85,50,95350
20240208,12:58:30,1.85,300,95350
20240208,12:59:49,1.85,300,93950
20240208,13:00:18,1.85,600,93950
20240208,13:00:31,1.85,50,93950
20240208,13:00:48,1.9,900,93950
20240208,13:01:10,1.95,50,93950
20240208,13:03:08,1.85,350,93900
20240208,13:03:39,1.9,450,93900
20240208,13:05:31,1.9,1000,93950
20240208,13:08:28,1.95,200,93950
20240208,13:08:50,1.95,500,93950
20240208,13:09:05,1.95,50,93950
20240208,13:09:10,1.9,50,93950
20240208,13:09:24,1.95,2200,93950
20240208,13:10:26,1.95,50,93950
20240208,13:11:04,1.95,50,93950
20240208,13:11:09,1.95,50,93950
20240208,13:12:22,1.95,50,95100
20240208,13:14:24,1.95,50,95150
20240208,13:15:01,1.95,50,95150
20240208,13:15:25,1.9,50,95150
20240208,13:16:06,1.9,350,95150
20240208,13:16:26,1.9,100,95150
20240208,13:16:29,1.9,100,95150
20240208,13:18:01,1.85,100,94600
20240208,13:18:21,1.9,200,94600
20240208,13:18:25,1.95,1100,94600
20240208,13:18:30,2.0,50,94600
20240208,13:18:34,2.0,50,94600
20240208,13:18:38,2.05,350,94600
20240208,13:19:04,2.05,500,94600
20240208,13:19:08,2.05,150,94600
20240208,13:19:13,2.05,100,94600
20240208,13:19:16,2.05,100,94600
20240208,13:19:26,2.05,250,94600
20240208,13:20:35,2.0,200,94400
20240208,13:21:13,2.0,800,94400
20240208,13:21:21,2.0,50,94400
20240208,13:22:04,2.05,50,94400
20240208,13:23:21,2.05,50,95050
20240208,13:23:31,2.0,150,95050
20240208,13:23:36,2.0,50,95050
20240208,13:23:50,2.0,500,95050
20240208,13:24:03,1.95,50,95050
20240208,13:24:18,1.95,50,95050
20240208,13:24:35,1.95,1000,95050
20240208,13:24:48,1.95,50,95050
20240208,13:24:54,1.95,50,95050
20240208,13:25:45,1.95,1500,95050
20240208,13:26:38,1.9,350,94700
20240208,13:27:10,1.9,50,94700
20240208,13:28:55,1.85,50,94700
20240208,13:32:05,1.85,200,94700
20240208,13:32:17,1.8,950,94700
20240208,13:32:25,1.8,600,95550
20240208,13:33:26,1.75,150,95550
20240208,13:33:49,1.75,1200,95550
20240208,13:33:53,1.75,50,95550
20240208,13:34:16,1.7,800,95550
20240208,13:34:20,1.7,950,95550
20240208,13:34:37,1.7,150,95550
20240208,13:34:47,1.7,750,95550
20240208,13:35:03,1.7,50,95550
20240208,13:35:16,1.7,150,95550
20240208,13:36:00,1.7,50,97500
20240208,13:36:34,1.7,50,97500
20240208,13:37:10,1.65,50,97500
20240208,13:37:14,1.65,1400,97500
20240208,13:38:06,1.65,50,97500
20240208,13:38:26,1.65,100,98500
20240208,13:39:02,1.65,50,98500
20240208,13:39:21,1.65,150,98500
20240208,13:39:30,1.6,200,98500
20240208,13:39:43,1.6,200,98500
20240208,13:39:49,1.6,200,98500
20240208,13:40:53,1.55,200,98500
20240208,13:41:16,1.55,50,98500
20240208,13:41:20,1.55,200,98500
20240208,13:41:37,1.55,750,98650
20240208,13:41:41,1.6,50,98650
20240208,13:42:47,1.6,200,98650
20240208,13:42:59,1.6,50,98650
20240208,13:43:30,1.6,200,98650
20240208,13:43:34,1.6,50,98650
20240208,13:43:38,1.6,650,98650
20240208,13:44:05,1.55,2400,98650
20240208,13:45:36,1.6,100,98600
20240208,13:46:24,1.6,50,98600
20240208,13:49:22,1.55,150,98600
20240208,13:49:25,1.5,200,98650
20240208,13:50:19,1.5,50,98650
20240208,13:50:41,1.55,50,98600
20240208,13:51:21,1.6,50,98600
20240208,13:51:27,1.55,500,98600
20240208,13:52:42,1.55,50,98600
20240208,13:52:50,1.55,200,98600
20240208,13:53:11,1.6,150,98600
20240208,13:54:48,1.45,1250,98850
20240208,13:55:53,1.55,450,98850
20240208,13:55:58,1.55,250,98850
20240208,13:57:17,1.55,200,98850
20240208,13:58:01,1.6,50,98850
20240208,13:59:22,1.6,50,98850
20240208,14:01:16,1.6,50,98900
20240208,14:01:19,1.55,400,98900
20240208,14:01:35,1.55,1800,98900
20240208,14:03:14,1.6,50,100550
20240208,14:03:19,1.5,200,100550
20240208,14:03:25,1.55,450,100550
20240208,14:03:49,1.55,700,100550
20240208,14:03:56,1.5,50,100550
20240208,14:04:03,1.5,250,100550
20240208,14:04:25,1.55,100,100550
20240208,14:04:32,1.55,1000,100550
20240208,14:04:38,1.55,850,100550
20240208,14:04:45,1.55,1550,100550
20240208,14:04:53,1.55,400,100550
20240208,14:05:02,1.55,900,100550
20240208,14:05:10,1.55,900,100550
20240208,14:05:17,1.55,50,100550
20240208,14:05:25,1.55,50,100550
20240208,14:06:02,1.55,50,101850
20240208,14:06:23,1.65,8850,101850
20240208,14:06:30,1.65,700,101850
20240208,14:08:10,1.6,50,101850
20240208,14:08:23,1.6,50,101850
20240208,14:10:09,1.65,150,108000
20240208,14:10:22,1.6,100,108000
20240208,14:10:35,1.6,1600,108000
20240208,14:10:53,1.6,1050,108000
20240208,14:10:58,1.55,100,108000
20240208,14:11:33,1.65,500,107900
20240208,14:12:04,1.65,100,107900
20240208,14:13:31,1.65,50,107900
20240208,14:13:51,1.65,400,107900
20240208,14:13:58,1.6,1800,107900
20240208,14:14:06,1.65,200,107900
20240208,14:14:40,1.65,50,108600
20240208,14:15:04,1.6,100,108600
20240208,14:18:37,1.65,3400,108600
20240208,14:18:59,1.7,1000,108600
20240208,14:20:30,1.7,50,108600
20240208,14:21:20,1.65,1000,111350
20240208,14:21:27,1.7,150,111350
20240208,14:22:07,1.7,100,111350
20240208,14:22:44,1.7,950,111350
20240208,14:23:04,1.75,2150,111350
20240208,14:25:02,1.75,250,111200
20240208,14:25:30,1.7,50,111200
20240208,14:26:57,1.75,1100,111250
20240208,14:27:22,1.75,50,111250
20240208,14:27:40,1.7,100,111250
20240208,14:27:48,1.7,750,111250
20240208,14:29:23,1.7,550,111250
20240208,14:30:22,1.75,1000,112050
20240208,14:30:46,1.8,2700,112050
20240208,14:30:53,1.8,1800,112050
20240208,14:31:02,1.8,2750,112050
20240208,14:31:10,1.8,900,112050
20240208,14:31:17,1.8,1850,112050
20240208,14:31:26,1.8,3850,112050
20240208,14:31:35,1.8,600,112050
20240208,14:31:53,1.8,3500,112050
20240208,14:32:19,1.85,100,112050
20240208,14:32:27,1.8,850,112050
20240208,14:33:06,1.7,300,124500
20240208,14:33:30,1.7,2000,124500
20240208,14:34:00,1.7,50,124500
20240208,14:34:08,1.65,250,124500
20240208,14:34:23,1.6,700,124500
20240208,14:34:45,1.55,2600,124500
20240208,14:35:07,1.65,1350,124500
20240208,14:35:15,1.55,4400,124500
20240208,14:36:27,1.6,300,131900
20240208,14:37:12,1.65,250,131900
20240208,14:37:21,1.7,1550,131900
20240208,14:37:30,1.6,550,131900
20240208,14:38:13,1.65,50,131900
20240208,14:38:22,1.65,850,131900
20240208,14:38:30,1.6,4900,131900
20240208,14:39:24,1.55,3600,132600
20240208,14:39:33,1.55,50,132600
20240208,14:39:41,1.6,2100,132600
20240208,14:39:58,1.65,100,132600
20240208,14:40:07,1.7,3250,132600
20240208,14:40:15,1.65,3700,132600
20240208,14:40:23,1.65,6400,132600
20240208,14:41:05,1.65,300,132600
20240208,14:41:31,1.75,3650,132600
20240208,14:41:39,1.7,3000,141500
20240208,14:42:12,1.7,100,141500
20240208,14:42:30,1.7,100,141500
20240208,14:43:20,1.7,350,141500
20240208,14:44:51,1.75,50,142900
20240208,14:46:08,1.7,300,142900
20240208,14:46:54,1.7,2200,142900
20240208,14:47:02,1.7,150,142900
20240208,14:47:18,1.7,50,142900
20240208,14:47:26,1.7,50,142900
20240208,14:49:35,1.75,250,142900
20240208,14:49:59,1.65,50,142900
20240208,14:50:31,1.8,50,142900
20240208,14:51:47,1.75,450,143200
20240208,14:52:24,1.8,7450,143200
20240208,14:52:32,1.7,2350,143200
20240208,14:52:39,1.75,1400,143200
20240208,14:52:54,1.7,1150,143200
20240208,14:53:16,1.75,3200,143200
20240208,14:53:24,1.75,1000,143200
20240208,14:53:40,1.7,1850,151050
20240208,14:54:25,1.75,50,151050
20240208,14:54:47,1.7,3800,151050
20240208,14:54:54,1.8,200,151050
20240208,14:55:01,1.8,150,151050
20240208,14:55:09,1.8,400,151050
20240208,14:55:16,1.8,200,151050
20240208,14:55:30,1.8,300,151050
20240208,14:55:39,1.85,3850,151050
20240208,14:55:48,1.75,1800,151050
20240208,14:56:13,1.85,3100,151050
20240208,14:56:21,1.85,100,151050
20240208,14:56:29,1.9,500,151050
20240208,14:56:37,1.85,200,151050
20240208,14:56:55,1.8,200,156250
20240208,14:57:20,1.8,200,156250
20240208,14:57:51,1.75,100,156250
20240208,14:58:15,1.7,2700,156250
20240208,14:58:22,1.75,450,156250
20240208,14:58:31,1.8,750,156250
20240208,14:58:39,1.8,350,156250
20240208,14:59:10,1.75,2350,156250
20240208,14:59:18,1.7,5800,156250
20240208,14:59:44,1.7,400,164300
20240208,14:59:53,1.7,600,164300
20240208,15:00:02,1.75,3850,164300
20240208,15:00:20,1.75,250,164300
20240208,15:00:28,1.7,1950,164300
20240208,15:01:14,1.7,50,164300
20240208,15:01:40,1.65,2350,164300
20240208,15:01:50,1.7,2000,164300
20240208,15:02:10,1.7,50,164300
20240208,15:02:29,1.7,50,164300
20240208,15:02:39,1.75,100,169600
20240208,15:02:49,1.75,3150,169600
20240208,15:02:58,1.8,100,169600
20240208,15:03:28,1.75,550,169600
20240208,15:04:16,1.7,1000,169600
20240208,15:04:33,1.75,50,169600
20240208,15:04:42,1.7,1550,169600
20240208,15:05:38,1.7,250,169600
20240208,15:05:54,1.75,500,172900
20240208,15:06:22,1.65,200,172900
20240208,15:06:56,1.65,1750,172900
20240208,15:07:05,1.7,50,172900
20240208,15:07:59,1.7,400,172900
20240208,15:08:43,1.7,50,172900
20240208,15:09:08,1.7,200,174600
20240208,15:09:17,1.65,2700,174600
20240208,15:09:26,1.65,250,174600
20240208,15:09:36,1.7,50,174600
20240208,15:09:55,1.7,50,174600
20240208,15:10:12,1.7,50,174600
20240208,15:10:20,1.65,250,174600
20240208,15:10:38,1.7,800,174600
20240208,15:11:13,1.75,2950,174600
20240208,15:11:21,1.7,400,174600
20240208,15:11:46,1.7,150,177400
20240208,15:11:54,1.7,400,177400
20240208,15:12:02,1.7,2350,177400
20240208,15:12:11,1.7,800,177400
20240208,15:12:51,1.75,200,177400
20240208,15:13:07,1.75,3650,177400
20240208,15:13:16,1.7,2500,177400
20240208,15:13:40,1.8,50,177400
20240208,15:13:47,1.8,50,177400
20240208,15:14:04,1.75,350,177400
20240208,15:14:13,1.7,200,177400
20240208,15:14:29,1.8,50,177400
20240208,15:14:38,1.8,100,183150
20240208,15:14:55,1.8,300,183150
20240208,15:15:04,1.75,3000,183150
20240208,15:15:13,1.75,100,183150
20240208,15:15:30,1.8,1050,183150
20240208,15:15:38,1.8,2450,183150
20240208,15:15:46,1.8,750,183150
20240208,15:15:55,1.85,3450,183150
20240208,15:16:03,1.75,12450,183150
20240208,15:16:11,1.75,300,183150
20240208,15:16:19,1.75,4300,183150
20240208,15:16:34,1.75,150,183150
20240208,15:17:21,1.8,50,183150
20240208,15:17:29,1.75,450,183150
20240208,15:17:37,1.75,300,183150
20240208,15:17:45,1.75,50,189200
20240208,15:17:53,1.75,50,189200
20240208,15:18:24,1.75,150,189200
20240208,15:19:03,1.75,2400,189200
20240208,15:19:59,1.75,300,189200
20240208,15:20:17,1.75,500,189200
20240208,15:20:25,1.75,100,189200
20240208,15:20:49,1.7,400,191000
20240208,15:20:57,1.75,2550,191000
20240208,15:21:05,1.75,350,191000
20240208,15:21:13,1.75,300,191000
20240208,15:21:21,1.75,2800,191000
20240208,15:22:01,1.75,1200,191000
20240208,15:22:18,1.7,2600,191000
20240208,15:22:43,1.75,11350,191000
20240208,15:22:51,1.75,5950,191000
20240208,15:22:59,1.7,3650,191000
20240208,15:23:07,1.75,350,191000
20240208,15:23:15,1.75,100,191000
20240208,15:23:23,1.8,900,191000
20240208,15:23:39,1.75,2800,191000
20240208,15:23:46,1.75,1500,217050
20240208,15:23:53,1.8,650,217050
20240208,15:24:00,1.75,100,217050
20240208,15:24:08,1.75,500,217050
20240208,15:24:30,1.75,50,217050
20240208,15:24:37,1.8,1450,217050
20240208,15:24:52,1.85,300,217050
20240208,15:24:59,1.8,500,217050
20240208,15:25:08,1.8,250,217050
20240208,15:25:17,1.8,900,217050
20240208,15:25:25,1.85,250,217050
20240208,15:25:34,1.8,450,217050
20240208,15:25:42,1.85,50,217050
20240208,15:25:49,1.75,100,217050
20240208,15:26:13,1.85,400,217050
20240208,15:26:22,1.75,200,217050
20240208,15:26:31,1.75,150,217050
20240208,15:26:39,1.8,1150,217050
20240208,15:26:47,1.75,800,218600
20240208,15:26:55,1.7,2850,218600
20240208,15:27:04,1.8,2350,218600
20240208,15:27:12,1.8,550,218600
20240208,15:27:21,1.8,3900,218600
20240208,15:27:30,1.8,400,218600
20240208,15:27:40,1.85,1050,218600
20240208,15:27:49,1.8,1350,218600
20240208,15:28:08,1.85,200,218600
20240208,15:28:26,1.9,600,218600
20240208,15:28:35,1.85,350,218600
20240208,15:28:44,1.85,200,218600
20240208,15:28:52,1.85,1200,218600
20240208,15:29:02,1.85,150,218600
20240208,15:29:10,1.85,50,218600
20240208,15:29:19,1.85,2350,218600
20240208,15:29:27,1.85,1200,218600
20240208,15:29:36,1.8,250,218600
20240208,15:29:45,1.9,800,220800
20240208,15:29:54,1.95,900,220800
20240209,09:15:01,1.95,1,220900
20240209,09:15:01,4.3,1050,220900
20240209,09:15:02,1.75,1400,220900
20240209,09:15:03,1.75,700,220900
20240209,09:15:04,1.95,1000,220900
20240209,09:15:06,1.8,1700,220900
20240209,09:15:07,1.95,550,220900
20240209,09:15:09,1.85,1000,220900
20240209,09:15:10,1.85,150,220900
20240209,09:15:13,1.75,1950,220900
20240209,09:15:14,1.8,1400,220900
20240209,09:15:15,1.75,1100,220900
20240209,09:15:16,1.8,200,220900
20240209,09:15:17,1.7,5300,220900
20240209,09:15:19,1.75,3050,220900
20240209,09:15:20,1.75,600,220900
20240209,09:15:21,1.75,2250,220900
20240209,09:15:23,1.7,3900,220900
20240209,09:15:24,1.65,900,220900
20240209,09:15:27,1.6,1100,220900
20240209,09:15:28,1.7,50,220900
20240209,09:15:29,1.7,1000,220900
20240209,09:15:35,1.6,50,220900
20240209,09:15:37,1.6,50,220900
20240209,09:15:38,1.6,100,220900
20240209,09:15:39,1.6,50,220900
20240209,09:15:45,1.6,50,220900
20240209,09:15:48,1.65,100,220900
20240209,09:15:54,1.65,100,220900
20240209,09:15:55,1.6,50,220900
20240209,09:16:00,1.6,650,220900
20240209,09:16:06,1.6,50,220900
20240209,09:16:10,1.55,500,220900
20240209,09:16:12,1.55,1950,220900
20240209,09:16:13,1.55,900,220900
20240209,09:16:15,1.6,100,220900
20240209,09:16:17,1.6,100,231200
20240209,09:16:19,1.65,400,231200
20240209,09:16:20,1.6,250,231200
20240209,09:16:27,1.6,50,231200
20240209,09:16:27,1.65,1050,231200
20240209,09:16:28,1.65,50,231200
20240209,09:16:33,1.65,400,231200
20240209,09:16:34,1.65,250,231200
20240209,09:16:35,1.65,850,231200
20240209,09:16:39,1.65,50,231200
20240209,09:16:45,1.65,50,231200
20240209,09:16:46,1.65,250,231200
20240209,09:16:53,1.65,450,231200
20240209,09:16:55,1.65,300,231200
20240209,09:17:00,1.65,550,231200
20240209,09:17:03,1.6,50,231200
20240209,09:17:09,1.65,50,231200
20240209,09:17:22,1.65,350,231200
20240209,09:17:32,1.65,300,231200
20240209,09:17:33,1.6,50,231200
20240209,09:17:35,1.6,250,231200
20240209,09:17:40,1.65,900,231200
20240209,09:17:40,1.65,250,231200
20240209,09:17:44,1.6,400,231200
20240209,09:17:45,1.6,150,231200
20240209,09:17:49,1.6,1800,231200
20240209,09:17:50,1.6,800,231200
20240209,09:17:51,1.6,3850,231200
20240209,09:17:53,1.65,450,231200
20240209,09:17:53,1.65,200,231200
20240209,09:17:55,1.55,3700,231200
20240209,09:17:56,1.55,1400,231200
20240209,09:17:57,1.6,450,231200
20240209,09:18:08,1.6,50,231200
20240209,09:18:18,1.55,100,231200
20240209,09:18:19,1.55,300,231200
20240209,09:18:31,1.55,200,231200
20240209,09:18:44,1.6,1650,231200
20240209,09:18:56,1.55,1750,231200
20240209,09:18:58,1.5,550,231200
20240209,09:19:00,1.5,1500,231200
20240209,09:19:08,1.5,50,231200
20240209,09:19:09,1.5,50,231200
20240209,09:19:23,1.45,100,231200
20240209,09:19:31,1.45,50,229550
20240209,09:19:34,1.45,1400,229550
20240209,09:19:37,1.5,100,229550
20240209,09:19:43,1.5,100,229550
20240209,09:19:50,1.45,50,229550
20240209,09:19:57,1.5,150,229550
20240209,09:20:11,1.5,100,229550
20240209,09:20:12,1.5,50,229550
20240209,09:20:13,1.45,50,229550
20240209,09:20:14,1.5,200,229550
20240209,09:20:16,1.55,650,229550
20240209,09:20:17,1.55,200,229550
20240209,09:20:18,1.55,200,229550
20240209,09:20:19,1.55,200,229550
20240209,09:20:20,1.55,200,229550
20240209,09:20:21,1.55,200,229550
20240209,09:20:22,1.55,200,229550
20240209,09:20:23,1.55,200,229550
20240209,09:20:25,1.55,200,229550
20240209,09:20:26,1.55,200,229550
20240209,09:20:28,1.55,200,229550
20240209,09:20:28,1.5,50,229550
20240209,09:20:31,1.55,200,229550
20240209,09:20:32,1.55,200,229550
20240209,09:20:33,1.55,1200,229550
20240209,09:20:42,1.5,150,229550
20240209,09:20:56,1.5,300,229550
20240209,09:21:06,1.5,2850,229550
20240209,09:21:12,1.5,350,229550
20240209,09:21:12,1.55,50,229550
20240209,09:21:14,1.5,150,229550
20240209,09:21:27,1.55,350,229550
20240209,09:21:28,1.55,50,229550
20240209,09:21:29,1.55,100,229550
20240209,09:21:33,1.55,100,229550
20240209,09:21:34,1.55,50,229550
20240209,09:21:35,1.55,100,229550
20240209,09:21:37,1.55,200,229550
20240209,09:21:39,1.55,100,229550
20240209,09:21:39,1.5,50,229550
20240209,09:21:41,1.55,100,229550
20240209,09:21:43,1.55,150,229550
20240209,09:21:46,1.55,100,229550
20240209,09:21:47,1.55,100,229550
20240209,09:21:48,1.55,50,229550
20240209,09:21:49,1.55,100,229550
20240209,09:22:01,1.55,250,229550
20240209,09:22:05,1.55,250,229550
20240209,09:22:10,1.55,100,229550
20240209,09:22:13,1.55,50,229550
20240209,09:22:18,1.55,50,229550
20240209,09:22:21,1.55,50,231950
20240209,09:22:33,1.55,50,231950
20240209,09:22:34,1.5,50,231950
20240209,09:22:50,1.55,50,231950
20240209,09:22:56,1.55,350,231950
20240209,09:23:00,1.5,350,231950
20240209,09:23:01,1.5,250,231950
20240209,09:23:03,1.5,150,231950
20240209,09:23:03,1.5,100,231950
20240209,09:23:04,1.5,100,231950
20240209,09:23:09,1.5,50,231950
20240209,09:23:11,1.5,50,231950
20240209,09:23:15,1.5,150,231950
20240209,09:23:17,1.55,100,231950
20240209,09:23:20,1.5,50,231950
20240209,09:23:22,1.5,50,231950
20240209,09:23:26,1.5,50,231950
20240209,09:23:35,1.5,50,231950
20240209,09:23:37,1.5,50,231950
20240209,09:23:39,1.5,50,231950
20240209,09:23:42,1.5,50,231950
20240209,09:23:49,1.5,50,231950
20240209,09:23:52,1.5,100,231950
20240209,09:24:01,1.55,50,231950
20240209,09:24:02,1.5,50,231950
20240209,09:24:04,1.5,100,231950
20240209,09:24:06,1.55,50,231950
20240209,09:24:08,1.5,100,231950
20240209,09:24:10,1.5,50,231950
20240209,09:24:13,1.55,100,231950
20240209,09:24:14,1.45,2350,231950
20240209,09:24:15,1.5,300,231950
20240209,09:24:17,1.5,50,231950
20240209,09:24:19,1.55,250,231950
20240209,09:24:21,1.45,1250,231950
20240209,09:24:23,1.45,550,231950
20240209,09:24:28,1.4,21450,231950
20240209,09:24:29,1.45,100,231950
20240209,09:24:30,1.45,2200,231950
20240209,09:24:31,1.45,300,231950
20240209,09:24:32,1.45,200,231950
20240209,09:24:33,1.45,100,231950
20240209,09:24:34,1.45,200,231950
20240209,09:24:35,1.45,100,231950
20240209,09:24:37,1.45,100,231950
20240209,09:24:38,1.45,50,231950
20240209,09:24:44,1.4,650,231950
20240209,09:24:45,1.4,350,231950
20240209,09:24:46,1.45,200,231950
20240209,09:24:55,1.4,100,231950
20240209,09:25:03,1.35,1250,231950
20240209,09:25:09,1.4,750,231950
20240209,09:25:10,1.4,100,231950
20240209,09:25:11,1.4,50,231950
20240209,09:25:14,1.45,50,231950
20240209,09:25:17,1.45,800,231950
20240209,09:25:20,1.45,50,229800
20240209,09:25:21,1.4,50,229800
20240209,09:25:27,1.4,50,229800
20240209,09:25:28,1.4,2350,229800
20240209,09:25:32,1.4,50,229800
20240209,09:25:33,1.45,50,229800
20240209,09:25:35,1.45,100,229800
20240209,09:25:36,1.45,50,229800
20240209,09:25:38,1.45,100,229800
20240209,09:25:40,1.4,50,229800
20240209,09:25:47,1.4,50,229800
20240209,09:25:51,1.4,150,229800
20240209,09:25:52,1.4,50,229800
20240209,09:26:03,1.4,150,229800
20240209,09:26:04,1.4,50,229800
20240209,09:26:08,1.4,50,229800
20240209,09:26:09,1.4,50,229800
20240209,09:26:18,1.4,100,229800
20240209,09:26:22,1.4,100,229800
20240209,09:26:24,1.35,50,229800
20240209,09:26:31,1.35,200,229800
20240209,09:26:36,1.4,50,229800
20240209,09:26:37,1.35,50,229800
20240209,09:26:46,1.35,100,229800
20240209,09:26:50,1.4,100,229800
20240209,09:26:51,1.35,50,229800
20240209,09:26:53,1.4,400,229800
20240209,09:26:55,1.35,50,229800
20240209,09:26:56,1.4,50,229800
20240209,09:26:57,1.4,50,229800
20240209,09:26:58,1.4,250,229800
20240209,09:26:59,1.4,200,229800
20240209,09:27:00,1.4,100,229800
20240209,09:27:01,1.4,150,229800
20240209,09:27:02,1.4,3350,229800
20240209,09:27:03,1.35,150,229800
20240209,09:27:04,1.4,50,229800
20240209,09:27:05,1.35,250,229800
20240209,09:27:06,1.35,50,229800
20240209,09:27:07,1.35,100,229800
20240209,09:27:08,1.35,100,229800
20240209,09:27:09,1.35,100,229800
20240209,09:27:10,1.35,150,229800
20240209,09:27:11,1.35,250,229800
20240209,09:27:12,1.4,1700,229800
20240209,09:27:13,1.4,350,229800
20240209,09:27:14,1.4,450,229800
20240209,09:27:15,1.4,50,229800
20240209,09:27:17,1.4,650,229800
20240209,09:27:40,1.35,100,229800
20240209,09:27:41,1.35,50,229800
20240209,09:27:44,1.35,50,229800
20240209,09:27:48,1.4,350,229800
20240209,09:27:49,1.35,50,229800
20240209,09:27:57,1.35,150,229800
20240209,09:28:02,1.4,50,229800
20240209,09:28:09,1.4,50,229800
20240209,09:28:16,1.4,600,229800
20240209,09:28:18,1.4,200,229800
20240209,09:28:18,1.4,50,229800
20240209,09:28:19,1.45,200,230350
20240209,09:28:20,1.45,200,230350
20240209,09:28:21,1.45,200,230350
20240209,09:28:22,1.45,200,230350
20240209,09:28:23,1.45,200,230350
20240209,09:28:24,1.45,200,230350
20240209,09:28:30,1.45,2650,230350
20240209,09:28:33,1.45,50,230350
20240209,09:28:38,1.45,50,230350
20240209,09:28:41,1.4,150,230350
20240209,09:28:42,1.45,950,230350
20240209,09:28:43,1.45,250,230350
20240209,09:28:44,1.45,100,230350
