date,time,tick_price,volume,open_interest
20240116,09:28:52,36.35,50,50
20240116,10:16:13,32.7,50,50
20240116,13:33:55,32.7,450,50
20240202,10:37:59,5.05,1,500
20240202,10:37:59,5.05,150,500
20240202,10:42:28,4.5,100,650
20240202,10:42:35,4.55,150,650
20240202,10:50:16,4.7,200,700
20240202,10:50:35,4.6,150,850
20240202,10:50:55,4.6,150,850
20240202,10:51:01,4.6,150,850
20240202,10:52:10,4.6,300,850
20240202,10:57:14,4.55,300,1400
20240202,10:57:31,4.55,300,1400
20240202,10:58:26,4.55,200,1400
20240202,10:58:44,4.65,50,1400
20240202,10:59:13,4.55,200,1400
20240202,10:59:20,4.55,200,1400
20240202,10:59:38,4.55,300,2550
20240202,10:59:44,4.55,50,2550
20240202,11:01:54,4.5,50,2550
20240202,11:02:13,4.5,100,2550
20240202,11:11:52,4.45,50,3000
20240202,11:13:17,4.45,100,3000
20240202,11:13:22,4.5,100,3000
20240202,11:13:28,4.5,100,3000
20240202,11:13:34,4.5,100,3000
20240202,11:13:52,4.5,200,3000
20240202,11:14:02,4.6,100,3000
20240202,11:14:22,4.6,50,3000
20240202,11:14:43,4.65,50,3750
20240202,11:14:54,4.7,150,3750
20240202,11:15:04,4.65,100,3750
20240202,11:15:15,4.65,50,3750
20240202,11:15:26,4.55,250,3750
20240202,11:15:36,4.55,200,3750
20240202,11:15:57,4.65,250,3750
20240202,11:16:08,4.7,100,3750
20240202,11:16:18,4.7,250,3750
20240202,11:16:29,4.7,400,3750
20240202,11:16:52,4.75,200,3750
20240202,11:17:03,4.75,200,3750
20240202,11:17:14,4.65,150,3750
20240202,11:17:25,4.65,100,3750
20240202,11:17:36,4.6,1350,5750
20240202,11:17:48,4.55,850,5750
20240202,11:19:52,4.55,50,5750
20240202,11:20:03,4.45,200,5750
20240202,11:23:29,4.6,100,6250
20240202,11:23:50,4.55,50,6350
20240202,11:24:43,4.55,50,6350
20240202,11:25:15,4.45,2000,6350
20240202,11:25:37,4.5,500,6350
20240202,11:25:49,4.6,1150,6350
20240202,11:26:10,4.55,50,6350
20240202,11:27:35,4.5,250,9250
20240202,11:27:54,4.45,50,9250
20240202,11:28:25,4.55,50,9250
20240202,11:29:18,4.65,550,9250
20240202,11:30:12,4.65,100,9850
20240202,11:30:57,4.8,50,9850
20240202,11:31:10,4.75,350,9850
20240202,11:31:22,4.85,500,9850
20240202,11:31:34,4.9,650,9850
20240202,11:31:47,4.9,800,9850
20240202,11:31:59,4.95,200,9850
20240202,11:32:11,5.0,550,9850
20240202,11:32:34,4.95,200,10400
20240202,11:32:46,4.95,50,10400
20240202,11:32:57,4.95,50,10400
20240202,11:33:09,5.0,50,10400
20240202,11:34:08,5.05,50,10400
20240202,11:34:56,5.15,50,10400
20240202,11:36:52,5.4,50,10400
20240202,11:37:27,5.4,50,10400
20240202,11:37:39,5.45,100,10400
20240202,11:37:50,5.55,100,10400
20240202,11:38:40,5.7,50,10550
20240202,11:38:52,5.7,150,10550
20240202,11:40:18,6.35,100,10550
20240202,11:41:54,6.7,350,10750
20240202,11:42:28,6.9,100,10750
20240202,11:42:39,6.75,50,10750
20240202,11:43:14,6.2,400,10750
20240202,11:45:10,5.05,50,10550
20240202,11:45:22,5.15,50,10550
20240202,11:45:33,5.0,50,10550
20240202,11:47:28,5.55,50,10550
20240202,11:50:42,5.15,50,10500
20240202,11:54:47,4.95,50,10500
20240202,11:56:45,5.4,100,10500
20240202,11:58:02,5.45,50,10500
20240202,11:59:29,5.5,50,10500
20240202,12:03:29,5.85,100,10550
20240202,12:03:50,5.85,100,10550
20240202,12:04:00,5.8,50,10550
20240202,12:05:30,5.6,50,10550
20240202,12:06:29,5.4,50,10500
20240202,12:06:38,5.65,100,10500
20240202,12:08:31,5.35,50,10500
20240202,12:09:11,5.3,50,10500
20240202,12:12:04,5.0,100,10550
20240202,12:14:21,5.05,100,10550
20240202,12:16:55,5.15,50,10500
20240202,12:17:54,5.1,100,10500
20240202,12:21:21,5.95,150,10550
20240202,12:24:43,5.05,50,10550
20240202,12:25:39,4.95,50,10550
20240202,12:27:15,4.8,100,10550
20240202,12:28:27,4.75,250,10550
20240202,12:28:51,4.7,50,10550
20240202,12:29:08,4.7,50,10550
20240202,12:30:50,3.85,150,10650
20240202,12:31:26,4.45,300,10650
20240202,12:32:05,4.1,100,10650
20240202,12:32:15,4.05,50,10650
20240202,12:32:25,4.05,50,10650
20240202,12:34:19,4.2,100,10850
20240202,12:36:08,4.05,100,10850
20240202,12:36:17,4.05,150,10850
20240202,12:42:30,4.7,350,10850
20240202,12:43:59,4.4,50,10850
20240202,12:44:37,4.5,50,10850
20240202,12:47:19,4.2,100,11150
20240202,12:48:33,4.3,50,11150
20240202,12:49:28,4.25,100,11150
20240202,12:52:23,4.1,50,11050
20240202,13:01:46,3.65,350,11100
20240202,13:10:22,3.65,50,10750
20240202,13:11:20,4.1,50,10750
20240202,13:12:02,4.0,150,10750
20240202,13:28:54,3.65,1250,10850
20240202,13:30:00,3.8,250,10800
20240202,13:30:31,3.8,300,10800
20240202,13:30:39,3.75,150,10800
20240202,13:30:47,3.75,600,10800
20240202,13:30:55,3.8,700,10800
20240202,13:31:57,3.75,100,10800
20240202,13:32:05,3.65,900,10800
20240202,13:32:35,3.7,150,10800
20240202,13:32:44,3.65,350,10800
20240202,13:33:01,3.6,200,12750
20240202,13:33:09,3.65,300,12750
20240202,13:33:17,3.7,150,12750
20240202,13:34:10,3.65,150,12750
20240202,13:34:18,3.7,200,12750
20240202,13:35:13,3.65,100,12750
20240202,13:35:30,3.7,100,12750
20240202,13:35:38,3.7,50,12750
20240202,13:36:22,3.7,550,13650
20240202,13:36:38,3.7,250,13650
20240202,13:38:33,3.75,50,13650
20240202,13:40:24,3.75,50,13650
20240202,13:40:33,3.7,150,13650
20240202,13:41:15,3.65,150,13650
20240202,13:43:21,3.7,600,13650
20240202,13:43:36,3.6,1650,13650
20240202,13:43:43,3.55,600,13650
20240202,13:43:51,3.6,150,13650
20240202,13:43:59,3.6,250,13650
20240202,13:44:07,3.6,50,13650
20240202,13:44:14,3.55,150,13650
20240202,13:44:45,3.55,100,13650
20240202,13:45:26,3.6,100,16950
20240202,13:48:26,3.5,50,16950
20240202,13:49:39,3.5,1250,16850
20240202,13:50:09,3.5,750,16850
20240202,13:51:54,3.5,150,17600
20240202,13:54:12,3.5,100,17750
20240202,13:57:35,3.5,250,17750
20240202,14:01:03,3.5,150,17750
20240202,14:18:14,4.05,100,17900
20240202,14:23:03,3.55,100,17900
20240202,14:23:10,3.55,50,17900
20240202,14:23:36,3.5,50,17900
20240202,14:26:51,3.6,50,17900
20240202,14:27:38,3.55,50,17900
20240202,14:28:06,3.75,200,17900
20240202,14:28:20,3.55,100,17900
20240202,14:28:27,3.55,50,17900
20240202,14:28:41,3.55,50,17900
20240202,14:29:01,3.5,100,17900
20240202,14:50:09,3.95,50,17900
20240202,14:51:57,3.45,50,17900
20240202,14:53:39,3.45,50,17900
20240202,14:56:57,3.45,100,17900
20240202,15:00:11,3.6,150,17900
20240202,15:03:21,3.5,50,17900
20240202,15:03:31,3.5,100,17900
20240202,15:04:43,3.45,350,17900
20240202,15:08:28,3.5,150,18250
20240202,15:08:47,3.7,450,18250
20240202,15:09:32,3.6,50,18000
20240202,15:16:22,3.35,50,18000
20240202,15:16:39,3.35,300,18000
20240202,15:17:50,3.6,200,18000
20240202,15:20:10,3.5,200,17700
20240202,15:20:19,3.5,300,17700
20240202,15:20:36,3.5,200,17700
20240202,15:20:45,3.5,300,17700
20240202,15:20:53,3.5,150,17700
20240202,15:21:51,3.45,50,16750
20240202,15:23:38,3.35,50,16750
20240202,15:24:00,3.35,250,16750
20240202,15:24:09,3.4,150,16500
20240202,15:24:26,3.35,50,16500
20240202,15:25:51,3.35,50,16500
20240202,15:26:41,3.15,50,16500
20240202,15:28:25,3.15,100,16500
20240202,15:28:33,3.2,250,16500
20240205,09:16:04,3.55,1,16500
20240205,09:16:04,3.55,300,16500
20240205,09:16:32,3.7,150,16500
20240205,09:19:14,4.75,250,16500
20240205,09:19:31,3.55,50,16500
20240205,09:19:39,3.55,50,16500
20240205,09:19:47,3.55,100,16500
20240205,09:19:54,3.55,100,16500
20240205,09:20:34,3.55,150,16500
20240205,09:21:05,3.35,100,16500
20240205,09:21:14,3.35,50,16500
20240205,09:23:20,3.4,100,16650
20240205,09:23:49,3.3,50,16650
20240205,09:24:18,3.3,50,16650
20240205,09:24:41,3.55,100,16650
20240205,09:28:59,3.3,50,16600
20240205,09:29:07,3.35,100,16600
20240205,09:34:05,2.8,300,16600
20240205,09:36:07,2.8,50,16550
20240205,09:41:09,3.6,50,16550
20240205,09:41:17,3.6,550,16550
20240205,09:41:24,3.7,50,16550
20240205,09:41:32,3.55,50,16550
20240205,09:43:22,3.4,400,16950
20240205,09:43:29,3.5,250,16950
20240205,09:43:36,3.5,250,16950
20240205,09:46:18,3.45,300,17650
20240205,09:47:46,3.5,250,17650
20240205,09:47:52,3.5,500,17650
20240205,09:48:27,3.5,350,17650
20240205,09:50:52,3.8,50,18800
20240205,09:53:45,3.9,150,18800
20240205,09:57:17,3.85,50,18700
20240205,09:57:38,3.7,50,18700
20240205,09:58:15,3.7,50,18700
20240205,09:59:20,3.9,200,18800
20240205,09:59:26,3.9,50,18800
20240205,09:59:39,3.95,150,18800
20240205,09:59:45,3.95,450,18800
20240205,10:01:41,4.0,150,18350
20240205,10:01:56,4.05,150,18350
20240205,10:02:06,4.0,200,18350
20240205,10:03:18,3.95,50,18350
20240205,10:03:25,3.95,50,18350
20240205,10:17:56,3.95,350,18050
20240205,10:18:07,3.6,50,18050
20240205,10:18:39,3.8,250,18050
20240205,10:19:50,3.8,200,18150
20240205,10:36:53,3.4,200,18200
20240205,10:37:00,4.2,1500,18200
20240205,10:37:42,3.75,50,18400
20240205,10:37:59,3.75,50,18400
20240205,10:38:08,3.7,50,18400
20240205,10:41:43,3.75,50,18300
20240205,10:41:50,3.75,50,18300
20240205,10:48:05,3.85,150,18200
20240205,10:48:12,3.85,50,18200
20240205,10:49:37,3.95,150,18300
20240205,10:50:47,3.9,300,18300
20240205,10:51:47,3.85,50,18300
20240205,10:52:47,3.8,50,18300
20240205,10:53:11,3.85,200,18300
20240205,11:12:11,3.7,50,18200
20240205,11:16:25,3.8,150,18200
20240205,11:18:11,3.85,200,18300
20240205,11:19:08,3.75,150,18300
20240205,11:19:57,3.75,50,18300
20240205,11:20:24,3.75,200,18250
20240205,11:25:20,3.75,50,18000
20240205,11:29:06,3.6,750,18000
20240205,11:33:09,3.6,50,18000
20240205,11:40:31,3.65,150,18000
20240205,11:41:17,3.55,550,18000
20240205,11:41:27,3.5,150,18000
20240205,11:41:36,3.45,50,18000
20240205,11:42:32,3.4,600,18000
20240205,11:43:16,3.4,300,18000
20240205,11:45:33,3.4,750,19400
20240205,11:45:38,3.35,750,19400
20240205,11:46:08,3.3,300,19400
20240205,11:46:38,3.45,50,21200
20240205,11:47:07,3.35,200,21200
20240205,11:47:20,3.35,50,21200
20240205,11:49:02,3.55,450,21200
20240205,11:52:03,3.5,50,21400
20240205,11:52:33,3.5,300,21400
20240205,11:53:28,3.45,50,21450
20240205,11:55:40,3.35,300,21450
20240205,11:59:45,3.4,50,21400
20240205,12:06:55,3.2,50,21400
20240205,12:11:05,3.2,100,21400
20240205,12:13:09,3.2,50,21400
20240205,12:21:38,3.3,450,21400
20240205,12:22:21,3.2,50,21400
20240205,13:12:12,3.4,300,21400
20240205,13:12:14,3.35,50,21400
20240205,13:12:23,3.4,100,21400
20240205,13:14:49,3.25,50,21400
20240205,13:15:00,3.35,50,21400
20240205,13:40:46,3.05,250,21400
20240205,13:40:49,2.8,550,21400
20240205,13:40:54,3.1,1100,21950
20240205,13:40:58,3.1,150,21950
20240205,13:41:05,3.1,100,21950
20240205,13:41:49,3.1,500,21950
20240205,13:43:02,3.1,250,21950
20240205,13:43:23,3.1,250,21950
20240205,13:43:35,3.1,250,21950
20240205,13:43:38,3.1,250,21950
20240205,13:44:00,3.1,250,24700
20240205,14:06:18,3.1,150,24950
20240205,14:06:32,3.2,150,24950
20240205,14:11:47,3.1,50,25100
20240205,14:12:02,3.1,50,25100
20240205,14:12:23,3.1,50,25100
20240205,14:16:32,3.15,50,25100
20240205,14:17:09,3.15,50,25100
20240205,14:18:05,3.2,50,25100
20240205,14:18:36,3.25,500,25100
20240205,14:24:16,3.25,50,25650
20240205,14:24:51,3.25,100,25650
20240205,14:25:04,3.25,650,25650
20240205,14:26:14,3.35,100,25850
20240205,14:29:48,3.35,850,25900
20240205,14:29:54,3.35,250,25900
20240205,14:30:00,3.35,300,25900
20240205,14:30:20,3.35,200,25900
20240205,14:32:05,3.45,400,27500
20240205,14:32:13,3.45,400,27500
20240205,14:32:41,3.35,50,27500
20240205,14:33:06,3.35,50,27500
20240205,14:33:41,3.3,50,27500
20240205,14:33:57,3.3,50,27500
20240205,14:34:14,3.25,700,27500
20240205,14:35:39,3.25,100,27600
20240205,14:35:48,3.45,750,27600
20240205,14:36:16,3.2,200,27600
20240205,14:36:44,3.25,50,27600
20240205,14:38:55,3.35,750,27600
20240205,14:39:04,3.4,300,27600
20240205,14:39:13,3.35,150,27600
20240205,14:39:23,3.35,100,27600
20240205,14:39:32,3.5,700,27600
20240205,14:40:16,3.2,500,27600
20240205,14:40:25,3.3,50,27600
20240205,14:40:34,3.25,50,27600
20240205,14:40:43,3.35,50,27600
20240205,14:41:08,3.4,500,27150
20240205,14:41:17,3.45,500,27150
20240205,14:41:26,3.35,50,27150
20240205,14:41:35,3.35,50,27150
20240205,14:42:11,3.5,250,27150
20240205,14:42:21,3.4,300,27150
20240205,14:42:45,3.4,50,27150
20240205,14:42:56,3.3,50,27150
20240205,14:43:05,3.35,50,27150
20240205,14:43:56,3.45,1000,27150
20240205,14:44:06,3.45,250,26600
20240205,14:44:16,3.5,250,26600
20240205,14:44:27,3.45,650,26600
20240205,14:44:48,3.45,50,26600
20240205,14:45:08,3.45,50,26600
20240205,14:45:18,3.5,550,26600
20240205,14:45:30,3.5,150,26600
20240205,14:45:41,3.45,50,26600
20240205,14:46:04,3.45,50,26600
20240205,14:46:25,3.5,500,26600
20240205,14:46:46,3.25,1500,26600
20240205,14:47:05,3.2,3050,27250
20240205,14:47:16,3.05,7450,27250
20240205,14:47:46,3.1,150,27250
20240205,14:48:19,3.1,50,27250
20240205,14:48:38,3.15,3000,27250
20240205,14:48:48,3.15,8800,27250
20240205,14:48:58,3.35,4250,27250
20240205,14:49:08,3.3,50,27250
20240205,14:49:29,3.4,50,27250
20240205,14:49:59,3.35,50,27250
20240205,14:50:08,3.2,31300,49300
20240205,14:50:48,3.1,1800,49300
20240205,14:50:58,3.1,4550,49300
20240205,14:51:08,3.1,100,49300
20240205,14:51:18,3.1,50,49300
20240205,14:51:27,3.1,50,49300
20240205,14:51:37,3.05,1800,49300
20240205,14:52:32,3.15,2800,49300
20240205,14:52:42,3.1,400,49300
20240205,14:52:52,3.1,150,49300
20240205,14:53:02,3.15,200,74200
20240205,14:53:11,3.2,50,74200
20240205,14:53:22,3.25,50,74200
20240205,14:53:32,3.2,100,74200
20240205,14:54:00,3.2,250,74200
20240205,14:54:09,3.2,600,74200
20240205,14:55:43,3.1,50,74200
20240205,14:55:53,3.05,50,74200
20240205,14:56:31,3.1,50,73600
20240205,14:56:40,3.1,50,73600
20240205,14:57:50,3.15,50,73600
20240205,14:58:28,3.15,50,73600
20240205,14:58:57,3.2,200,73600
20240205,14:59:15,3.1,100,73500
20240205,14:59:25,3.15,50,73500
20240205,14:59:42,3.1,650,73500
20240205,15:00:00,3.1,250,73500
20240205,15:00:09,3.1,100,73500
20240205,15:00:38,3.1,100,73500
20240205,15:00:47,3.1,200,73500
20240205,15:01:06,3.15,300,73500
20240205,15:01:16,3.15,800,73500
20240205,15:01:51,3.25,500,73500
20240205,15:02:00,3.15,50,73500
20240205,15:02:19,3.25,250,73000
20240205,15:02:27,3.25,500,73000
20240205,15:02:36,3.2,50,73000
20240205,15:03:56,3.15,50,73000
20240205,15:04:34,3.2,50,73000
20240205,15:04:42,3.2,700,73000
20240205,15:05:01,3.2,50,73000
20240205,15:05:48,3.25,600,72300
20240205,15:05:59,3.1,50,72300
20240205,15:06:50,3.15,50,72300
20240205,15:07:37,3.2,50,72300
20240205,15:09:01,3.15,150,71800
20240205,15:09:11,3.2,100,71800
20240205,15:09:19,3.2,50,71800
20240205,15:09:26,3.15,50,71800
20240205,15:09:35,3.15,50,71800
20240205,15:09:44,3.1,650,71800
20240205,15:09:53,3.0,12850,71800
20240205,15:10:01,2.95,14250,71800
20240205,15:10:19,2.9,1150,71800
20240205,15:10:28,2.95,1250,71800
20240205,15:10:37,2.95,6250,71800
20240205,15:10:47,3.0,50,71800
20240205,15:10:57,2.9,150,71800
20240205,15:11:07,2.9,6100,109200
20240205,15:11:18,2.9,50,109200
20240205,15:11:28,2.9,100,109200
20240205,15:12:17,2.9,50,109200
20240205,15:13:35,2.8,10500,109200
20240205,15:14:12,2.85,100,119550
20240205,15:19:15,3.0,50,119550
20240205,15:20:08,2.9,50,119550
20240205,15:21:31,2.95,50,119550
20240205,15:22:26,3.1,300,119550
20240205,15:23:03,3.1,250,119550
20240205,15:24:38,3.0,50,119600
20240205,15:25:22,3.0,150,119600
20240205,15:26:40,2.9,1850,119550
20240205,15:27:16,2.85,100,119550
20240205,15:27:24,2.85,50,119550
20240205,15:27:50,2.75,1050,119550
20240205,15:27:58,2.75,100,119550
20240205,15:29:01,2.75,500,119550
20240205,15:29:11,2.8,100,119550
20240206,09:15:05,3.05,1,119550
20240206,09:15:05,3.05,100,119550
20240206,09:15:17,2.95,200,119550
20240206,09:16:00,2.8,100,119550
20240206,09:17:37,2.5,250,119550
20240206,09:19:41,2.5,100,119550
20240206,09:19:51,2.55,1350,119550
20240206,09:20:01,2.65,4500,119550
20240206,09:20:09,2.55,350,119550
20240206,09:20:46,2.65,550,119550
20240206,09:20:56,2.65,250,119550
20240206,09:22:39,2.65,50,120150
20240206,09:22:59,2.65,50,120150
20240206,09:23:18,2.65,150,120150
20240206,09:23:36,2.65,50,120150
20240206,09:23:44,2.65,150,120150
20240206,09:24:10,2.7,50,120150
20240206,09:24:36,2.65,50,120150
20240206,09:25:37,2.6,1150,120000
20240206,09:26:14,2.6,150,120000
20240206,09:28:20,2.6,50,120000
20240206,09:29:03,2.6,150,119450
20240206,09:29:46,2.6,100,119450
20240206,09:29:57,2.6,200,119450
20240206,09:30:16,2.6,250,119450
20240206,09:30:45,2.6,200,119450
20240206,09:31:36,2.6,400,119450
20240206,09:31:47,2.6,200,119350
20240206,09:32:40,2.65,200,119350
20240206,09:32:51,2.6,50,119350
20240206,09:33:28,2.6,250,119350
20240206,09:34:34,2.55,100,119250
20240206,09:36:30,2.65,300,119250
20240206,09:36:40,2.65,200,119250
20240206,09:38:14,2.7,150,118950
20240206,09:38:51,2.75,900,118950
20240206,09:39:02,2.8,150,118950
20240206,09:39:15,2.8,1600,118950
20240206,09:40:14,2.75,100,118950
20240206,09:50:32,2.65,50,116400
20240206,09:51:04,2.75,150,116400
20240206,09:51:37,2.7,450,116400
20240206,09:52:30,2.7,100,116400
20240206,09:53:02,2.75,50,116050
20240206,09:55:38,2.7,400,115950
20240206,09:55:50,2.7,150,115950
20240206,09:56:12,2.7,100,115950
20240206,09:59:55,2.75,50,115950
20240206,10:01:46,2.75,150,115950
20240206,10:04:08,2.75,150,115950
20240206,10:05:16,2.8,150,115800
20240206,10:15:21,2.7,200,115800
20240206,10:15:32,2.7,400,115800
20240206,10:16:04,2.7,50,115800
20240206,10:17:29,2.7,50,115800
20240206,10:19:19,2.7,50,115800
20240206,10:22:24,2.65,150,115800
20240206,10:23:48,2.6,50,115650
20240206,10:24:45,2.6,150,115650
20240206,10:28:51,2.6,150,115500
20240206,10:30:04,2.55,50,115500
20240206,10:30:14,2.55,50,115500
20240206,10:30:25,2.55,50,115500
20240206,10:30:36,2.55,50,115500
20240206,10:31:37,2.5,50,115500
20240206,10:32:36,2.5,50,115500
20240206,10:39:09,2.5,50,115500
20240206,10:44:02,2.65,100,115500
20240206,10:50:37,2.65,50,115500
20240206,10:51:39,2.55,50,115500
20240206,10:59:16,2.55,350,115550
20240206,10:59:55,2.6,100,115550
20240206,11:00:16,2.55,150,115550
20240206,11:00:59,2.6,50,115550
20240206,11:03:22,2.6,100,115550
20240206,11:09:04,2.65,50,115550
20240206,11:09:13,2.65,50,115550
20240206,11:13:57,2.65,100,115550
20240206,11:14:56,2.75,1200,115550
20240206,11:16:52,2.55,300,115550
20240206,11:19:32,2.55,1200,115850
20240206,11:22:12,2.55,50,117050
20240206,11:33:23,2.5,50,117050
20240206,11:33:37,2.6,150,117050
20240206,11:34:31,2.5,50,117050
20240206,11:35:11,2.55,100,117050
20240206,11:36:03,2.5,1200,117050
20240206,11:36:28,2.5,100,117050
20240206,11:36:41,2.45,50,117050
20240206,11:38:50,2.4,250,117050
20240206,11:41:00,2.4,50,117300
20240206,11:41:33,2.45,100,117300
20240206,11:44:02,2.45,350,117200
20240206,11:45:04,2.5,1050,117200
20240206,11:47:36,2.55,300,117200
20240206,11:48:42,2.55,850,117200
20240206,11:48:51,2.55,100,117200
20240206,11:50:07,2.55,2000,117450
20240206,11:50:32,2.55,150,117450
20240206,11:52:55,2.55,50,117450
20240206,11:56:03,2.5,700,117350
20240206,11:58:01,2.5,300,117350
20240206,11:58:14,2.5,300,117350
20240206,11:58:40,2.45,2600,117350
20240206,11:59:03,2.5,150,116600
20240206,11:59:37,2.5,300,116600
20240206,11:59:49,2.45,5100,116600
20240206,12:00:26,2.4,850,116600
20240206,12:00:37,2.4,2400,116600
20240206,12:01:23,2.4,250,116600
20240206,12:02:34,2.4,350,114650
20240206,12:02:45,2.4,550,114650
20240206,12:03:09,2.4,100,114650
20240206,12:03:20,2.4,50,114650
20240206,12:06:52,2.35,3300,114650
20240206,12:07:45,2.35,100,114650
20240206,12:08:27,2.35,50,114650
20240206,12:08:55,2.4,100,114650
20240206,12:09:36,2.35,150,114650
20240206,12:09:58,2.35,900,114650
20240206,12:11:41,2.4,1350,114650
20240206,12:12:23,2.4,900,114650
20240206,12:12:47,2.4,50,114650
20240206,12:12:59,2.45,250,114650
20240206,12:13:12,2.4,150,114650
20240206,12:13:23,2.35,1000,114650
20240206,12:15:42,2.3,50,113150
20240206,12:15:51,2.3,50,113150
20240206,12:16:40,2.3,150,113150
20240206,12:16:50,2.3,200,113150
20240206,12:17:12,2.3,450,113200
20240206,12:19:57,2.4,250,113200
20240206,12:20:09,2.4,150,113200
20240206,12:20:15,2.45,50,113200
20240206,12:21:06,2.4,50,113200
20240206,12:22:23,2.3,400,113200
20240206,12:22:39,2.35,50,113200
20240206,12:23:38,2.4,50,113250
20240206,12:24:08,2.35,50,113250
20240206,12:24:52,2.35,50,113250
20240206,12:25:00,2.35,200,113250
20240206,12:25:10,2.35,50,113250
20240206,12:25:20,2.35,100,113250
20240206,12:25:35,2.35,350,113250
20240206,12:25:45,2.35,100,113250
20240206,12:26:02,2.3,300,113150
20240206,12:26:12,2.3,4250,113150
20240206,12:26:21,2.3,250,113150
20240206,12:27:23,2.3,2050,113150
20240206,12:27:42,2.3,150,113150
20240206,12:27:49,2.25,100,113150
20240206,12:27:58,2.25,3200,113150
20240206,12:28:07,2.35,100,113150
20240206,12:28:15,2.3,150,113150
20240206,12:29:06,2.3,150,113000
20240206,12:29:47,2.35,700,113000
20240206,12:29:56,2.35,100,113000
20240206,12:30:23,2.35,800,113000
20240206,12:31:24,2.35,450,113000
20240206,12:32:29,2.35,50,112850
20240206,12:33:13,2.35,100,112850
20240206,12:33:22,2.35,100,112850
20240206,12:35:36,2.35,150,112650
20240206,12:35:49,2.3,1050,112650
20240206,12:35:57,2.3,100,112650
20240206,12:36:15,2.3,150,112650
20240206,12:36:24,2.3,100,112650
20240206,12:36:31,2.3,1300,112650
20240206,12:36:46,2.35,300,112650
20240206,12:38:04,2.3,350,112200
20240206,12:38:33,2.3,1700,112200
20240206,12:39:07,2.25,4800,112200
20240206,12:39:54,2.25,1800,112200
20240206,12:40:00,2.3,300,112200
20240206,12:40:06,2.25,1000,112200
20240206,12:41:33,2.3,3900,112450
20240206,12:41:40,2.3,50,112450
20240206,12:42:10,2.3,1400,112450
20240206,12:42:34,2.3,500,112450
20240206,12:42:40,2.3,450,112450
20240206,12:45:22,2.35,50,112450
20240206,12:45:42,2.35,50,112450
20240206,12:48:33,2.3,250,112350
20240206,12:49:28,2.3,1150,112350
20240206,12:50:05,2.35,900,112600
20240206,12:50:34,2.35,100,112600
20240206,12:54:16,2.3,1150,112650
20240206,13:01:05,2.35,100,112650
20240206,13:01:10,2.3,3400,112650
20240206,13:01:43,2.3,50,112650
20240206,13:01:57,2.25,50,112650
20240206,13:02:31,2.3,100,112550
20240206,13:05:45,2.3,350,112550
20240206,13:09:25,2.3,50,112250
20240206,13:12:59,2.25,350,112250
20240206,13:13:43,2.3,150,112250
20240206,13:14:06,2.3,50,112250
20240206,13:15:07,2.25,50,112250
20240206,13:16:47,2.3,50,112250
20240206,13:20:25,2.3,1350,112250
20240206,13:33:49,2.3,150,112250
20240206,13:36:48,2.2,50,112250
20240206,13:37:00,2.05,200,112250
20240206,13:37:11,2.05,150,112250
20240206,13:38:09,2.2,50,112250
20240206,13:38:25,2.2,1850,112250
20240206,13:38:33,2.2,1550,112250
20240206,13:38:40,2.2,250,112250
20240206,13:38:47,2.25,50,112250
20240206,13:39:13,2.2,150,112250
20240206,13:39:20,2.2,500,112250
20240206,13:39:57,2.2,1150,112250
20240206,13:40:17,2.2,2350,112250
20240206,13:40:27,2.2,250,112250
20240206,13:40:37,2.2,400,112250
20240206,13:41:55,2.25,50,112250
20240206,13:42:17,2.25,100,112250
20240206,13:44:21,2.25,300,112200
20240206,13:45:35,2.2,50,112200
20240206,13:45:42,2.2,100,112200
20240206,13:46:31,2.2,250,112200
20240206,13:46:40,2.2,750,112200
20240206,13:50:04,2.2,100,112200
20240206,13:52:36,2.15,50,112150
20240206,13:53:15,2.2,100,112150
20240206,13:53:24,2.25,350,112150
20240206,13:53:34,2.2,50,112150
20240206,13:55:07,2.15,250,112150
20240206,13:56:19,2.15,250,112150
20240206,13:58:23,2.2,50,112150
20240206,13:59:54,2.2,100,112150
20240206,14:03:05,2.2,50,112150
20240206,14:05:04,2.2,1900,112150
20240206,14:05:41,2.2,100,112100
20240206,14:07:12,2.15,800,112100
20240206,14:07:21,2.15,1600,112100
20240206,14:07:46,2.15,200,112100
20240206,14:09:19,2.2,250,112100
20240206,14:13:35,2.25,1550,112100
20240206,14:15:09,2.25,150,112100
20240206,14:15:27,2.15,100,112100
20240206,14:16:31,2.2,100,112100
20240206,14:18:32,2.15,250,112100
20240206,14:19:39,2.15,100,112100
20240206,14:20:56,2.15,50,112100
20240206,14:21:13,2.2,50,112100
20240206,14:22:14,2.2,50,112100
20240206,14:23:11,2.2,250,112100
20240206,14:23:43,2.2,250,112100
20240206,14:26:24,2.25,1800,112100
20240206,14:26:55,2.3,1200,112100
20240206,14:27:54,2.3,1800,112100
20240206,14:28:02,2.3,1800,112100
20240206,14:28:17,2.35,1800,112100
20240206,14:28:24,2.35,1800,112100
20240206,14:28:53,2.35,1500,112100
20240206,14:30:08,2.3,200,112300
20240206,14:31:53,2.3,3100,112300
20240206,14:36:34,2.35,400,112100
20240206,14:37:35,2.4,300,112100
20240206,14:39:12,2.35,50,112100
20240206,14:39:34,2.3,200,112100
20240206,14:41:10,2.25,300,112100
20240206,14:41:33,2.3,100,112150
20240206,14:41:55,2.3,50,112150
20240206,14:49:53,2.35,300,112150
20240206,14:50:14,2.3,500,112150
20240206,14:51:56,2.3,50,112150
20240206,14:52:16,2.3,100,112150
20240206,14:53:18,2.3,500,112150
20240206,14:55:28,2.25,250,112100
20240206,14:56:28,2.25,450,112100
20240206,15:00:15,2.2,50,112100
20240206,15:00:30,2.25,750,112100
20240206,15:03:59,2.2,100,112100
20240206,15:04:06,2.2,100,112100
20240206,15:04:43,2.2,500,112100
20240206,15:05:55,2.15,50,111600
20240206,15:06:06,2.25,100,111600
20240206,15:08:31,2.3,600,111600
20240206,15:10:55,2.3,1100,111600
20240206,15:12:00,2.3,50,111600
20240206,15:12:10,2.3,50,111600
20240206,15:14:16,2.3,50,111600
20240206,15:16:26,2.35,50,111600
20240206,15:20:44,2.3,1050,111600
20240206,15:21:20,2.3,100,111600
20240206,15:25:53,2.15,200,111600
20240206,15:26:24,2.2,50,111600
20240206,15:26:45,2.25,550,111600
20240206,15:28:08,2.25,550,111600
20240206,15:28:51,2.35,50,111600
20240206,15:29:43,2.2,550,111500
20240207,09:15:15,2.35,1,111500
20240207,09:15:15,2.55,100,111500
20240207,09:15:28,2.8,850,111500
20240207,09:15:55,2.6,100,111500
20240207,09:16:23,2.6,100,111500
20240207,09:16:36,2.55,100,112150
20240207,09:16:49,2.55,100,112150
20240207,09:17:01,2.55,100,112150
20240207,09:17:12,2.6,100,112150
20240207,09:17:24,2.55,200,112150
20240207,09:18:00,2.6,50,112150
20240207,09:18:11,2.55,100,112150
20240207,09:18:22,2.55,900,112150
20240207,09:18:33,2.5,1450,112150
20240207,09:18:44,2.5,350,112150
20240207,09:19:16,2.25,12650,112150
20240207,09:19:25,2.45,50,112150
20240207,09:19:43,2.45,50,111950
20240207,09:20:22,2.45,1900,111950
20240207,09:20:33,2.4,450,111950
20240207,09:20:52,2.4,300,111950
20240207,09:21:01,2.5,2050,111950
20240207,09:21:10,2.45,1350,111950
20240207,09:21:31,2.45,50,111950
20240207,09:22:02,2.45,450,111950
20240207,09:22:12,2.4,250,111950
20240207,09:22:53,2.4,300,112250
20240207,09:23:14,2.4,950,112250
20240207,09:24:35,2.35,200,112250
20240207,09:25:09,2.35,550,112250
20240207,09:27:43,2.4,100,112050
20240207,09:28:05,2.4,50,112050
20240207,09:28:16,2.4,50,112050
20240207,09:29:39,2.4,50,112150
20240207,09:29:49,2.4,100,112150
20240207,09:30:09,2.4,50,112150
20240207,09:30:40,2.4,50,112150
20240207,09:31:21,2.4,250,112150
20240207,09:31:31,2.4,1050,112150
20240207,09:32:04,2.45,750,112250
20240207,09:32:33,2.45,100,112250
20240207,09:32:44,2.45,400,112250
20240207,09:33:12,2.45,50,112250
20240207,09:33:21,2.45,550,112250
20240207,09:33:30,2.45,50,112250
20240207,09:34:08,2.45,200,112250
20240207,09:34:17,2.45,100,112250
20240207,09:34:55,2.5,650,112050
20240207,09:35:05,2.5,100,112050
20240207,09:35:16,2.5,50,112050
20240207,09:36:55,2.45,200,112050
20240207,09:38:55,2.5,50,112150
20240207,09:40:43,2.5,50,112150
20240207,09:41:45,2.45,50,112150
20240207,09:41:55,2.5,400,112150
20240207,09:43:08,2.4,50,112150
20240207,09:43:18,2.4,300,112150
20240207,09:44:19,2.4,50,111700
20240207,09:44:30,2.4,150,111700
20240207,09:44:40,2.4,100,111700
20240207,09:46:37,2.4,50,111750
20240207,09:48:55,2.2,1050,111750
20240207,09:50:30,2.25,100,112400
20240207,09:50:59,2.3,200,112400
20240207,09:51:09,2.3,100,112400
20240207,09:54:08,2.35,50,112700
20240207,09:54:18,2.25,50,112700
20240207,09:54:26,2.25,50,112700
20240207,09:54:43,2.25,200,112700
20240207,09:54:58,2.2,50,112700
20240207,09:57:45,2.25,250,112750
20240207,09:58:24,2.3,550,112750
20240207,09:58:53,2.3,50,112600
20240207,10:00:26,2.35,1800,112600
20240207,10:00:43,2.3,50,112600
20240207,10:01:18,2.3,50,112600
20240207,10:02:02,2.3,50,113000
20240207,10:02:37,2.25,200,113000
20240207,10:02:45,2.25,750,113000
20240207,10:03:14,2.25,200,113000
20240207,10:03:24,2.25,100,113000
20240207,10:03:59,2.25,200,113000
20240207,10:05:12,2.3,50,113400
20240207,10:05:43,2.25,50,113400
20240207,10:05:53,2.25,50,113400
20240207,10:06:21,2.15,600,113400
20240207,10:06:39,2.1,200,113400
20240207,10:06:57,2.1,1000,113400
20240207,10:07:07,2.15,200,113400
20240207,10:07:51,2.1,200,114700
20240207,10:07:59,2.1,1000,114700
20240207,10:09:00,2.15,250,114700
20240207,10:10:46,2.1,200,116150
20240207,10:11:24,2.15,150,116150
20240207,10:11:33,2.15,50,116150
20240207,10:12:40,2.15,50,116150
20240207,10:13:53,2.2,50,116500
20240207,10:14:33,2.2,200,116500
20240207,10:14:40,2.45,5150,116500
20240207,10:14:48,2.35,950,116500
20240207,10:15:10,2.45,200,116500
20240207,10:15:40,2.4,200,116500
20240207,10:15:48,2.4,200,116500
20240207,10:15:55,2.4,100,116500
20240207,10:16:02,2.35,250,116500
20240207,10:17:24,2.4,50,116500
20240207,10:17:31,2.45,350,116850
20240207,10:18:36,2.35,500,116850
20240207,10:18:55,2.35,350,116850
20240207,10:19:04,2.35,250,116850
20240207,10:19:13,2.35,950,116850
20240207,10:19:23,2.35,550,116850
20240207,10:19:32,2.35,50,116850
20240207,10:22:38,2.4,600,118000
20240207,10:22:47,2.35,700,117950
20240207,10:22:55,2.4,400,117950
20240207,10:23:32,2.4,200,117950
20240207,10:24:20,2.5,200,117950
20240207,10:24:33,2.55,1400,117950
20240207,10:24:48,2.55,250,117950
20240207,10:24:56,2.55,200,117950
20240207,10:25:19,2.5,200,117950
20240207,10:25:32,2.5,200,117950
20240207,10:26:14,2.45,300,116000
20240207,10:26:27,2.55,200,116000
20240207,10:26:52,2.55,400,116000
20240207,10:27:07,2.55,800,116000
20240207,10:29:05,2.45,200,116000
20240207,10:29:12,2.55,100,116300
20240207,10:29:32,2.5,50,116300
20240207,10:31:05,2.5,200,116300
20240207,10:31:11,2.5,250,116300
20240207,10:31:18,2.45,900,116300
20240207,10:31:25,2.5,4200,116300
20240207,10:31:31,2.5,1750,116300
20240207,10:31:46,2.5,850,119600
20240207,10:32:18,2.5,250,119600
20240207,10:32:32,2.55,250,119600
20240207,10:34:05,2.5,250,119600
20240207,10:34:17,2.55,50,119600
20240207,10:35:37,2.5,250,118200
20240207,10:35:44,2.5,50,118200
20240207,10:36:13,2.5,350,118200
20240207,10:36:20,2.55,200,118200
20240207,10:36:35,2.6,200,118200
20240207,10:36:43,2.6,400,118200
20240207,10:36:50,2.5,250,118200
20240207,10:36:58,2.5,650,118200
20240207,10:37:13,2.55,150,118200
20240207,10:37:20,2.5,600,118200
20240207,10:37:27,2.55,50,118200
20240207,10:37:42,2.5,300,116550
20240207,10:37:49,2.5,800,116550
20240207,10:39:12,2.5,100,116550
20240207,10:40:23,2.5,50,116550
20240207,10:40:30,2.45,50,116550
20240207,10:40:44,2.45,50,116300
20240207,10:40:52,2.55,50,116300
20240207,10:40:59,2.6,450,116300
20240207,10:41:06,2.5,350,116300
20240207,10:41:19,2.5,500,116300
20240207,10:41:31,2.5,550,116300
20240207,10:41:54,2.5,50,116300
20240207,10:42:03,2.5,50,116300
20240207,10:42:35,2.55,150,116300
20240207,10:43:02,2.55,200,116300
20240207,10:43:28,2.5,350,116300
20240207,10:43:35,2.55,100,116300
20240207,10:43:42,2.55,450,116300
20240207,10:44:04,2.55,400,116200
20240207,10:44:57,2.5,150,116200
20240207,10:45:03,2.5,50,116200
20240207,10:45:09,2.45,50,116200
20240207,10:45:45,2.6,50,116200
20240207,10:45:51,2.6,100,116200
20240207,10:45:59,2.65,250,116200
20240207,10:46:13,2.65,150,116200
20240207,10:46:20,2.65,600,116200
20240207,10:46:35,2.55,250,116200
20240207,10:46:42,2.6,50,116200
20240207,10:47:17,2.55,200,116250
20240207,10:48:22,2.6,50,116250
20240207,10:48:40,2.6,50,116250
20240207,10:50:19,2.6,50,116450
20240207,10:51:57,2.55,400,116450
20240207,10:52:04,2.55,50,116450
20240207,10:52:15,2.5,1800,116450
20240207,10:52:27,2.55,250,116450
20240207,10:52:49,2.5,1800,116350
20240207,10:53:22,2.5,1800,116350
20240207,10:54:35,2.6,2100,116350
20240207,10:55:23,2.65,50,116350
20240207,10:55:51,2.6,350,115650
20240207,10:56:10,2.65,200,115650
20240207,10:56:39,2.6,400,115650
20240207,10:57:21,2.6,50,115650
20240207,10:58:42,2.5,200,115650
20240207,10:58:48,2.5,250,115300
20240207,10:58:59,2.5,250,115300
20240207,10:59:24,2.5,100,115300
20240207,11:02:46,2.5,400,114900
20240207,11:02:50,2.5,1250,114900
20240207,11:05:40,2.55,450,115700
20240207,11:05:55,2.6,100,115700
20240207,11:06:10,2.55,50,115700
20240207,11:07:14,2.55,50,115700
20240207,11:07:33,2.5,50,115700
20240207,11:07:44,2.55,300,115700
20240207,11:08:21,2.45,100,116000
20240207,11:08:29,2.45,800,116000
20240207,11:09:33,2.5,150,116000
20240207,11:09:57,2.55,1400,116000
20240207,11:11:28,2.5,100,116550
20240207,11:11:44,2.5,250,116550
20240207,11:12:26,2.5,200,116550
20240207,11:14:00,2.55,100,116250
20240207,11:14:06,2.45,100,116250
20240207,11:14:31,2.5,100,116250
20240207,11:14:38,2.5,200,116250
20240207,11:15:26,2.5,250,116250
20240207,11:17:29,2.55,50,116250
20240207,11:18:55,2.55,50,116250
20240207,11:20:09,2.55,50,116200
20240207,11:21:08,2.55,550,116200
20240207,11:21:41,2.5,50,116200
20240207,11:22:25,2.5,50,116200
20240207,11:24:30,2.5,50,115900
20240207,11:24:50,2.45,100,115900
20240207,11:25:27,2.55,50,115900
20240207,11:29:51,2.45,500,115850
20240207,11:31:46,2.55,400,115850
20240207,11:31:56,2.5,50,115850
20240207,11:32:17,2.55,1550,115850
20240207,11:33:20,2.6,50,115850
20240207,11:33:29,2.6,450,115850
20240207,11:33:39,2.7,2050,115850
20240207,11:33:48,2.65,100,115850
20240207,11:34:29,2.6,250,115850
20240207,11:35:25,2.6,500,116600
20240207,11:35:42,2.65,250,116600
20240207,11:37:29,2.65,1400,116600
20240207,11:38:16,2.6,100,115600
20240207,11:38:26,2.65,150,115600
20240207,11:39:11,2.7,500,115600
20240207,11:39:21,2.65,650,115600
20240207,11:39:31,2.6,250,115600
20240207,11:40:05,2.65,50,115600
20240207,11:40:28,2.65,100,115600
20240207,11:41:20,2.65,400,115050
20240207,11:41:43,2.65,150,115050
20240207,11:42:18,2.65,250,115050
20240207,11:42:25,2.65,50,115050
20240207,11:43:25,2.6,1250,115050
20240207,11:45:20,2.65,200,114150
20240207,11:46:26,2.65,500,114150
20240207,11:48:01,2.6,500,114300
20240207,11:48:29,2.6,250,114300
20240207,11:48:52,2.6,200,114300
20240207,11:51:15,2.55,300,115150
20240207,11:52:35,2.6,400,115150
20240207,11:53:10,2.6,300,115150
20240207,11:53:40,2.65,50,115150
20240207,11:53:55,2.65,50,115150
20240207,11:54:03,2.65,1250,115150
20240207,11:54:11,2.65,450,115150
20240207,11:54:18,2.7,100,115150
20240207,11:54:41,2.75,50,115150
20240207,11:54:49,2.7,50,115150
20240207,11:54:57,2.7,250,115150
20240207,11:55:04,2.7,500,115150
20240207,11:59:31,2.65,50,114050
20240207,12:01:31,2.5,1000,114050
20240207,12:02:01,2.55,300,114050
20240207,12:03:50,2.5,100,114050
20240207,12:04:22,2.5,200,114050
20240207,12:05:31,2.55,50,114000
20240207,12:07:54,2.55,200,114000
20240207,12:08:34,2.55,200,114200
20240207,12:13:07,2.55,50,114150
20240207,12:15:03,2.45,350,114200
20240207,12:17:54,2.5,50,113900
20240207,12:18:01,2.45,200,113900
20240207,12:19:05,2.5,200,113900
20240207,12:24:03,2.45,1250,113900
20240207,12:24:23,2.45,50,113900
20240207,12:26:23,2.45,50,113900
20240207,12:26:46,2.4,200,113900
20240207,12:29:08,2.4,50,113900
20240207,12:29:28,2.4,250,113900
20240207,12:29:39,2.35,3650,113900
20240207,12:30:07,2.35,4300,113900
20240207,12:30:30,2.35,3700,113900
20240207,12:31:01,2.35,5100,113900
20240207,12:31:51,2.3,1800,113900
20240207,12:33:30,2.35,650,130300
20240207,12:33:51,2.35,50,130300
20240207,12:33:58,2.4,100,130300
20240207,12:34:18,2.35,100,130300
20240207,12:35:26,2.4,100,130300
20240207,12:36:43,2.4,50,130300
20240207,12:37:14,2.4,50,130300
20240207,12:37:55,2.35,350,130300
20240207,12:38:08,2.35,50,130300
20240207,12:38:14,2.3,600,130300
20240207,12:38:32,2.35,50,130300
20240207,12:38:39,2.35,300,130300
20240207,12:39:28,2.35,600,130300
20240207,12:41:24,2.35,150,130200
20240207,12:42:43,2.35,200,130200
20240207,12:43:25,2.35,650,130200
20240207,12:45:01,2.4,250,130100
20240207,12:45:06,2.4,1200,130100
20240207,12:45:21,2.4,150,130100
20240207,12:45:55,2.4,450,130100
20240207,12:46:07,2.4,250,130100
20240207,12:48:11,2.35,200,130700
20240207,12:48:17,2.4,100,130700
20240207,12:48:35,2.45,100,130700
20240207,12:49:24,2.4,50,130700
20240207,12:49:41,2.4,400,130700
20240207,12:49:52,2.35,1150,130700
20240207,12:50:46,2.35,50,130250
20240207,12:50:51,2.3,500,130250
20240207,12:50:58,2.3,1000,130250
20240207,12:51:04,2.3,200,130250
20240207,12:52:00,2.3,100,130250
20240207,12:52:06,2.25,250,130250
20240207,12:52:29,2.25,50,130250
20240207,12:54:04,2.25,100,130250
20240207,12:56:07,2.2,1100,130250
20240207,12:56:18,2.2,50,130250
20240207,12:57:50,2.2,150,130250
20240207,12:58:20,2.15,300,130250
20240207,12:59:23,2.2,50,130450
20240207,13:00:55,2.2,50,130450
20240207,13:01:06,2.2,500,130450
20240207,13:06:15,2.15,450,130200
20240207,13:06:22,2.15,100,130200
20240207,13:06:52,2.15,50,130200
20240207,13:07:01,2.1,750,130200
20240207,13:07:39,2.15,100,130200
20240207,13:08:26,2.15,50,130200
20240207,13:08:51,2.2,50,130200
20240207,13:13:13,2.15,100,130200
20240207,13:13:37,2.15,150,130200
20240207,13:13:48,2.15,50,130200
20240207,13:14:12,2.15,750,130200
20240207,13:14:17,2.1,1300,130200
20240207,13:15:17,2.1,500,130200
20240207,13:15:36,2.15,50,130200
20240207,13:16:15,2.1,100,130200
20240207,13:16:20,2.15,350,130200
20240207,13:16:43,2.15,1650,130200
20240207,13:17:01,2.15,150,130200
20240207,13:17:25,2.2,900,130700
20240207,13:21:05,2.2,500,130700
20240207,13:21:25,2.2,750,130700
20240207,13:21:39,2.25,150,130700
20240207,13:24:18,2.25,50,131000
20240207,13:25:00,2.25,150,131000
20240207,13:25:06,2.25,100,131000
20240207,13:25:46,2.25,50,131000
20240207,13:25:53,2.25,700,131000
20240207,13:25:59,2.25,200,131000
20240207,13:26:06,2.25,250,131000
20240207,13:26:43,2.25,150,131300
20240207,13:27:07,2.25,200,131300
20240207,13:28:28,2.2,50,131300
20240207,13:29:01,2.25,1950,131300
20240207,13:29:28,2.3,50,132450
20240207,13:33:58,2.25,50,132500
20240207,13:34:06,2.25,350,132500
20240207,13:34:21,2.3,100,132500
20240207,13:34:42,2.25,100,132500
20240207,13:38:04,2.3,50,132450
20240207,13:39:57,2.3,150,132400
20240207,13:40:12,2.25,300,132400
20240207,13:41:00,2.3,1100,132400
20240207,13:41:55,2.2,1150,131550
20240207,13:42:14,2.2,900,131550
20240207,13:42:23,2.15,1950,131550
20240207,13:42:34,2.2,1500,131550
20240207,13:44:05,2.2,50,131550
20240207,13:44:10,2.2,100,131550
20240207,13:44:19,2.2,100,130650
20240207,13:45:43,2.15,250,130650
20240207,13:45:49,2.2,50,130650
20240207,13:46:47,2.15,50,130650
20240207,13:46:57,2.15,250,130650
20240207,13:47:22,2.15,50,130800
20240207,13:47:37,2.15,50,130800
20240207,13:48:55,2.2,200,130800
20240207,13:52:00,2.15,1850,130800
20240207,13:52:05,2.15,50,130800
20240207,13:52:09,2.15,250,130800
20240207,13:52:13,2.15,1950,130800
20240207,13:52:49,2.2,500,130800
20240207,13:53:31,2.15,200,130800
20240207,13:53:52,2.1,250,130800
20240207,13:54:02,2.15,100,130800
20240207,13:58:40,2.15,300,131200
20240207,13:58:50,2.15,50,131200
20240207,14:00:18,2.15,250,130900
20240207,14:00:23,2.15,250,130900
20240207,14:01:03,2.2,50,130900
20240207,14:04:00,2.15,50,130900
20240207,14:06:31,2.2,400,130850
20240207,14:06:42,2.2,100,130850
20240207,14:07:17,2.2,750,130850
20240207,14:07:23,2.15,50,130850
20240207,14:08:31,2.15,200,130950
20240207,14:08:38,2.15,600,130950
20240207,14:08:52,2.15,450,130950
20240207,14:08:59,2.15,700,130950
20240207,14:09:21,2.15,150,130950
20240207,14:10:10,2.15,150,130950
20240207,14:10:57,2.1,150,130950
20240207,14:11:03,2.15,350,130950
20240207,14:11:18,2.1,100,131050
20240207,14:11:37,2.05,150,131050
20240207,14:12:04,2.05,450,131050
20240207,14:12:51,2.05,1650,131050
20240207,14:16:02,2.05,250,130550
20240207,14:18:38,2.15,800,130550
20240207,14:18:45,2.15,200,130550
20240207,14:20:01,2.1,300,130550
20240207,14:20:16,2.1,600,130550
20240207,14:20:32,2.1,50,130700
20240207,14:21:09,2.15,450,130700
20240207,14:21:17,2.1,250,130700
20240207,14:21:25,2.2,400,130700
20240207,14:21:40,2.2,200,130700
20240207,14:22:40,2.2,350,130700
20240207,14:22:47,2.15,200,130700
20240207,14:22:53,2.25,950,130700
20240207,14:23:00,2.2,50,130700
20240207,14:23:08,2.2,50,130700
20240207,14:24:05,2.25,150,130900
20240207,14:24:12,2.25,1350,130900
20240207,14:24:18,2.25,1550,130900
20240207,14:24:31,2.3,400,130900
20240207,14:25:03,2.3,100,130900
20240207,14:25:09,2.3,250,130900
20240207,14:25:16,2.3,200,130900
20240207,14:26:29,2.3,50,131850
20240207,14:27:07,2.25,150,131850
20240207,14:27:52,2.25,200,131850
20240207,14:28:12,2.25,50,131850
20240207,14:29:53,2.2,250,131850
20240207,14:30:01,2.2,1250,132000
20240207,14:30:09,2.2,300,132000
20240207,14:30:38,2.25,200,132000
20240207,14:30:45,2.2,50,132000
20240207,14:31:21,2.25,50,132000
20240207,14:31:35,2.2,400,132000
20240207,14:32:49,2.2,200,131300
20240207,14:32:57,2.2,50,131300
20240207,14:33:11,2.2,250,131300
20240207,14:33:33,2.2,700,131300
20240207,14:33:48,2.15,250,131300
20240207,14:34:04,2.1,250,131300
20240207,14:34:12,2.05,1800,131300
20240207,14:34:20,2.05,1100,131300
20240207,14:34:28,2.05,150,131300
20240207,14:34:36,2.0,5350,131300
20240207,14:34:52,2.0,250,131300
20240207,14:34:59,1.95,200,131300
20240207,14:35:07,2.0,400,131300
20240207,14:35:21,2.0,450,130750
20240207,14:35:56,2.0,200,130750
20240207,14:36:04,1.95,100,130750
20240207,14:36:12,2.0,250,130750
20240207,14:36:42,1.95,500,130750
20240207,14:37:44,1.95,150,130750
20240207,14:38:57,1.9,50,130750
20240207,14:40:53,1.9,50,130750
20240207,14:43:15,1.85,100,130800
20240207,14:43:49,1.85,50,130800
20240207,14:44:30,1.85,950,130800
20240207,14:45:20,1.85,100,130800
20240207,14:45:45,1.85,50,130800
20240207,14:46:35,1.9,450,130800
20240207,14:46:46,1.9,100,130800
20240207,14:46:56,1.9,100,130800
20240207,14:47:01,1.85,50,130800
20240207,14:47:41,1.9,300,130800
20240207,14:47:49,1.9,350,130800
20240207,14:48:05,1.9,250,130800
20240207,14:48:10,1.9,200,130800
20240207,14:48:15,1.9,50,130800
20240207,14:48:19,1.9,300,130800
20240207,14:48:23,1.9,250,130800
20240207,14:48:27,1.95,350,130800
20240207,14:48:36,1.95,450,130800
20240207,14:48:54,1.95,50,130800
20240207,14:48:59,1.9,850,130800
20240207,14:49:04,1.95,50,130800
20240207,14:49:09,1.95,50,130800
20240207,14:49:14,1.95,50,130800
20240207,14:49:29,1.95,50,130800
20240207,14:49:45,1.9,300,130800
20240207,14:49:50,1.95,100,130800
20240207,14:50:02,1.95,250,130800
20240207,14:50:26,1.95,200,130650
20240207,14:50:36,1.95,50,130650
20240207,14:51:26,1.95,400,130650
20240207,14:51:35,1.95,250,130650
20240207,14:51:51,2.0,50,130650
20240207,14:55:17,1.95,50,130550
20240207,14:55:56,1.95,200,130550
20240207,14:57:04,1.95,50,130750
20240207,14:57:23,1.95,600,130750
20240207,14:58:09,2.0,150,130750
20240207,14:58:43,2.0,100,130750
20240207,14:59:14,1.95,600,130750
20240207,14:59:19,1.95,350,130750
20240207,14:59:24,2.0,100,131150
20240207,14:59:30,2.0,450,131150
20240207,14:59:36,2.0,50,131150
20240207,14:59:42,2.05,200,131150
20240207,14:59:48,2.0,700,131150
20240207,14:59:53,2.0,50,131150
20240207,15:00:07,2.05,50,131150
20240207,15:00:20,2.0,50,131150
20240207,15:00:31,2.0,600,131150
20240207,15:01:02,2.0,100,131150
20240207,15:01:27,2.0,50,131150
20240207,15:01:33,2.0,100,131150
20240207,15:01:38,2.0,100,131150
20240207,15:01:59,2.0,50,131150
20240207,15:02:05,1.95,500,131150
20240207,15:02:10,2.0,250,131150
20240207,15:02:15,2.0,100,131150
20240207,15:02:20,2.0,100,131150
20240207,15:02:26,2.0,150,131250
20240207,15:02:31,2.0,500,131250
20240207,15:02:36,1.95,1150,131250
20240207,15:02:41,2.0,400,131250
20240207,15:02:45,1.95,1000,131250
20240207,15:02:50,2.0,100,131250
20240207,15:03:07,2.0,300,131250
20240207,15:03:34,1.95,1000,131250
20240207,15:03:39,1.95,150,131250
20240207,15:03:44,1.9,200,131250
20240207,15:05:42,1.95,100,131800
20240207,15:06:14,1.95,300,131800
20240207,15:06:23,1.95,100,131800
20240207,15:06:58,1.95,150,131800
20240207,15:07:03,1.95,100,131800
20240207,15:07:38,2.0,50,131800
20240207,15:07:44,2.0,50,131800
20240207,15:07:48,1.95,50,131800
20240207,15:07:52,1.9,450,131800
20240207,15:07:56,2.0,200,131800
20240207,15:08:09,1.95,50,131800
20240207,15:08:14,1.95,50,131800
20240207,15:08:18,2.0,50,131800
20240207,15:08:22,2.0,100,131800
20240207,15:08:26,2.0,100,132250
20240207,15:08:30,2.0,500,132250
20240207,15:08:35,2.0,900,132250
20240207,15:08:43,1.95,150,132250
20240207,15:08:47,1.95,50,132250
20240207,15:08:51,2.0,300,132250
20240207,15:08:56,1.95,600,132250
20240207,15:09:13,2.0,250,132250
20240207,15:09:17,2.0,200,132250
20240207,15:09:21,2.0,50,132250
20240207,15:09:29,2.0,400,132250
20240207,15:09:33,2.0,600,132250
20240207,15:09:37,2.0,50,132250
20240207,15:09:55,2.0,650,132250
20240207,15:10:00,1.95,1050,132250
20240207,15:10:10,1.95,1500,132250
20240207,15:10:21,2.0,1050,132250
20240207,15:10:28,2.0,300,132250
20240207,15:11:04,1.95,850,132250
20240207,15:11:34,1.95,200,132950
20240207,15:11:38,1.95,1150,132950
20240207,15:11:49,1.95,50,132950
20240207,15:11:59,1.95,100,132950
20240207,15:12:05,1.95,100,132950
20240207,15:12:50,1.9,50,132950
20240207,15:13:06,1.95,1850,132950
20240207,15:13:15,1.95,1800,132950
20240207,15:13:30,1.9,250,132950
20240207,15:14:02,1.95,400,132950
20240207,15:14:21,1.95,600,132950
20240207,15:15:10,2.0,1200,136250
20240207,15:15:24,1.95,50,136250
20240207,15:15:47,1.95,50,136250
20240207,15:16:55,1.9,100,136250
20240207,15:17:18,1.9,700,136250
20240207,15:18:08,1.95,1200,136250
20240207,15:18:21,1.95,850,136250
20240207,15:18:25,1.9,300,136250
20240207,15:18:38,1.95,150,136250
20240207,15:18:47,1.95,100,136250
20240207,15:19:15,1.9,550,136250
20240207,15:19:24,1.9,150,136250
20240207,15:21:03,1.95,50,135550
20240207,15:22:52,1.85,2050,135550
20240207,15:23:24,1.9,800,135550
20240207,15:23:57,1.9,50,134650
20240207,15:25:20,1.95,600,134650
20240207,15:25:25,1.95,400,134650
20240207,15:25:36,1.9,1850,134650
20240207,15:25:49,1.85,250,134650
20240207,15:25:55,1.9,100,134650
20240207,15:26:01,1.9,250,134650
20240207,15:26:12,1.9,500,134650
20240207,15:26:18,1.9,50,134650
20240207,15:26:24,1.9,50,134650
20240207,15:26:35,1.9,50,135850
20240207,15:26:40,1.95,1200,135850
20240207,15:27:20,1.95,500,135850
20240207,15:27:24,1.95,200,135850
20240207,15:27:30,1.95,500,135850
20240207,15:27:35,1.95,600,135850
20240207,15:27:55,1.95,500,135850
20240207,15:28:01,1.95,1000,135850
20240207,15:28:19,1.95,250,135850
20240207,15:28:28,1.95,1650,135850
20240207,15:28:38,1.95,3500,135850
20240207,15:28:45,1.95,200,135850
20240207,15:28:52,1.95,100,135850
20240207,15:28:58,2.0,1700,135850
20240207,15:29:06,1.95,750,135850
20240207,15:29:14,1.95,50,135850
20240207,15:29:30,1.95,500,133500
20240207,15:29:47,1.9,1250,133500
20240207,15:29:56,2.0,750,133500
20240208,09:15:14,2.05,1,133600
20240208,09:15:14,2.0,100,133600
20240208,09:15:25,2.0,1050,133600
20240208,09:15:34,1.95,50,133600
20240208,09:15:43,1.95,350,133600
20240208,09:15:51,1.9,350,133600
20240208,09:16:13,1.9,500,133600
20240208,09:16:21,1.85,2650,133600
20240208,09:16:30,1.9,1650,133600
20240208,09:16:38,1.95,1350,133600
20240208,09:16:47,1.9,550,133350
20240208,09:16:54,1.9,400,133350
20240208,09:17:15,1.9,1000,133350
20240208,09:17:27,1.9,250,133350
20240208,09:17:36,1.9,150,133350
20240208,09:17:47,1.85,50,133350
20240208,09:17:57,1.9,1450,133350
20240208,09:18:07,1.9,900,133350
20240208,09:18:19,1.9,1800,133350
20240208,09:18:50,1.85,2800,133350
20240208,09:18:59,1.8,150,133350
20240208,09:19:09,1.8,200,133350
20240208,09:19:20,1.85,50,133350
20240208,09:19:38,1.85,100,133350
20240208,09:19:48,1.85,100,135800
20240208,09:19:57,1.75,1600,135800
20240208,09:20:06,1.75,250,135800
20240208,09:20:26,1.75,100,135800
20240208,09:20:38,1.7,550,135800
20240208,09:20:49,1.75,50,135800
20240208,09:21:01,1.75,950,135800
20240208,09:21:13,1.8,2650,135800
20240208,09:21:24,1.8,900,135800
20240208,09:21:35,1.8,1950,135800
20240208,09:21:46,1.8,2700,135800
20240208,09:22:08,1.75,800,135800
20240208,09:22:50,1.75,650,138250
20240208,09:23:10,1.75,3750,138250
20240208,09:24:41,1.75,100,138250
20240208,09:25:25,1.75,50,138250
20240208,09:25:45,1.75,50,138250
20240208,09:27:05,1.75,50,136550
20240208,09:28:14,1.65,1250,136550
20240208,09:29:01,1.7,250,136700
20240208,09:30:55,1.65,50,136700
20240208,09:31:05,1.65,700,136700
20240208,09:31:34,1.65,350,136700
20240208,09:32:17,1.65,50,136700
20240208,09:34:43,1.65,450,136700
20240208,09:35:20,1.6,50,136700
20240208,09:37:18,1.6,1000,136700
20240208,09:37:37,1.6,700,136700
20240208,09:37:46,1.6,50,136700
20240208,09:38:25,1.6,100,136250
20240208,09:38:55,1.65,200,136250
20240208,09:39:27,1.65,350,136250
20240208,09:39:38,1.65,450,136250
20240208,09:39:48,1.65,750,136250
20240208,09:40:07,1.65,250,136250
20240208,09:40:17,1.7,50,136250
20240208,09:42:15,1.7,400,136550
20240208,09:42:26,1.7,600,136550
20240208,09:42:47,1.7,300,136550
20240208,09:45:11,1.7,900,137250
20240208,09:45:31,1.65,250,137250
20240208,09:47:05,1.7,1100,137150
20240208,09:49:57,1.7,250,137150
20240208,09:52:45,1.75,50,137150
20240208,09:57:12,1.7,150,137150
20240208,09:57:30,1.7,150,137200
20240208,09:58:00,1.7,50,137200
20240208,09:58:12,1.7,450,137200
20240208,09:58:22,1.7,450,137200
20240208,10:00:10,1.75,1250,136850
20240208,10:00:21,1.75,250,136850
20240208,10:00:29,1.75,250,136850
20240208,10:00:38,1.75,250,136850
20240208,10:00:48,1.75,550,136850
20240208,10:00:57,1.7,50,136850
20240208,10:01:52,1.65,450,137300
20240208,10:02:08,1.65,150,137300
20240208,10:02:24,1.65,100,137300
20240208,10:02:49,1.65,1200,137300
20240208,10:02:57,1.65,300,137300
20240208,10:03:31,1.7,300,137300
20240208,10:04:10,1.7,250,137300
20240208,10:04:27,1.7,250,137300
20240208,10:04:45,1.65,50,137300
20240208,10:05:07,1.65,2000,135650
20240208,10:05:31,1.6,150,135650
20240208,10:06:14,1.65,50,135650
20240208,10:07:02,1.6,250,135650
20240208,10:07:21,1.6,750,135650
20240208,10:08:14,1.6,150,135850
20240208,10:08:58,1.6,100,135850
20240208,10:09:08,1.6,450,135850
20240208,10:09:19,1.6,150,135850
20240208,10:09:30,1.6,50,135850
20240208,10:09:48,1.6,100,135850
20240208,10:10:18,1.55,1300,135850
20240208,10:10:54,1.55,500,135700
20240208,10:11:03,1.6,600,135700
20240208,10:11:11,1.6,650,135700
20240208,10:11:28,1.6,300,135700
20240208,10:11:54,1.6,850,135700
20240208,10:12:10,1.6,50,135700
20240208,10:12:18,1.6,3550,135700
20240208,10:12:42,1.6,550,135700
20240208,10:13:39,1.6,550,135700
20240208,10:13:47,1.6,650,135700
20240208,10:14:13,1.6,900,136500
20240208,10:14:22,1.65,50,136500
20240208,10:16:22,1.65,150,136500
20240208,10:16:40,1.6,1800,136500
20240208,10:17:29,1.6,50,137800
20240208,10:18:42,1.55,250,137800
20240208,10:18:51,1.6,150,137800
20240208,10:19:00,1.6,250,137800
20240208,10:19:08,1.6,600,137800
20240208,10:19:25,1.6,300,137800
20240208,10:19:33,1.6,150,137800
20240208,10:20:07,1.6,250,136150
20240208,10:20:25,1.55,50,136150
20240208,10:20:59,1.55,300,136150
20240208,10:21:31,1.6,200,136150
20240208,10:21:58,1.55,700,136150
20240208,10:22:33,1.55,50,136150
20240208,10:25:28,1.55,250,136300
20240208,10:25:44,1.55,250,136300
20240208,10:25:52,1.55,250,136300
20240208,10:26:16,1.55,250,136300
20240208,10:26:27,1.55,550,136300
20240208,10:26:36,1.6,50,136300
20240208,10:26:45,1.55,600,136300
20240208,10:26:54,1.55,500,136300
20240208,10:27:03,1.55,950,136300
20240208,10:27:13,1.55,550,136300
20240208,10:27:22,1.55,600,136300
20240208,10:27:56,1.55,50,136300
20240208,10:28:05,1.55,500,136300
20240208,10:29:19,1.55,250,137200
20240208,10:31:29,1.55,250,137200
20240208,10:31:38,1.55,700,137200
20240208,10:31:55,1.55,500,137200
20240208,10:32:44,1.55,600,137100
20240208,10:33:00,1.55,50,137100
20240208,10:33:09,1.55,900,137100
20240208,10:33:42,1.5,450,137100
20240208,10:33:50,1.5,400,137100
20240208,10:35:03,1.5,3600,136550
20240208,10:35:12,1.5,2450,136550
20240208,10:35:21,1.5,300,136550
20240208,10:35:31,1.5,250,136550
20240208,10:35:39,1.5,150,136550
20240208,10:35:48,1.5,50,136550
20240208,10:36:04,1.5,250,136550
20240208,10:36:38,1.5,250,136550
20240208,10:37:02,1.5,50,136550
20240208,10:37:19,1.5,200,136550
20240208,10:37:35,1.5,50,136550
20240208,10:37:51,1.55,100,136550
20240208,10:39:02,1.5,150,136600
20240208,10:40:26,1.5,650,136600
20240208,10:41:15,1.5,50,136600
20240208,10:41:42,1.55,200,136600
20240208,10:42:02,1.5,1400,136600
20240208,10:42:12,1.55,50,136600
20240208,10:42:59,1.5,400,136600
20240208,10:43:40,1.5,950,136600
20240208,10:43:51,1.6,100,136600
20240208,10:44:28,1.5,400,137650
20240208,10:44:37,1.5,50,137650
20240208,10:45:03,1.5,300,137650
20240208,10:45:13,1.5,100,137650
20240208,10:45:22,1.5,100,137650
20240208,10:45:31,1.55,150,137650
20240208,10:45:41,1.5,150,137650
20240208,10:46:34,1.45,200,137650
20240208,10:46:43,1.5,50,137650
20240208,10:46:51,1.5,50,137650
20240208,10:51:06,1.45,950,137500
20240208,10:51:40,1.45,250,137500
20240208,10:52:05,1.45,350,137500
20240208,10:52:12,1.45,150,137500
20240208,10:52:20,1.45,850,137500
20240208,10:54:24,1.4,550,135650
20240208,10:56:12,1.4,50,135650
20240208,10:57:36,1.4,450,135650
20240208,10:57:58,1.4,50,135650
20240208,10:58:10,1.5,50,135650
20240208,10:59:32,1.45,550,135550
20240208,10:59:47,1.45,250,135550
20240208,10:59:56,1.45,350,135550
20240208,11:00:05,1.45,50,135550
20240208,11:00:39,1.45,100,135550
20240208,11:00:50,1.5,3350,135550
20240208,11:01:00,1.45,300,135550
20240208,11:01:11,1.45,250,135550
20240208,11:01:49,1.45,100,135550
20240208,11:02:58,1.5,50,135400
20240208,11:03:31,1.5,150,135400
20240208,11:03:50,1.5,250,135400
20240208,11:04:11,1.55,50,135400
20240208,11:04:20,1.55,50,135400
20240208,11:04:29,1.55,1650,135400
20240208,11:04:39,1.6,3850,135400
20240208,11:04:48,1.6,500,135400
20240208,11:04:57,1.6,1500,135400
20240208,11:05:06,1.55,2550,135650
20240208,11:05:15,1.6,1800,135650
20240208,11:05:23,1.55,250,135650
20240208,11:05:32,1.55,50,135650
20240208,11:05:41,1.55,50,135650
20240208,11:06:01,1.55,2050,135650
20240208,11:06:11,1.5,1150,135650
20240208,11:06:21,1.65,1650,135650
20240208,11:06:31,1.6,1000,135650
20240208,11:06:42,1.65,6600,135650
20240208,11:06:52,1.65,2850,135650
20240208,11:07:02,1.7,1600,135650
20240208,11:07:12,1.65,2600,135650
20240208,11:07:22,1.7,1000,135650
20240208,11:07:32,1.6,3450,135650
20240208,11:07:42,1.6,1000,135650
20240208,11:07:52,1.6,150,135650
20240208,11:08:02,1.6,350,135650
20240208,11:08:12,1.55,150,136500
20240208,11:08:50,1.55,50,136500
20240208,11:09:37,1.6,300,136500
20240208,11:09:56,1.6,200,136500
20240208,11:10:05,1.6,50,136500
20240208,11:10:33,1.55,100,136500
20240208,11:11:27,1.55,200,136350
20240208,11:11:37,1.55,800,136350
20240208,11:12:41,1.55,750,136350
20240208,11:12:50,1.55,1250,136350
20240208,11:12:58,1.55,3700,136350
20240208,11:13:07,1.55,400,136350
20240208,11:13:16,1.5,950,136350
20240208,11:13:25,1.5,2750,136350
20240208,11:13:33,1.5,2500,136350
20240208,11:13:42,1.5,3600,136350
20240208,11:13:50,1.45,3700,136350
20240208,11:13:59,1.45,3150,136350
20240208,11:14:08,1.45,3200,133950
20240208,11:14:16,1.5,3100,133950
20240208,11:14:25,1.5,1150,133950
20240208,11:14:34,1.45,800,133950
20240208,11:15:50,1.5,250,133950
20240208,11:17:06,1.45,300,134000
20240208,11:17:15,1.45,150,134000
20240208,11:17:24,1.5,50,134000
20240208,11:17:57,1.5,500,134000
20240208,11:18:45,1.5,3200,134000
20240208,11:19:35,1.55,1000,134000
20240208,11:19:52,1.6,1600,134000
20240208,11:20:00,1.6,1000,134000
20240208,11:20:17,1.55,200,136700
20240208,11:20:26,1.6,5200,136700
20240208,11:20:50,1.65,2300,136700
20240208,11:21:32,1.65,100,136700
20240208,11:23:58,1.7,500,141200
20240208,11:24:06,1.7,300,141200
20240208,11:24:44,1.7,500,141200
20240208,11:24:53,1.7,100,141200
20240208,11:25:01,1.7,50,141200
20240208,11:25:43,1.65,150,141200
20240208,11:25:52,1.65,1300,141200
20240208,11:26:01,1.7,2650,141200
20240208,11:26:10,1.7,150,141300
20240208,11:27:08,1.7,50,141300
20240208,11:27:16,1.7,50,141300
20240208,11:27:34,1.7,1000,141300
20240208,11:27:43,1.7,400,141300
20240208,11:27:52,1.7,1500,141300
20240208,11:28:01,1.75,1700,141300
20240208,11:28:11,1.75,400,141300
20240208,11:28:37,1.75,250,141300
20240208,11:28:45,1.75,50,141300
20240208,11:28:55,1.7,300,141300
20240208,11:29:04,1.65,650,141300
20240208,11:29:13,1.6,2350,143450
20240208,11:30:11,1.65,300,143450
20240208,11:30:36,1.6,50,143450
20240208,11:30:53,1.55,3950,143450
20240208,11:31:09,1.6,350,143450
20240208,11:31:34,1.55,3600,143450
20240208,11:31:42,1.5,7300,143450
20240208,11:31:51,1.55,300,143450
20240208,11:31:59,1.5,3300,143450
20240208,11:32:15,1.55,50,152150
20240208,11:32:23,1.6,500,152150
20240208,11:32:31,1.55,50,152150
20240208,11:33:35,1.6,150,152150
20240208,11:33:50,1.6,150,152150
20240208,11:35:04,1.6,50,152150
20240208,11:36:20,1.55,50,152200
20240208,11:36:27,1.55,50,152200
20240208,11:36:35,1.55,100,152200
20240208,11:36:42,1.55,900,152200
20240208,11:36:49,1.55,50,152200
20240208,11:36:57,1.5,2250,152200
20240208,11:37:44,1.5,100,152200
20240208,11:38:08,1.45,500,154450
20240208,11:38:17,1.5,100,154450
20240208,11:39:45,1.45,250,154450
20240208,11:41:17,1.45,150,154450
20240208,11:41:31,1.45,900,154450
20240208,11:41:39,1.45,4050,154450
20240208,11:42:07,1.45,2050,154450
20240208,11:42:42,1.45,250,154450
20240208,11:43:36,1.5,150,154450
20240208,11:45:44,1.55,50,158450
20240208,11:47:34,1.5,7300,158450
20240208,11:47:40,1.5,2950,158450
20240208,11:48:48,1.5,2050,158450
20240208,11:49:28,1.5,350,158450
20240208,11:51:13,1.5,50,164650
20240208,11:52:02,1.45,50,164650
20240208,11:52:47,1.4,4300,164650
20240208,11:52:55,1.45,250,164650
20240208,11:53:18,1.45,300,166450
20240208,11:54:10,1.45,50,166450
20240208,11:54:28,1.45,50,166450
20240208,11:54:44,1.4,1850,166450
20240208,11:55:23,1.45,250,166450
20240208,11:55:38,1.4,4350,166450
20240208,11:56:17,1.45,100,170050
20240208,11:56:32,1.4,3600,170050
20240208,11:56:54,1.4,50,170050
20240208,11:57:02,1.45,50,170050
20240208,11:57:17,1.45,300,170050
20240208,11:57:49,1.35,3450,170050
20240208,11:57:56,1.4,50,170050
20240208,11:58:06,1.4,50,170050
20240208,11:58:14,1.4,50,170050
20240208,11:58:28,1.4,50,170050
20240208,11:59:01,1.4,400,170050
20240208,11:59:11,1.4,150,170050
20240208,11:59:51,1.4,2200,173650
20240208,11:59:58,1.45,500,173650
20240208,12:01:00,1.45,500,173650
20240208,12:02:59,1.45,150,175450
20240208,12:03:16,1.45,7300,175450
20240208,12:03:24,1.45,2350,175450
20240208,12:03:49,1.5,4950,175450
20240208,12:03:58,1.55,3750,175450
20240208,12:04:14,1.55,10250,175450
20240208,12:04:22,1.5,2400,175450
20240208,12:05:35,1.5,950,191000
20240208,12:05:49,1.5,50,191000
20240208,12:06:12,1.5,600,191000
20240208,12:06:33,1.5,50,191000
20240208,12:06:48,1.45,1700,191000
20240208,12:06:55,1.45,150,191000
20240208,12:07:02,1.45,50,191000
20240208,12:07:10,1.45,1750,191000
20240208,12:08:16,1.45,150,191500
20240208,12:08:48,1.45,100,191500
20240208,12:09:19,1.45,50,191500
20240208,12:09:25,1.45,200,191500
20240208,12:09:43,1.45,150,191500
20240208,12:09:49,1.45,50,191500
20240208,12:10:01,1.45,300,191500
20240208,12:11:47,1.45,450,191500
20240208,12:12:54,1.45,100,191500
20240208,12:13:02,1.4,50,191500
20240208,12:13:44,1.45,150,191500
20240208,12:13:59,1.45,100,191500
20240208,12:14:07,1.45,450,191500
20240208,12:14:28,1.45,2800,191500
20240208,12:14:40,1.45,50,191500
20240208,12:16:00,1.5,50,191500
20240208,12:16:19,1.45,1500,191500
20240208,12:16:31,1.4,600,191500
20240208,12:16:37,1.4,500,191500
20240208,12:16:42,1.4,1700,191500
20240208,12:16:55,1.4,50,191500
20240208,12:21:13,1.4,150,191000
20240208,12:21:44,1.45,2350,191000
20240208,12:21:51,1.45,50,191000
20240208,12:22:04,1.45,100,191000
20240208,12:24:09,1.45,100,191250
20240208,12:24:30,1.45,50,191250
20240208,12:26:23,1.45,400,191250
20240208,12:27:58,1.4,950,191250
20240208,12:28:21,1.45,50,191250
20240208,12:33:24,1.4,500,191400
20240208,12:34:06,1.4,200,191400
20240208,12:34:18,1.4,450,191400
20240208,12:34:57,1.35,3400,191400
20240208,12:35:03,1.35,3000,191400
20240208,12:35:16,1.4,1000,191700
20240208,12:35:36,1.4,250,191700
20240208,12:37:16,1.35,100,191700
20240208,12:37:34,1.35,100,191700
20240208,12:37:40,1.35,600,191700
20240208,12:39:04,1.4,500,191300
20240208,12:39:16,1.4,1500,191300
20240208,12:39:23,1.4,1650,191300
20240208,12:39:37,1.4,500,191300
20240208,12:39:55,1.4,500,191300
20240208,12:41:00,1.35,450,191300
20240208,12:41:12,1.35,2550,191300
20240208,12:42:09,1.35,250,192450
20240208,12:42:33,1.35,250,192450
20240208,12:42:44,1.35,300,192450
20240208,12:43:08,1.35,450,192450
20240208,12:43:15,1.35,750,192450
20240208,12:43:20,1.35,250,192450
20240208,12:43:26,1.35,400,192450
20240208,12:43:54,1.35,250,192450
20240208,12:44:04,1.35,2400,192450
20240208,12:44:22,1.35,650,192450
20240208,12:44:28,1.35,300,192450
20240208,12:44:38,1.35,50,192450
20240208,12:45:18,1.3,600,192450
20240208,12:45:24,1.3,250,192450
20240208,12:45:29,1.3,50,192450
20240208,12:45:33,1.3,50,192450
20240208,12:45:42,1.3,50,192450
20240208,12:45:47,1.3,100,192450
20240208,12:46:01,1.3,100,192450
20240208,12:46:06,1.3,2400,192450
20240208,12:46:43,1.35,50,192450
20240208,12:47:47,1.3,50,192350
20240208,12:48:34,1.35,150,192350
20240208,12:49:59,1.35,450,192350
20240208,12:50:26,1.3,450,192450
20240208,12:50:44,1.3,50,192450
20240208,12:52:15,1.35,1800,192450
20240208,12:52:44,1.35,2450,192450
20240208,12:52:51,1.3,150,192450
20240208,12:53:03,1.3,50,192450
20240208,12:53:42,1.35,2000,192600
20240208,12:54:04,1.3,50,192600
20240208,12:54:09,1.3,150,192600
20240208,12:54:20,1.3,300,192600
20240208,12:54:24,1.3,50,192600
20240208,12:54:42,1.3,350,192600
20240208,12:54:46,1.3,1000,192600
20240208,12:54:59,1.3,1800,192600
20240208,12:55:03,1.3,2450,192600
20240208,12:59:03,1.25,1700,191600
20240208,12:59:08,1.25,1800,191600
20240208,12:59:26,1.3,1350,191600
20240208,12:59:34,1.3,1350,191600
20240208,12:59:55,1.3,1350,191600
20240208,13:00:00,1.3,100,191600
20240208,13:00:18,1.3,2300,191600
20240208,13:00:31,1.3,50,191600
20240208,13:00:37,1.25,350,191600
20240208,13:00:55,1.3,900,191600
20240208,13:01:05,1.35,50,191600
20240208,13:01:16,1.3,1200,191600
20240208,13:01:27,1.25,1050,191600
20240208,13:02:55,1.3,1250,191600
20240208,13:03:40,1.3,1700,191600
20240208,13:03:45,1.35,200,191600
20240208,13:03:59,1.35,650,191600
20240208,13:04:09,1.3,2950,191600
20240208,13:04:13,1.3,350,191600
20240208,13:04:34,1.3,200,191600
20240208,13:05:21,1.3,150,194100
20240208,13:05:57,1.3,100,194100
20240208,13:06:09,1.35,1250,194100
20240208,13:06:20,1.35,900,194100
20240208,13:06:29,1.35,100,194100
20240208,13:06:33,1.35,1150,194100
20240208,13:06:37,1.35,50,194100
20240208,13:06:46,1.4,100,194100
20240208,13:07:04,1.35,1400,194100
20240208,13:07:33,1.35,450,194100
20240208,13:07:40,1.35,500,194100
20240208,13:09:55,1.35,50,193650
20240208,13:10:43,1.35,50,193650
20240208,13:10:53,1.35,2650,193650
20240208,13:11:05,1.35,300,193650
20240208,13:11:23,1.35,1000,193800
20240208,13:12:52,1.35,700,193800
20240208,13:12:59,1.35,1300,193800
20240208,13:13:07,1.3,50,193800
20240208,13:16:23,1.3,2100,193900
20240208,13:18:26,1.35,150,193950
20240208,13:18:30,1.35,150,193950
20240208,13:18:34,1.35,3100,193950
20240208,13:18:39,1.4,2150,193950
20240208,13:18:52,1.4,150,193950
20240208,13:18:56,1.4,700,193950
20240208,13:19:31,1.4,4800,193950
20240208,13:19:35,1.4,2950,193950
20240208,13:19:39,1.45,500,193950
20240208,13:20:42,1.4,250,194050
20240208,13:20:57,1.35,700,194050
20240208,13:21:10,1.4,200,194050
20240208,13:21:18,1.4,700,194050
20240208,13:21:21,1.35,100,194050
20240208,13:21:25,1.4,1050,194050
20240208,13:21:31,1.4,300,194050
20240208,13:21:36,1.45,5000,194050
20240208,13:21:43,1.5,8300,194050
20240208,13:21:47,1.45,2100,194050
20240208,13:21:51,1.45,1800,194050
20240208,13:21:55,1.45,1800,194050
20240208,13:22:04,1.4,400,194050
20240208,13:22:18,1.4,5600,194050
20240208,13:22:33,1.4,50,194050
20240208,13:22:39,1.4,1600,194050
20240208,13:23:05,1.4,1800,194050
20240208,13:23:09,1.35,900,194050
20240208,13:23:37,1.4,1000,194050
20240208,13:23:41,1.4,50,194050
20240208,13:23:50,1.4,500,194050
20240208,13:24:11,1.35,200,194050
20240208,13:24:54,1.4,3100,194050
20240208,13:25:00,1.4,550,194050
20240208,13:25:12,1.4,950,194050
20240208,13:25:51,1.35,1500,194050
20240208,13:26:34,1.35,1800,194350
20240208,13:26:59,1.35,150,194350
20240208,13:27:22,1.4,1000,194350
20240208,13:27:40,1.35,1500,194350
20240208,13:28:20,1.35,1900,194350
20240208,13:28:30,1.4,50,194350
20240208,13:29:06,1.4,4400,194350
20240208,13:29:10,1.35,650,194350
20240208,13:29:17,1.35,50,194350
20240208,13:29:20,1.35,250,194350
20240208,13:29:29,1.35,50,194600
20240208,13:29:34,1.35,600,194600
20240208,13:29:39,1.35,3600,194600
20240208,13:30:09,1.3,3000,194600
20240208,13:30:27,1.35,50,194600
20240208,13:30:31,1.3,3000,194600
20240208,13:30:47,1.35,50,194600
20240208,13:30:57,1.3,2150,194600
20240208,13:31:02,1.25,1800,194600
20240208,13:31:07,1.25,1800,194600
20240208,13:31:38,1.25,2300,194600
20240208,13:32:05,1.25,900,194600
20240208,13:32:13,1.25,1800,194600
20240208,13:32:17,1.25,2900,194600
20240208,13:32:33,1.25,1800,209900
20240208,13:32:37,1.25,800,209900
20240208,13:32:42,1.25,2450,209900
20240208,13:32:45,1.25,1000,209900
20240208,13:32:50,1.25,3000,209900
20240208,13:32:55,1.25,700,209900
20240208,13:32:59,1.25,600,209900
20240208,13:33:09,1.25,800,209900
20240208,13:33:23,1.25,200,209900
20240208,13:33:27,1.25,500,209900
20240208,13:33:31,1.25,3200,209900
20240208,13:33:40,1.25,1800,209900
20240208,13:34:02,1.2,1650,209900
20240208,13:34:17,1.2,200,209900
20240208,13:34:25,1.2,150,209900
20240208,13:34:57,1.2,100,209900
20240208,13:35:22,1.2,3150,211550
20240208,13:35:30,1.2,150,211550
20240208,13:35:33,1.2,2400,211550
20240208,13:35:38,1.15,3650,211550
20240208,13:35:41,1.15,1800,211550
20240208,13:35:54,1.15,1800,211550
20240208,13:35:57,1.15,150,211550
20240208,13:36:07,1.15,1800,211550
20240208,13:36:11,1.15,1850,211550
20240208,13:36:18,1.15,1800,211550
20240208,13:36:22,1.15,1800,211550
20240208,13:36:26,1.1,4200,211550
20240208,13:36:31,1.15,1800,211550
20240208,13:36:38,1.15,4150,211550
20240208,13:38:02,1.15,16700,211550
20240208,13:38:06,1.15,1400,211550
20240208,13:38:11,1.1,3600,211550
20240208,13:38:15,1.1,3600,211550
20240208,13:38:18,1.1,1800,211550
20240208,13:38:21,1.1,3000,211550
20240208,13:38:26,1.1,1800,260650
20240208,13:38:30,1.1,3600,260650
20240208,13:38:36,1.1,1800,260650
20240208,13:38:46,1.1,3600,260650
20240208,13:38:48,1.1,3600,260650
20240208,13:38:58,1.1,4650,260650
20240208,13:39:08,1.15,100,260650
20240208,13:39:12,1.15,50,260650
20240208,13:39:21,1.1,12200,260650
20240208,13:39:26,1.1,4300,260650
20240208,13:39:38,1.15,50,260650
20240208,13:39:50,1.1,1800,260650
20240208,13:40:07,1.1,50,260650
20240208,13:40:23,1.1,3800,260650
20240208,13:41:46,1.1,800,287850
20240208,13:41:50,1.05,3600,287850
20240208,13:43:23,1.05,1800,287850
20240208,13:43:27,1.1,2500,287850
20240208,13:43:31,1.1,350,287850
20240208,13:43:34,1.1,200,287850
20240208,13:43:38,1.1,100,287850
20240208,13:44:12,1.05,1850,287850
20240208,13:44:39,1.05,250,292650
20240208,13:45:06,1.05,3600,292650
20240208,13:45:10,1.1,3900,292650
20240208,13:45:24,1.1,250,292650
20240208,13:45:32,1.15,50,292650
20240208,13:45:56,1.15,50,292650
20240208,13:46:25,1.15,50,292650
20240208,13:47:19,1.15,50,292650
20240208,13:47:32,1.15,50,296250
20240208,13:47:36,1.15,100,296250
20240208,13:47:47,1.15,50,296250
20240208,13:47:52,1.15,50,296250
20240208,13:48:01,1.15,50,296250
20240208,13:48:29,1.1,3350,296250
20240208,13:48:33,1.15,50,296250
20240208,13:48:44,1.1,300,296250
20240208,13:48:48,1.1,3650,296250
20240208,13:49:01,1.15,50,296250
20240208,13:49:11,1.15,50,296250
20240208,13:50:31,1.15,350,298950
20240208,13:50:34,1.15,100,298950
20240208,13:51:36,1.15,100,298950
20240208,13:51:42,1.1,200,298950
20240208,13:52:50,1.15,3300,298950
20240208,13:52:59,1.1,800,298950
20240208,13:53:18,1.1,150,298950
20240208,13:53:39,1.15,2150,300750
20240208,13:53:46,1.15,100,300750
20240208,13:53:52,1.15,300,300750
20240208,13:54:17,1.1,600,300750
20240208,13:54:35,1.1,100,300750
20240208,13:54:41,1.15,50,300750
20240208,13:54:48,1.1,2800,300750
20240208,13:55:24,1.15,400,300750
20240208,13:56:03,1.15,100,300750
20240208,13:56:20,1.15,3150,300750
20240208,13:56:57,1.15,1450,303700
20240208,13:57:01,1.15,250,303700
20240208,13:57:17,1.2,5400,303700
20240208,13:57:37,1.2,100,303700
20240208,13:58:01,1.2,4050,303700
20240208,13:58:06,1.2,1800,303700
20240208,13:58:28,1.2,400,303700
20240208,13:58:36,1.2,800,303700
20240208,13:58:48,1.2,1250,303700
20240208,13:59:31,1.2,500,304350
20240208,13:59:39,1.2,100,304350
20240208,13:59:48,1.2,200,304350
20240208,13:59:58,1.2,100,304350
20240208,14:00:10,1.2,200,304350
20240208,14:01:31,1.25,3600,304350
20240208,14:01:35,1.2,1800,304350
20240208,14:01:39,1.2,100,304350
20240208,14:01:45,1.25,1300,304350
20240208,14:02:04,1.2,250,304350
20240208,14:02:09,1.2,2200,304350
20240208,14:02:36,1.2,3600,310700
20240208,14:02:41,1.2,3600,310700
20240208,14:02:44,1.2,3400,310700
20240208,14:02:48,1.2,50,310700
20240208,14:02:51,1.2,50,310700
20240208,14:03:02,1.15,100,310700
20240208,14:03:10,1.15,50,310700
20240208,14:03:26,1.15,2250,310700
20240208,14:03:49,1.15,1200,310700
20240208,14:04:19,1.2,3600,310700
20240208,14:04:26,1.15,3600,310700
20240208,14:04:33,1.2,750,310700
20240208,14:04:53,1.2,100,310700
20240208,14:05:02,1.2,5150,310700
20240208,14:05:10,1.15,1900,310700
20240208,14:05:33,1.2,1800,320450
20240208,14:05:40,1.15,1800,320450
20240208,14:05:55,1.15,1600,320450
20240208,14:06:02,1.15,400,320450
20240208,14:06:09,1.15,1950,320450
20240208,14:06:16,1.15,2400,320450
20240208,14:06:37,1.2,6000,320450
20240208,14:06:43,1.15,10800,320450
20240208,14:06:50,1.2,1800,320450
20240208,14:06:57,1.2,5550,320450
20240208,14:07:03,1.2,2200,320450
20240208,14:07:17,1.2,7600,320450
20240208,14:07:31,1.15,1500,320450
20240208,14:07:38,1.15,1800,320450
20240208,14:07:44,1.2,1000,320450
20240208,14:09:01,1.2,500,332600
20240208,14:09:51,1.15,2800,332600
20240208,14:11:10,1.15,50,332600
20240208,14:12:41,1.15,1700,334400
20240208,14:12:53,1.2,1400,334400
20240208,14:13:00,1.15,3200,334400
20240208,14:13:06,1.2,4000,334400
20240208,14:13:12,1.2,1600,334400
20240208,14:13:51,1.15,1950,334400
20240208,14:13:58,1.2,1000,334400
20240208,14:14:06,1.2,2750,334400
20240208,14:14:16,1.2,950,334400
20240208,14:14:24,1.2,2400,334400
20240208,14:14:33,1.2,100,340000
20240208,14:14:41,1.25,50,340000
20240208,14:14:56,1.2,1250,340000
20240208,14:15:04,1.25,1400,340000
20240208,14:15:14,1.25,1800,340000
20240208,14:15:23,1.2,850,340000
20240208,14:15:32,1.2,1800,340000
20240208,14:15:49,1.2,250,340000
20240208,14:16:21,1.25,600,340000
20240208,14:17:01,1.2,750,340000
20240208,14:17:26,1.25,500,340000
20240208,14:17:59,1.2,5600,343900
20240208,14:18:06,1.2,7700,343900
20240208,14:18:21,1.25,400,343900
20240208,14:18:29,1.2,200,343900
20240208,14:18:45,1.2,200,343900
20240208,14:19:00,1.2,2100,343900
20240208,14:19:07,1.2,550,343900
20240208,14:19:15,1.2,550,343900
20240208,14:19:22,1.2,200,343900
20240208,14:19:50,1.2,200,343900
20240208,14:20:03,1.2,400,343900
20240208,14:20:23,1.2,800,343900
20240208,14:20:31,1.2,150,343900
20240208,14:20:38,1.25,1400,351600
20240208,14:21:07,1.2,650,351600
20240208,14:21:28,1.25,4650,351600
20240208,14:21:48,1.2,1800,351600
20240208,14:21:54,1.2,800,351600
20240208,14:22:01,1.15,200,351600
20240208,14:22:08,1.25,1750,351600
20240208,14:22:31,1.2,50,351600
20240208,14:23:05,1.2,1800,351600
20240208,14:24:43,1.2,2350,355300
20240208,14:24:49,1.15,1800,355300
20240208,14:25:23,1.2,1000,355300
20240208,14:26:29,1.2,2700,355300
20240208,14:26:38,1.25,13400,356150
20240208,14:26:48,1.2,12000,356150
20240208,14:26:57,1.25,10300,356150
20240208,14:27:06,1.25,4650,356150
20240208,14:27:14,1.25,1850,356150
20240208,14:27:23,1.25,9000,356150
20240208,14:27:31,1.3,1850,356150
20240208,14:27:40,1.25,4200,356150
20240208,14:27:49,1.25,3150,356150
20240208,14:28:21,1.25,50,356150
20240208,14:28:37,1.25,1800,356150
20240208,14:28:45,1.3,6500,356150
20240208,14:28:54,1.3,6000,356150
20240208,14:29:09,1.3,27950,356150
20240208,14:29:16,1.3,1700,356150
20240208,14:29:24,1.35,13250,356150
20240208,14:29:31,1.35,12900,359000
20240208,14:29:38,1.35,2800,359000
20240208,14:29:45,1.35,4000,359000
20240208,14:29:53,1.35,3000,359000
20240208,14:30:00,1.35,4600,359000
20240208,14:30:07,1.35,4900,359000
20240208,14:30:14,1.35,4200,359000
20240208,14:30:22,1.4,7500,359000
20240208,14:30:30,1.4,3350,359000
20240208,14:30:38,1.4,5200,359000
20240208,14:30:46,1.4,1250,359000
20240208,14:31:02,1.35,600,359000
20240208,14:31:27,1.35,50,359000
20240208,14:31:44,1.35,50,359000
20240208,14:32:03,1.35,50,359000
20240208,14:32:19,1.35,800,359000
20240208,14:32:28,1.4,16100,359000
20240208,14:32:36,1.4,8450,371050
20240208,14:33:30,1.35,2100,371050
20240208,14:34:00,1.35,200,371050
20240208,14:34:08,1.35,50,371050
20240208,14:34:23,1.35,50,371050
20240208,14:34:31,1.3,2500,371050
20240208,14:34:38,1.25,3600,371050
20240208,14:34:52,1.25,2850,371050
20240208,14:35:15,1.3,150,371050
20240208,14:35:22,1.25,200,371050
20240208,14:36:03,1.25,4150,376700
20240208,14:36:12,1.3,3800,376700
20240208,14:36:35,1.3,7050,376700
20240208,14:36:53,1.3,3600,376700
20240208,14:37:03,1.3,7200,376700
20240208,14:37:13,1.45,12350,376700
20240208,14:37:22,1.45,6050,376700
20240208,14:37:30,1.45,10700,376700
20240208,14:37:38,1.4,4050,376700
20240208,14:37:47,1.45,9050,376700
20240208,14:37:56,1.5,15050,376700
20240208,14:38:05,1.5,5700,376700
20240208,14:38:14,1.45,9200,376700
20240208,14:38:23,1.4,6500,376700
20240208,14:38:31,1.35,4400,376700
20240208,14:38:39,1.35,900,412950
20240208,14:38:47,1.3,4300,412950
20240208,14:38:57,1.3,4400,412950
20240208,14:39:07,1.3,350,412950
20240208,14:39:16,1.25,14400,412950
20240208,14:39:24,1.25,6800,412950
20240208,14:39:33,1.25,27500,412950
20240208,14:39:42,1.25,16400,412950
20240208,14:39:50,1.25,18950,412950
20240208,14:39:59,1.2,15550,412950
20240208,14:40:15,1.3,1800,412950
20240208,14:40:23,1.3,12600,412950
20240208,14:40:32,1.3,1800,412950
20240208,14:40:41,1.3,4350,412950
20240208,14:40:49,1.35,50,412950
20240208,14:41:14,1.3,800,412950
20240208,14:41:48,1.3,450,469850
20240208,14:42:13,1.3,5150,469850
20240208,14:42:22,1.25,7750,469850
20240208,14:42:39,1.3,3600,469850
20240208,14:42:48,1.3,1800,469850
20240208,14:43:13,1.3,1800,469850
20240208,14:43:21,1.35,11800,469850
20240208,14:43:38,1.3,2200,469850
20240208,14:43:46,1.3,2750,469850
20240208,14:43:55,1.3,3600,469850
20240208,14:44:28,1.35,3000,469850
20240208,14:44:35,1.35,3000,469850
20240208,14:44:59,1.35,1050,470950
20240208,14:45:31,1.35,21450,470950
20240208,14:45:38,1.35,1000,470950
20240208,14:45:46,1.35,50,470950
20240208,14:45:54,1.35,12800,470950
20240208,14:46:09,1.35,2200,470950
20240208,14:46:16,1.35,1500,470950
20240208,14:46:23,1.35,250,470950
20240208,14:46:31,1.35,2050,470950
20240208,14:46:39,1.35,1550,470950
20240208,14:46:47,1.35,1900,470950
20240208,14:46:54,1.35,450,470950
20240208,14:47:03,1.4,3600,470950
20240208,14:47:11,1.4,5400,470950
20240208,14:47:19,1.35,5600,470950
20240208,14:47:34,1.35,4200,470950
20240208,14:47:41,1.4,8150,469400
20240208,14:47:49,1.4,8950,469400
20240208,14:47:57,1.4,1500,469400
20240208,14:48:12,1.35,250,469400
20240208,14:48:42,1.35,2900,469400
20240208,14:48:50,1.4,7450,469400
20240208,14:48:57,1.4,5000,469400
20240208,14:49:04,1.35,1850,469400
20240208,14:49:12,1.35,50,469400
20240208,14:49:28,1.35,650,469400
20240208,14:49:59,1.35,150,469400
20240208,14:50:07,1.35,1250,469400
20240208,14:50:46,1.35,1300,455750
20240208,14:50:54,1.35,50,455750
20240208,14:51:08,1.4,450,455750
20240208,14:51:55,1.4,200,455750
20240208,14:52:11,1.4,2550,455750
20240208,14:52:18,1.4,3550,455750
20240208,14:52:32,1.35,2550,455750
20240208,14:53:09,1.4,2150,455750
20240208,14:53:47,1.4,50,456250
20240208,14:53:54,1.4,50,456250
20240208,14:54:01,1.35,600,456250
20240208,14:54:10,1.35,50,456250
20240208,14:54:25,1.35,50,456250
20240208,14:54:32,1.35,250,456250
20240208,14:54:40,1.4,4800,456250
20240208,14:55:01,1.4,1350,456250
20240208,14:55:57,1.45,100,456250
20240208,14:56:06,1.45,500,456250
20240208,14:56:14,1.4,1500,456250
20240208,14:56:21,1.4,50,456250
20240208,14:56:30,1.4,3550,456250
20240208,14:56:38,1.4,2950,452750
20240208,14:57:36,1.4,2600,452750
20240208,14:57:51,1.4,500,452750
20240208,14:58:07,1.4,2750,452750
20240208,14:58:15,1.35,47700,452750
20240208,14:58:23,1.35,20450,452750
20240208,14:58:31,1.35,10900,452750
20240208,14:58:40,1.4,1800,452750
20240208,14:59:10,1.35,1800,452750
20240208,14:59:19,1.35,1500,452750
20240208,14:59:36,1.4,14200,452750
20240208,14:59:44,1.4,18000,453900
20240208,14:59:53,1.35,11150,453900
20240208,15:00:03,1.35,7450,453900
20240208,15:00:20,1.35,7950,453900
20240208,15:00:29,1.3,500,453900
20240208,15:00:38,1.35,2000,453900
20240208,15:00:46,1.3,6250,453900
20240208,15:00:55,1.3,1800,453900
20240208,15:01:05,1.3,2050,453900
20240208,15:01:14,1.3,5500,453900
20240208,15:01:23,1.25,250,453900
20240208,15:01:41,1.3,9400,453900
20240208,15:01:50,1.3,3800,453900
20240208,15:02:10,1.35,6800,453900
20240208,15:02:20,1.35,5000,453900
20240208,15:02:39,1.35,11850,453900
20240208,15:02:49,1.4,5000,454500
20240208,15:02:59,1.45,2650,454500
20240208,15:03:09,1.4,2250,454500
20240208,15:03:29,1.4,350,454500
20240208,15:03:38,1.4,18400,454500
20240208,15:04:07,1.35,1650,454500
20240208,15:04:33,1.35,1500,454500
20240208,15:04:42,1.35,700,454500
20240208,15:04:51,1.35,650,454500
20240208,15:05:00,1.3,100,454500
20240208,15:05:20,1.35,1900,454500
20240208,15:05:38,1.35,3150,454500
20240208,15:06:30,1.3,9250,454500
20240208,15:06:39,1.35,3350,454500
20240208,15:06:48,1.3,2300,454500
20240208,15:06:56,1.35,1000,454500
20240208,15:07:05,1.35,3350,454500
20240208,15:07:33,1.35,2900,454500
20240208,15:07:42,1.35,550,454500
20240208,15:07:51,1.35,800,454500
20240208,15:08:00,1.35,750,454500
20240208,15:08:34,1.4,300,454500
20240208,15:09:00,1.4,700,455400
20240208,15:09:46,1.4,200,455400
20240208,15:09:55,1.35,2950,455400
20240208,15:10:12,1.35,50,455400
20240208,15:10:29,1.3,750,455400
20240208,15:10:47,1.3,2000,455400
20240208,15:11:13,1.3,400,455400
20240208,15:11:21,1.35,4000,455400
20240208,15:11:29,1.3,250,455400
20240208,15:11:38,1.35,1000,455400
20240208,15:11:55,1.35,1950,455800
20240208,15:12:03,1.3,600,455800
20240208,15:12:11,1.35,4950,455800
20240208,15:12:20,1.35,850,455800
20240208,15:12:27,1.35,5000,455800
20240208,15:12:51,1.35,2000,455800
20240208,15:13:08,1.35,950,455800
20240208,15:13:16,1.35,50,455800
20240208,15:13:56,1.4,500,455800
20240208,15:14:04,1.35,1250,455800
20240208,15:14:13,1.35,1250,455800
20240208,15:14:22,1.4,350,455800
20240208,15:14:39,1.35,550,453350
20240208,15:15:04,1.4,2700,453350
20240208,15:15:13,1.4,250,453350
20240208,15:15:38,1.35,350,453350
20240208,15:16:27,1.4,3600,453350
20240208,15:16:35,1.4,10300,453350
20240208,15:16:43,1.4,250,453350
20240208,15:16:51,1.4,1000,453350
20240208,15:16:58,1.4,3000,453350
20240208,15:17:06,1.4,1800,453350
20240208,15:17:21,1.35,1000,453350
20240208,15:17:45,1.4,10150,453800
20240208,15:18:17,1.45,2000,453800
20240208,15:18:24,1.4,1500,453800
20240208,15:18:40,1.45,1800,453800
20240208,15:18:55,1.45,400,453800
20240208,15:19:10,1.45,1300,453800
20240208,15:19:18,1.4,750,453800
20240208,15:19:51,1.45,7600,453800
20240208,15:20:41,1.4,450,455850
20240208,15:21:06,1.45,200,455850
20240208,15:21:21,1.45,300,455850
20240208,15:21:37,1.45,350,455850
20240208,15:21:45,1.45,21600,455850
20240208,15:21:53,1.5,6450,455850
20240208,15:22:01,1.5,600,455850
20240208,15:22:10,1.45,750,455850
20240208,15:22:18,1.45,100,455850
20240208,15:22:26,1.45,500,455850
20240208,15:22:35,1.4,1150,455850
20240208,15:23:00,1.4,250,455850
20240208,15:23:08,1.45,2350,455850
20240208,15:23:16,1.45,1500,455850
20240208,15:23:23,1.45,5300,455850
20240208,15:23:31,1.45,50,455850
20240208,15:23:39,1.5,4700,455850
20240208,15:23:46,1.45,150,459850
20240208,15:23:53,1.45,2650,459850
20240208,15:24:00,1.5,8750,459850
20240208,15:24:08,1.5,6150,459850
20240208,15:24:15,1.45,2500,459850
20240208,15:24:23,1.45,1500,459850
20240208,15:24:38,1.45,5400,459850
20240208,15:24:45,1.5,1450,459850
20240208,15:24:53,1.45,250,459850
20240208,15:25:09,1.5,1850,459850
20240208,15:25:26,1.5,1500,459850
20240208,15:25:34,1.5,1500,459850
20240208,15:25:50,1.45,1850,459850
20240208,15:25:58,1.45,3450,459850
20240208,15:26:06,1.45,1350,459850
20240208,15:26:14,1.45,1000,459850
20240208,15:26:22,1.45,3500,459850
20240208,15:26:31,1.45,1550,459850
20240208,15:26:39,1.45,3350,459850
20240208,15:26:47,1.45,9800,452450
20240208,15:26:56,1.45,4550,452450
20240208,15:27:04,1.45,1000,452450
20240208,15:27:13,1.45,350,452450
20240208,15:27:22,1.5,2650,452450
20240208,15:27:31,1.5,2200,452450
20240208,15:27:40,1.5,350,452450
20240208,15:27:49,1.5,1500,452450
20240208,15:27:59,1.55,500,452450
20240208,15:28:08,1.5,2000,452450
20240208,15:28:26,1.45,1400,452450
20240208,15:28:35,1.5,1100,452450
20240208,15:28:44,1.5,3600,452450
20240208,15:28:53,1.45,2950,452450
20240208,15:29:02,1.5,15850,452450
20240208,15:29:11,1.4,3350,452450
20240208,15:29:19,1.45,26750,452450
20240208,15:29:27,1.5,3800,452450
20240208,15:29:36,1.5,1900,452450
20240208,15:29:45,1.45,8000,451550
20240208,15:29:55,1.5,10750,451550
20240208,15:30:02,1.5,3150,451550
20240209,09:15:00,1.3,1,450900
20240209,09:15:00,1.3,300,450900
20240209,09:15:01,1.1,150,450900
20240209,09:15:02,1.1,350,450900
20240209,09:15:03,1.3,300,450900
20240209,09:15:05,1.3,1750,450900
20240209,09:15:06,1.6,11550,450900
20240209,09:15:07,1.35,7000,450900
20240209,09:15:08,1.35,600,450900
20240209,09:15:09,1.35,50,450900
20240209,09:15:10,1.45,2100,450900
20240209,09:15:13,1.45,1100,450900
20240209,09:15:14,1.45,200,450900
20240209,09:15:15,1.35,5200,450900
20240209,09:15:17,1.4,1500,450900
20240209,09:15:18,1.35,1800,450900
20240209,09:15:19,1.4,150,450900
20240209,09:15:20,1.35,800,450900
20240209,09:15:23,1.3,4450,450900
20240209,09:15:24,1.3,1150,450900
20240209,09:15:25,1.3,50,450900
20240209,09:15:25,1.3,500,450900
20240209,09:15:27,1.3,2700,450900
20240209,09:15:29,1.35,150,450900
20240209,09:15:30,1.3,200,450900
20240209,09:15:31,1.3,900,450900
20240209,09:15:32,1.3,2850,450900
20240209,09:15:34,1.3,100,450900
20240209,09:15:34,1.3,250,450900
20240209,09:15:37,1.3,800,450900
20240209,09:15:41,1.25,250,450900
20240209,09:15:42,1.25,100,450900
20240209,09:15:43,1.3,450,450900
20240209,09:15:44,1.25,750,450900
20240209,09:15:45,1.3,5000,450900
20240209,09:15:46,1.25,100,450900
20240209,09:15:49,1.25,700,450900
20240209,09:15:50,1.25,550,450900
20240209,09:15:54,1.25,250,450900
20240209,09:15:55,1.25,50,450900
20240209,09:15:56,1.25,750,450900
20240209,09:15:59,1.25,200,450900
20240209,09:16:01,1.3,100,450900
20240209,09:16:07,1.3,900,450900
20240209,09:16:08,1.25,50,450900
20240209,09:16:09,1.3,1100,450900
20240209,09:16:10,1.3,550,450900
20240209,09:16:11,1.25,1100,450900
20240209,09:16:12,1.3,6050,450900
20240209,09:16:13,1.3,650,450900
20240209,09:16:16,1.3,1050,450900
20240209,09:16:17,1.3,1700,451100
20240209,09:16:19,1.3,950,451100
20240209,09:16:20,1.3,4500,451100
20240209,09:16:21,1.3,1100,451100
20240209,09:16:23,1.3,1650,451100
20240209,09:16:24,1.35,1050,451100
20240209,09:16:25,1.35,550,451100
20240209,09:16:27,1.35,1750,451100
20240209,09:16:28,1.35,250,451100
20240209,09:16:29,1.4,8800,451100
20240209,09:16:31,1.35,900,451100
20240209,09:16:32,1.35,200,451100
20240209,09:16:33,1.35,900,451100
20240209,09:16:34,1.35,1300,451100
20240209,09:16:36,1.35,850,451100
20240209,09:16:37,1.4,2050,451100
20240209,09:16:37,1.35,250,451100
20240209,09:16:44,1.35,50,451100
20240209,09:16:45,1.35,350,451100
20240209,09:16:46,1.35,1350,451100
20240209,09:16:47,1.35,100,451100
20240209,09:16:47,1.35,2200,451100
20240209,09:16:48,1.35,2800,451100
20240209,09:16:50,1.35,50,451100
20240209,09:17:02,1.3,2750,451100
20240209,09:17:05,1.3,1800,451100
20240209,09:17:06,1.35,50,451100
20240209,09:17:12,1.3,2200,451100
20240209,09:17:13,1.3,100,451100
20240209,09:17:14,1.3,650,451100
20240209,09:17:19,1.3,1000,451100
20240209,09:17:22,1.3,2050,451100
20240209,09:17:24,1.3,1000,451100
20240209,09:17:26,1.3,100,451100
20240209,09:17:28,1.3,100,451100
20240209,09:17:30,1.35,2300,451100
20240209,09:17:33,1.3,50,451100
20240209,09:17:37,1.3,50,451100
20240209,09:17:38,1.3,250,451100
20240209,09:17:42,1.3,4550,451100
20240209,09:17:45,1.3,1800,451100
20240209,09:18:00,1.25,800,451100
20240209,09:18:01,1.25,300,451100
20240209,09:18:02,1.25,50,451100
20240209,09:18:03,1.25,250,451100
20240209,09:18:06,1.25,1100,451100
20240209,09:18:07,1.2,6450,451100
20240209,09:18:08,1.2,400,451100
20240209,09:18:09,1.25,50,451100
20240209,09:18:23,1.2,500,451100
20240209,09:18:29,1.2,700,451100
20240209,09:18:33,1.25,300,451100
20240209,09:18:35,1.2,1800,451100
20240209,09:18:40,1.2,3600,451100
20240209,09:18:42,1.2,2150,451100
20240209,09:18:46,1.2,550,451100
20240209,09:18:47,1.2,650,451100
20240209,09:18:48,1.2,550,451100
20240209,09:18:50,1.2,39900,451100
20240209,09:18:53,1.15,450,451100
20240209,09:18:57,1.15,4750,451100
20240209,09:18:57,1.2,2200,451100
20240209,09:18:58,1.15,3650,451100
20240209,09:18:59,1.15,50,451100
20240209,09:19:00,1.15,1500,451100
20240209,09:19:02,1.15,500,451100
20240209,09:19:03,1.1,2500,451100
20240209,09:19:04,1.1,450,451100
20240209,09:19:05,1.1,2300,451100
20240209,09:19:06,1.1,100,451100
20240209,09:19:07,1.1,300,451100
20240209,09:19:08,1.1,100,451100
20240209,09:19:08,1.1,2100,451100
20240209,09:19:09,1.1,2200,451100
20240209,09:19:12,1.1,1950,451100
20240209,09:19:13,1.1,1950,451100
20240209,09:19:14,1.1,700,451100
20240209,09:19:15,1.1,400,451100
20240209,09:19:16,1.15,200,451100
20240209,09:19:18,1.1,4850,452250
20240209,09:19:19,1.1,2750,452250
20240209,09:19:21,1.1,400,452250
20240209,09:19:22,1.15,150,452250
20240209,09:19:23,1.1,2550,452250
20240209,09:19:24,1.1,2500,452250
20240209,09:19:28,1.1,500,452250
20240209,09:19:30,1.1,1800,452250
20240209,09:19:34,1.1,1800,452250
20240209,09:19:37,1.15,2000,452250
20240209,09:19:38,1.15,1500,452250
20240209,09:19:39,1.1,1850,452250
20240209,09:19:41,1.15,400,452250
20240209,09:19:45,1.15,3600,452250
20240209,09:19:46,1.15,3600,452250
20240209,09:19:56,1.15,1800,452250
20240209,09:19:58,1.15,500,452250
20240209,09:19:59,1.15,800,452250
20240209,09:20:01,1.15,5650,452250
20240209,09:20:02,1.15,1800,452250
20240209,09:20:03,1.1,9300,452250
20240209,09:20:06,1.15,5000,452250
20240209,09:20:07,1.15,13200,452250
20240209,09:20:08,1.15,1350,452250
20240209,09:20:12,1.2,50,452250
20240209,09:20:13,1.2,1850,452250
20240209,09:20:14,1.2,200,452250
20240209,09:20:16,1.2,4850,452250
20240209,09:20:17,1.15,1700,452250
20240209,09:20:18,1.2,200,452250
20240209,09:20:19,1.2,350,452250
20240209,09:20:20,1.15,2900,452250
20240209,09:20:21,1.2,200,452250
20240209,09:20:22,1.2,200,452250
20240209,09:20:23,1.2,200,452250
20240209,09:20:25,1.2,400,452250
20240209,09:20:26,1.2,200,452250
20240209,09:20:27,1.2,200,452250
20240209,09:20:29,1.2,100,452250
20240209,09:20:30,1.2,50,452250
20240209,09:20:31,1.2,200,452250
20240209,09:20:32,1.2,200,452250
20240209,09:20:33,1.2,200,452250
20240209,09:20:35,1.2,1850,452250
20240209,09:20:36,1.2,1900,452250
20240209,09:20:37,1.2,50,452250
20240209,09:20:38,1.2,50,452250
20240209,09:20:39,1.2,50,452250
20240209,09:20:40,1.15,100,452250
20240209,09:20:41,1.2,50,452250
20240209,09:20:42,1.2,50,452250
20240209,09:20:43,1.2,1050,452250
20240209,09:20:44,1.2,50,452250
20240209,09:20:45,1.2,50,452250
20240209,09:20:46,1.2,50,452250
20240209,09:20:50,1.15,750,452250
20240209,09:20:51,1.15,100,452250
20240209,09:20:52,1.2,50,452250
20240209,09:20:53,1.2,50,452250
20240209,09:20:54,1.2,50,452250
20240209,09:20:55,1.2,50,452250
20240209,09:20:57,1.2,50,452250
20240209,09:20:58,1.2,50,452250
20240209,09:20:59,1.2,50,452250
20240209,09:21:00,1.2,200,452250
20240209,09:21:01,1.2,100,452250
20240209,09:21:02,1.2,400,452250
20240209,09:21:03,1.2,50,452250
20240209,09:21:04,1.2,50,452250
20240209,09:21:06,1.2,3550,452250
20240209,09:21:07,1.2,100,452250
20240209,09:21:22,1.2,50,452250
20240209,09:21:24,1.15,1500,452250
20240209,09:21:26,1.2,1550,452250
20240209,09:21:27,1.15,1150,452250
20240209,09:21:28,1.15,1050,452250
20240209,09:21:29,1.2,1900,452250
20240209,09:21:30,1.15,3000,452250
20240209,09:21:31,1.15,1800,452250
20240209,09:21:32,1.15,7400,452250
20240209,09:21:34,1.15,900,452250
20240209,09:21:35,1.15,200,452250
20240209,09:21:36,1.1,800,452250
20240209,09:21:37,1.15,100,452250
20240209,09:21:38,1.1,550,452250
20240209,09:21:39,1.15,350,452250
20240209,09:21:40,1.1,550,452250
20240209,09:21:41,1.15,100,452250
20240209,09:21:43,1.15,1150,452250
20240209,09:21:44,1.1,200,452250
20240209,09:21:45,1.15,950,452250
20240209,09:21:47,1.1,550,452250
20240209,09:21:48,1.15,200,452250
20240209,09:21:52,1.15,400,452250
20240209,09:21:53,1.15,250,452250
20240209,09:22:00,1.15,600,452250
20240209,09:22:02,1.15,250,452250
20240209,09:22:02,1.15,350,452250
20240209,09:22:10,1.15,50,452250
20240209,09:22:14,1.1,100,452250
20240209,09:22:15,1.15,450,452250
20240209,09:22:29,1.15,1000,454100
20240209,09:22:37,1.1,2500,454100
20240209,09:22:45,1.15,100,454100
20240209,09:22:48,1.15,600,454100
20240209,09:22:54,1.1,50,454100
20240209,09:23:03,1.1,100,454100
20240209,09:23:05,1.15,1850,454100
20240209,09:23:09,1.1,50,454100
20240209,09:23:11,1.1,50,454100
20240209,09:23:15,1.1,1600,454100
20240209,09:23:17,1.15,600,454100
20240209,09:23:18,1.1,650,454100
20240209,09:23:20,1.1,50,454100
20240209,09:23:21,1.15,700,454100
20240209,09:23:22,1.1,50,454100
20240209,09:23:26,1.1,100,454100
20240209,09:23:28,1.1,3000,454100
20240209,09:23:29,1.1,3650,454100
20240209,09:23:30,1.1,6300,454100
20240209,09:23:31,1.1,6400,454100
20240209,09:23:32,1.15,750,454100
20240209,09:23:33,1.1,1800,454100
20240209,09:23:34,1.1,900,454100
20240209,09:23:35,1.1,150,454100
20240209,09:23:36,1.1,250,454100
20240209,09:23:40,1.1,1800,454100
20240209,09:23:42,1.1,50,454100
20240209,09:23:43,1.1,1150,454100
20240209,09:23:49,1.1,50,454100
20240209,09:23:51,1.1,50,454100
20240209,09:23:52,1.1,100,454100
20240209,09:24:01,1.1,100,454100
20240209,09:24:02,1.1,50,454100
20240209,09:24:03,1.15,150,454100
20240209,09:24:04,1.1,100,454100
20240209,09:24:08,1.1,100,454100
20240209,09:24:12,1.15,50,454100
20240209,09:24:13,1.15,500,454100
20240209,09:24:28,1.1,11700,454100
20240209,09:24:35,1.1,1500,454100
20240209,09:24:37,1.1,7750,454100
20240209,09:24:40,1.1,50,454100
20240209,09:24:41,1.1,1500,454100
20240209,09:24:42,1.1,1500,454100
20240209,09:24:45,1.1,1500,454100
20240209,09:24:47,1.1,50,454100
20240209,09:24:48,1.1,3000,454100
20240209,09:24:49,1.1,3000,454100
20240209,09:24:51,1.1,1500,454100
20240209,09:24:52,1.1,6450,454100
20240209,09:24:55,1.1,1500,454100
20240209,09:24:56,1.1,800,454100
20240209,09:25:00,1.1,3350,454100
20240209,09:25:16,1.05,50,454100
20240209,09:26:04,1.05,100,461000
20240209,09:26:05,1.05,50,461000
20240209,09:26:07,1.05,100,461000
20240209,09:26:12,1.05,800,461000
20240209,09:26:16,1.05,50,461000
20240209,09:26:44,1.1,4500,461000
20240209,09:26:45,1.1,4750,461000
20240209,09:26:48,1.1,7200,461000
20240209,09:26:49,1.05,150,461000
20240209,09:26:51,1.05,50,461000
20240209,09:27:01,1.05,650,461000
20240209,09:27:22,1.1,100,461000
20240209,09:27:32,1.1,50,461000
20240209,09:27:35,1.1,50,461000
20240209,09:27:51,1.05,250,461000
20240209,09:28:00,1.05,50,461000
20240209,09:28:09,1.05,100,461000
20240209,09:28:14,1.1,50,461000
20240209,09:28:15,1.1,1250,461000
20240209,09:28:17,1.1,150,461000
20240209,09:28:18,1.1,300,461000
20240209,09:28:19,1.1,15500,461000
20240209,09:28:20,1.1,3250,470200
20240209,09:28:21,1.1,250,470200
20240209,09:28:22,1.1,200,470200
20240209,09:28:23,1.1,3250,470200
20240209,09:28:24,1.1,500,470200
20240209,09:28:26,1.1,8350,470200
20240209,09:28:28,1.15,50,470200
20240209,09:28:29,1.15,150,470200
20240209,09:28:30,1.15,50,470200
20240209,09:28:31,1.1,5450,470200
20240209,09:28:32,1.15,50,470200
20240209,09:28:33,1.15,50,470200
20240209,09:28:34,1.15,50,470200
20240209,09:28:35,1.15,50,470200
20240209,09:28:36,1.15,50,470200
20240209,09:28:37,1.15,50,470200
20240209,09:28:38,1.15,550,470200
20240209,09:28:39,1.15,50,470200
20240209,09:28:40,1.15,50,470200
20240209,09:28:41,1.15,50,470200
20240209,09:28:42,1.15,50,470200
20240209,09:28:43,1.15,50,470200
20240209,09:28:44,1.15,50,470200
20240209,09:28:45,1.15,50,470200
20240209,09:28:46,1.15,50,470200
20240209,09:28:47,1.15,200,470200
20240209,09:28:48,1.15,200,470200
20240209,09:28:51,1.15,50,470200
20240209,09:29:04,1.15,50,470200
20240209,09:29:07,1.15,50,470200
20240209,09:29:08,1.15,50,470200
20240209,09:29:09,1.15,50,470200
20240209,09:29:10,1.15,50,470200
20240209,09:29:11,1.15,50,470200
20240209,09:29:24,1.15,50,470200
20240209,09:29:26,1.15,50,470200
20240209,09:29:27,1.15,50,470200
20240209,09:29:28,1.15,50,470200
20240209,09:29:29,1.15,50,470200
20240209,09:29:30,1.15,50,470200
20240209,09:29:31,1.15,50,470200
20240209,09:29:32,1.15,50,470200
20240209,09:29:33,1.15,50,470200
20240209,09:29:34,1.15,50,470200
20240209,09:29:35,1.15,50,470200
20240209,09:29:36,1.15,50,470200
20240209,09:29:37,1.15,50,470200
20240209,09:29:38,1.15,50,470200
20240209,09:29:39,1.15,50,470200
20240209,09:29:40,1.15,50,470200
20240209,09:29:44,1.15,50,470200
20240209,09:29:48,1.1,1800,470200
20240209,09:30:03,1.1,1800,470200
20240209,09:30:04,1.1,450,470200
20240209,09:30:05,1.15,50,470200
20240209,09:30:06,1.15,50,470200
20240209,09:30:07,1.15,50,470200
20240209,09:30:08,1.15,50,470200
20240209,09:30:09,1.15,50,470200
20240209,09:30:10,1.15,50,470200
20240209,09:30:11,1.15,50,470200
20240209,09:30:12,1.15,50,470200
20240209,09:30:13,1.15,50,470200
20240209,09:30:14,1.15,50,470200
20240209,09:30:15,1.15,50,470200
20240209,09:30:16,1.15,50,470200
20240209,09:30:17,1.15,50,470200
20240209,09:30:18,1.15,50,470200
20240209,09:30:19,1.15,50,470200
20240209,09:30:20,1.15,50,470200
20240209,09:30:21,1.15,50,470200
20240209,09:30:22,1.15,50,470200
20240209,09:30:23,1.15,50,470200
20240209,09:30:24,1.15,50,470200
20240209,09:30:25,1.15,50,470200
20240209,09:30:27,1.15,100,470200
20240209,09:30:28,1.15,50,470200
20240209,09:30:28,1.15,500,470200
20240209,09:30:29,1.15,50,470200
20240209,09:30:30,1.15,50,470200
20240209,09:30:31,1.15,50,470200
20240209,09:31:57,1.1,150,475350
20240209,09:32:01,1.1,50,475350
20240209,09:32:05,1.1,250,475350
20240209,09:32:16,1.1,50,475350
20240209,09:32:17,1.1,1600,475350
20240209,09:32:22,1.1,500,475350
20240209,09:32:26,1.1,200,475350
20240209,09:33:07,1.15,100,475350
20240209,09:33:20,1.15,50,475350
20240209,09:33:45,1.1,50,475350
20240209,09:34:08,1.1,50,475350
20240209,09:34:09,1.1,750,475350
20240209,09:34:16,1.1,1400,475350
20240209,09:34:20,1.1,400,475350
20240209,09:34:32,1.1,1800,471750
20240209,09:35:00,1.1,100,471750
20240209,09:35:02,1.1,100,471750
20240209,09:35:05,1.1,100,471750
20240209,09:35:08,1.1,100,471750
20240209,09:35:09,1.1,100,471750
20240209,09:35:12,1.1,100,471750
20240209,09:35:13,1.1,100,471750
20240209,09:35:16,1.1,100,471750
20240209,09:35:18,1.1,100,471750
20240209,09:35:19,1.1,450,471750
20240209,09:35:20,1.1,150,471750
20240209,09:35:24,1.1,100,471750
20240209,09:35:26,1.15,1850,471750
20240209,09:35:30,1.1,1500,471750
20240209,09:35:32,1.15,300,471750
