date,time,tick_price,volume,open_interest
20230727,09:49:04,3380.0,50,50
20231025,14:13:37,2650.0,1,50
20231025,14:13:37,2650.0,50,50
20231025,15:09:43,2600.0,50,100
20231025,15:17:48,2594.55,50,150
20231026,11:09:09,2400.0,1,200
20231026,11:09:09,2400.0,50,200
20231026,11:10:04,2400.0,50,200
20231026,11:11:16,2400.0,50,200
20231026,11:11:50,2400.0,50,200
20231026,11:12:10,2400.0,50,400
20231026,11:17:17,2396.95,50,450
20231026,11:18:24,2396.95,50,500
20231026,11:26:03,2400.0,50,550
20231026,11:35:42,2405.0,50,600
20231027,09:23:26,2367.85,1,650
20231027,09:23:26,2367.85,50,650
20231027,13:15:17,2375.0,50,700
20231027,13:21:34,2495.0,50,700
20231027,13:40:30,2505.0,50,800
20231027,14:17:18,2505.0,100,850
20231027,14:18:59,2505.0,100,950
20231027,14:20:44,2505.0,100,950
20231030,10:10:57,2455.0,1,1150
20231030,10:10:57,2455.0,50,1150
20231030,10:13:16,2460.0,150,1150
20231030,10:13:24,2460.0,200,1200
20231030,10:13:31,2460.0,100,1200
20231030,10:13:38,2460.0,500,1200
20231030,10:13:45,2460.0,50,1200
20231030,10:26:13,2472.0,50,2200
20231030,10:26:56,2508.3,450,2200
20231030,10:27:04,2508.3,400,2200
20231030,10:27:11,2508.3,650,2200
20231030,10:27:41,2510.0,500,2200
20231030,10:27:48,2510.0,400,2200
20231030,10:28:09,2510.0,250,2200
20231030,11:20:28,2550.0,50,3050
20231030,11:29:15,2550.0,450,3100
20231030,11:32:07,2560.0,50,3100
20231030,12:25:03,2560.0,400,3300
20231031,13:30:13,2560.0,1,3700
20231031,13:30:13,2560.0,50,3700
20231031,13:30:20,2560.0,100,3700
20231031,14:20:32,2595.0,50,3850
20231031,14:20:39,2595.0,450,3850
20231031,14:20:53,2595.0,200,3850
20231031,14:22:17,2598.35,50,3950
20231031,14:22:55,2598.35,50,3950
20231031,14:23:01,2594.95,50,3950
20231031,14:23:44,2595.8,50,3950
20231031,14:24:13,2606.55,150,4150
20231031,14:28:26,2606.55,50,4300
20231031,14:30:37,2608.85,50,4350
20231031,14:31:57,2615.15,50,4350
20231031,14:32:03,2618.0,50,4350
20231031,14:33:06,2618.0,50,4350
20231031,14:35:25,2616.15,50,4500
20231031,14:50:55,2600.0,50,4550
20231031,15:10:28,2550.0,100,4600
20231031,15:16:36,2550.0,50,4700
20231031,15:17:02,2559.8,50,4700
20231031,15:19:27,2560.2,100,4800
20231031,15:24:05,2558.6,50,4900
20231031,15:24:36,2544.7,50,4900
20231101,09:52:27,2519.0,1,4950
20231101,09:52:27,2519.0,100,4950
20231101,09:57:58,2512.0,50,5050
20231101,10:09:00,2497.35,100,5050
20231101,10:10:30,2497.35,50,5050
20231101,10:11:25,2512.0,100,5050
20231101,10:15:18,2519.0,50,5300
20231101,10:20:22,2519.05,50,5350
20231101,10:27:40,2519.05,100,5400
20231101,10:29:01,2515.3,100,5400
20231101,10:29:38,2512.8,50,5400
20231101,10:30:38,2521.0,50,5650
20231101,10:32:25,2521.0,50,5650
20231101,10:33:24,2505.55,50,5750
20231101,10:36:16,2493.15,50,5800
20231101,10:38:07,2493.15,100,5800
20231101,10:38:35,2505.25,50,5800
20231101,10:38:47,2500.0,50,6000
20231101,10:42:41,2514.7,100,6050
20231101,10:42:59,2509.6,50,6050
20231101,10:43:33,2509.05,50,6050
20231101,10:43:38,2508.1,50,6050
20231101,10:43:44,2508.95,50,6050
20231101,10:52:52,2517.4,50,6350
20231101,10:53:29,2518.7,100,6350
20231101,10:54:38,2516.95,50,6500
20231101,10:56:00,2525.95,50,6500
20231101,10:56:45,2525.95,100,6500
20231101,10:57:29,2517.1,100,6700
20231101,10:57:57,2515.6,50,6700
20231101,11:02:27,2521.0,100,6850
20231101,11:02:52,2522.5,450,6950
20231101,11:04:47,2522.25,50,6950
20231101,11:05:29,2515.55,100,6950
20231101,11:08:27,2512.0,50,7550
20231101,11:12:21,2506.25,100,7600
20231101,11:13:39,2510.4,50,7600
20231101,11:14:30,2511.35,150,7600
20231101,11:15:07,2513.25,50,7900
20231101,11:15:24,2515.25,50,7900
20231101,11:15:29,2515.3,50,7900
20231101,11:16:00,2511.1,100,7900
20231101,11:19:02,2508.95,150,8150
20231101,11:19:31,2506.95,50,8150
20231101,11:19:36,2509.0,50,8150
20231101,11:19:46,2508.95,50,8150
20231101,11:20:38,2508.9,150,8150
20231101,11:21:04,2508.7,350,8600
20231101,11:24:10,2512.55,50,8600
20231101,11:28:03,2514.2,150,9000
20231101,11:28:18,2514.3,50,9000
20231101,11:28:23,2514.25,50,9000
20231101,11:28:29,2517.0,50,9000
20231101,11:28:46,2517.8,50,9000
20231101,11:28:51,2517.95,50,9000
20231101,11:29:03,2517.15,50,9000
20231101,11:30:54,2506.8,100,9450
20231101,11:31:06,2506.6,50,9450
20231101,11:32:06,2508.15,50,9450
20231101,11:32:13,2519.0,50,9450
20231101,11:33:09,2514.25,100,9700
20231101,11:33:15,2514.5,200,9700
20231101,11:33:21,2514.6,50,9700
20231101,11:33:26,2514.65,100,9700
20231101,11:33:32,2515.65,250,9700
20231101,11:35:14,2515.9,50,9700
20231101,11:35:47,2514.85,50,9700
20231101,11:37:04,2515.75,50,10500
20231101,11:37:15,2514.15,50,10500
20231101,11:42:36,2507.15,150,10600
20231101,11:43:09,2511.6,50,10600
20231101,11:43:14,2511.7,100,10600
20231101,11:43:25,2512.05,100,10600
20231101,11:43:30,2512.1,50,10600
20231101,11:44:51,2514.3,50,11050
20231101,11:45:18,2523.8,50,11050
20231101,11:48:03,2516.7,100,11150
20231101,11:48:08,2516.8,50,11150
20231101,11:48:14,2518.05,50,11150
20231101,11:49:54,2518.0,50,11150
20231101,11:51:39,2515.5,50,11400
20231101,11:52:09,2514.35,50,11400
20231101,11:52:35,2514.15,50,11400
20231101,11:53:04,2514.4,50,11400
20231101,11:53:09,2515.5,50,11400
20231101,11:57:01,2521.45,150,11650
20231101,11:59:43,2517.75,50,11650
20231101,11:59:53,2516.75,50,11650
20231101,12:00:29,2516.0,50,11650
20231101,12:00:39,2517.95,50,11900
20231101,12:00:44,2519.05,50,11900
20231101,12:01:37,2516.0,50,11900
20231101,12:02:26,2516.0,50,11900
20231101,12:03:57,2516.0,50,12150
20231101,12:04:51,2513.45,100,12150
20231101,12:08:09,2518.4,50,12250
20231101,12:08:18,2518.3,100,12250
20231101,12:08:27,2520.0,150,12250
20231101,12:09:05,2519.8,50,12500
20231101,12:10:30,2520.25,50,12500
20231101,12:11:21,2521.6,150,12500
20231101,12:11:22,2521.8,50,12500
20231101,12:12:40,2519.35,100,12800
20231101,12:12:41,2519.4,100,12800
20231101,12:12:45,2520.4,100,12800
20231101,12:12:46,2520.4,50,12800
20231101,12:15:28,2525.0,50,13050
20231101,12:35:48,2515.55,50,13100
20231101,12:36:20,2513.15,50,13150
20231101,12:37:26,2508.3,50,13150
20231101,12:37:54,2508.8,50,13150
20231101,12:38:59,2503.4,100,13150
20231101,12:39:05,2504.95,100,13400
20231101,12:39:32,2505.1,200,13400
20231101,12:39:43,2508.0,50,13400
20231101,12:40:20,2508.75,50,13400
20231101,12:40:53,2502.75,50,13400
20231101,12:42:07,2502.2,50,13850
20231101,12:42:25,2503.95,50,13850
20231101,12:46:32,2500.2,50,13950
20231101,12:46:51,2500.9,100,13950
20231101,12:50:17,2510.5,50,14100
20231101,12:57:51,2505.0,50,14150
20231101,13:00:00,2502.35,50,14150
20231101,13:00:37,2499.0,50,14200
20231101,13:01:17,2497.45,100,14200
20231101,13:02:07,2488.95,50,14200
20231101,13:02:37,2486.9,50,14200
20231101,13:11:44,2474.65,50,14200
20231101,13:11:52,2470.9,550,14400
20231101,13:12:04,2474.65,50,14400
20231101,13:15:08,2460.95,100,14950
20231101,13:15:15,2460.8,100,14950
20231101,13:15:21,2459.55,100,14950
20231101,13:15:28,2459.55,50,14950
20231101,13:15:34,2463.25,50,14950
20231101,13:15:40,2463.05,50,14950
20231101,13:16:38,2460.5,100,14950
20231101,13:22:22,2464.55,50,15500
20231101,13:24:17,2465.6,100,15550
20231101,13:25:10,2465.8,150,15550
20231101,13:25:16,2466.3,150,15550
20231101,14:43:08,2468.0,50,15950
20231101,14:45:59,2468.0,50,16000
20231101,14:52:05,2471.85,150,16050
20231101,14:52:10,2472.15,100,16050
20231101,14:55:28,2469.6,100,16300
20231101,14:55:34,2470.0,100,16300
20231101,14:55:39,2470.0,300,16300
20231101,14:56:00,2470.0,100,16300
20231101,14:56:10,2470.0,150,16300
20231101,14:56:27,2470.0,150,16300
20231101,14:58:18,2474.1,50,17200
20231101,15:00:18,2473.05,50,17200
20231101,15:02:29,2467.65,50,17300
20231101,15:02:35,2466.45,50,17300
20231101,15:03:25,2461.5,250,17400
20231101,15:03:32,2460.45,200,17400
20231101,15:03:38,2456.75,150,17400
20231101,15:03:51,2456.75,100,17400
20231101,15:03:58,2459.15,400,17400
20231101,15:04:36,2457.9,50,17400
20231101,15:05:00,2465.65,50,17400
20231101,15:07:06,2460.75,50,18550
20231101,15:07:18,2458.05,400,18550
20231101,15:07:35,2459.35,50,18550
20231101,15:07:41,2459.5,200,18550
20231101,15:08:06,2458.05,100,18550
20231101,15:08:12,2458.05,100,18550
20231101,15:08:18,2458.45,50,18550
20231101,15:08:24,2458.5,50,18550
20231101,15:11:42,2459.05,50,19550
20231101,15:11:48,2459.8,200,19550
20231101,15:11:54,2459.5,50,19550
20231101,15:12:00,2459.6,50,19550
20231101,15:12:06,2455.95,250,19550
20231101,15:12:12,2455.45,250,19550
20231101,15:12:17,2455.45,150,19550
20231101,15:12:23,2455.85,100,19550
20231101,15:12:35,2453.85,150,20650
20231101,15:12:41,2453.85,250,20650
20231101,15:12:47,2455.0,250,20650
20231101,15:13:18,2457.0,200,20650
20231101,15:14:22,2456.55,50,20650
20231101,15:14:28,2456.25,50,20650
20231101,15:14:46,2453.9,100,20650
20231101,15:14:52,2453.9,50,20650
20231101,15:15:28,2453.85,150,21750
20231101,15:15:34,2453.8,200,21750
20231101,15:15:40,2454.7,50,21750
20231101,15:15:59,2451.85,100,21750
20231101,15:16:37,2450.0,100,21750
20231101,15:16:49,2450.0,50,21750
20231101,15:16:55,2453.9,150,21750
20231101,15:19:31,2459.0,50,22550
20231101,15:28:03,2372.1,100,22600
20231102,11:26:22,2556.8,1,22600
20231102,11:26:22,2556.8,200,22600
20231102,11:29:06,2574.25,50,22800
20231102,11:30:00,2574.25,50,22850
20231102,11:30:05,2571.0,150,22850
20231102,11:30:54,2575.85,50,22850
20231102,11:53:26,2575.85,100,23100
20231102,11:54:02,2539.8,100,23200
20231102,11:58:27,2542.0,50,23300
20231102,12:03:13,2546.95,50,23350
20231102,12:07:12,2540.0,100,23400
20231102,12:15:28,2548.0,50,23500
20231102,12:16:40,2553.2,50,23500
20231102,12:18:51,2558.05,150,23600
20231102,12:20:11,2558.05,100,23600
20231102,12:21:02,2558.05,50,23850
20231102,12:21:53,2558.05,250,23850
20231102,12:21:59,2558.05,200,23850
20231102,12:31:32,2558.05,50,24350
20231102,12:36:40,2558.05,350,24400
20231102,12:37:09,2558.05,100,24400
20231102,12:37:14,2558.05,100,24400
20231102,12:37:41,2558.05,50,24400
20231102,12:39:25,2558.05,200,25000
20231102,12:39:41,2558.05,100,25000
20231102,13:02:09,2572.0,50,25300
20231102,13:06:10,2574.0,50,25350
20231102,13:06:30,2574.1,50,25350
20231102,13:14:02,2578.45,50,25350
20231102,13:19:13,2578.45,50,25400
20231102,13:19:28,2583.1,150,25400
20231102,13:20:25,2583.45,50,25400
20231102,13:26:15,2585.15,50,25550
20231102,13:31:52,2585.15,50,25600
20231102,13:31:58,2575.9,100,25600
20231102,13:34:15,2575.05,50,25750
20231102,13:38:51,2575.0,50,25800
20231102,13:39:01,2577.75,50,25800
20231102,13:39:47,2580.25,50,25850
20231102,13:39:58,2580.75,100,25850
20231102,13:45:34,2583.2,50,26000
20231102,13:49:00,2582.9,50,26050
20231102,13:51:14,2599.5,50,26100
20231102,13:55:56,2614.1,50,26150
20231102,13:58:27,2614.1,50,26150
20231102,14:00:01,2612.55,50,26200
20231102,14:00:13,2615.3,50,26300
20231102,14:12:37,2615.3,100,26350
20231102,14:14:44,2607.55,50,26350
20231102,14:16:40,2613.25,50,26500
20231102,14:17:22,2614.0,100,26500
20231102,14:22:52,2607.5,50,26650
20231102,14:39:56,2604.75,300,26700
20231102,14:40:01,2604.75,200,26700
20231102,14:42:42,2607.1,100,27200
20231102,14:42:48,2607.1,100,27200
20231102,14:42:53,2607.45,50,27200
20231102,14:43:48,2604.75,250,27200
20231102,14:43:54,2604.75,100,27200
20231102,14:44:00,2604.75,50,27200
20231102,14:44:05,2604.75,100,27200
20231102,14:44:11,2604.75,50,27200
20231102,14:44:16,2604.75,300,27200
20231102,14:44:22,2604.75,400,27200
20231102,14:45:23,2604.75,150,28200
20231102,14:47:09,2605.15,50,28200
20231102,14:52:12,2609.2,50,28400
20231102,14:59:33,2621.2,50,28450
20231102,15:11:39,2621.2,100,28450
20231102,15:25:01,2614.0,100,28550
20231103,10:05:19,2714.4,1,28550
20231103,10:05:19,2714.4,50,28550
20231103,10:05:36,2714.45,50,28550
20231103,10:20:18,2714.45,50,28600
20231103,11:00:44,2704.25,50,28650
20231103,12:39:36,2698.8,50,28650
20231103,12:43:39,2698.8,50,28750
20231103,13:23:22,2731.85,100,28800
20231103,13:44:30,2731.85,50,28900
20231103,14:57:33,2731.85,100,28900
20231103,14:58:30,2690.0,50,28900
20231106,09:19:58,2799.0,1,28900
20231106,09:19:58,2799.0,100,28900
20231106,10:15:20,2818.0,50,28800
20231106,11:21:17,2818.0,50,28850
20231106,11:21:42,2794.95,100,28850
20231106,11:22:14,2793.95,50,28850
20231106,11:59:08,2793.95,50,29050
20231106,11:59:16,2818.0,50,29050
20231106,12:04:53,2814.9,50,29150
20231106,12:05:25,2819.55,50,29150
20231106,12:56:11,2821.5,100,29250
20231106,12:59:24,2827.15,50,29350
20231106,12:59:51,2827.15,50,29350
20231106,13:05:54,2822.3,100,29450
20231106,13:21:00,2823.4,200,29550
20231106,13:22:06,2824.35,150,29750
20231106,13:22:52,2827.75,50,29750
20231106,13:22:53,2827.75,100,29750
20231106,13:23:48,2829.0,50,29750
20231106,13:28:19,2829.0,100,30100
20231106,13:28:20,2826.55,50,30100
20231106,13:28:35,2828.2,150,30100
20231106,13:28:49,2828.7,50,30100
20231106,13:32:32,2829.0,50,30100
20231106,14:00:57,2829.7,50,30500
20231106,15:12:25,2874.15,50,30500
20231106,15:12:59,2874.15,50,30500
20231106,15:19:33,2873.6,50,30600
20231108,10:00:47,2888.0,1,30650
20231108,10:00:47,2888.0,50,30650
20231108,10:28:33,2865.05,50,30700
20231108,11:11:06,2863.5,100,30700
20231108,15:09:47,2860.05,50,30700
20231109,13:01:23,2900.35,1,30650
20231109,13:01:23,2900.35,350,30650
20231109,13:01:25,2900.35,50,30650
20231109,13:01:27,2900.35,50,30650
20231109,13:01:30,2900.35,50,30650
20231109,13:01:31,2900.35,50,30650
20231109,13:01:34,2900.35,50,30650
20231109,13:01:36,2900.35,50,30650
20231109,13:01:38,2900.35,50,30650
20231109,13:01:40,2900.35,50,30650
20231109,13:01:42,2900.35,50,30650
20231109,13:01:45,2900.35,50,30650
20231109,13:01:47,2900.35,50,30650
20231109,13:01:49,2900.35,50,30650
20231109,13:01:52,2900.35,50,30650
20231109,13:01:53,2900.35,50,30650
20231109,13:01:54,2900.35,50,30650
20231109,13:01:57,2900.35,50,30650
20231109,13:01:58,2900.35,50,30650
20231109,13:02:01,2900.35,50,30650
20231109,13:02:03,2900.35,50,30650
20231109,13:02:04,2900.35,50,30650
20231109,13:02:07,2900.35,50,30650
20231109,13:02:09,2900.35,50,30650
20231109,13:02:10,2900.35,50,30650
20231109,13:02:11,2900.35,100,30650
20231109,13:02:12,2900.35,50,30650
20231109,13:02:13,2900.35,50,30650
20231109,13:02:15,2900.35,50,30650
20231109,13:02:16,2900.35,50,30650
20231109,13:04:05,2890.0,150,30750
20231109,13:09:56,2890.0,200,30750
20231109,13:10:53,2890.0,200,30750
20231109,13:11:22,2890.0,200,30750
20231109,13:22:53,2890.0,50,31350
20231109,13:25:49,2890.0,150,31350
20231109,13:26:03,2890.0,150,31350
20231109,13:30:43,2890.0,150,31350
20231109,13:31:54,2890.0,150,31350
20231109,13:32:08,2890.0,150,31350
20231109,13:33:03,2890.0,50,31350
20231109,13:33:37,2890.0,50,31350
20231109,13:41:42,2890.0,150,31400
20231109,14:19:12,2885.0,100,31550
20231109,14:21:46,2880.0,50,31650
20231109,14:26:55,2866.55,50,31700
20231109,14:27:28,2865.5,150,31750
20231109,14:28:32,2865.5,50,31750
20231109,14:28:40,2870.0,50,31750
20231109,14:28:47,2870.0,100,31750
20231109,14:28:55,2870.0,50,31750
20231109,14:29:37,2865.0,50,31750
20231109,14:31:29,2865.0,50,32200
20231109,14:35:56,2852.0,50,32250
20231109,14:36:26,2852.0,50,32300
20231109,14:37:16,2855.0,50,32300
20231109,14:37:37,2855.0,50,32300
20231109,14:38:08,2857.35,50,32300
20231109,14:38:15,2857.4,50,32300
20231109,14:38:30,2857.0,50,32300
20231109,14:39:30,2855.0,50,32500
20231109,14:40:21,2854.95,50,32500
20231109,14:40:39,2852.0,50,32500
20231109,14:41:44,2852.0,50,32500
20231109,14:43:29,2850.0,50,32650
20231109,14:47:31,2848.25,50,32700
20231109,14:47:59,2848.25,150,32700
20231109,14:48:10,2855.0,200,32700
20231109,14:48:31,2850.0,250,33100
20231109,14:48:39,2850.0,50,33100
20231109,14:48:47,2850.0,250,33100
20231109,14:48:55,2850.0,300,33100
20231109,14:51:17,2850.0,50,33800
20231109,14:53:35,2845.0,50,33800
20231109,14:53:52,2845.0,50,33800
20231109,14:54:57,2845.0,50,33950
20231109,14:55:05,2842.2,100,33950
20231109,14:55:13,2842.0,500,33950
20231109,14:55:45,2839.95,750,33950
20231109,14:55:53,2839.95,150,33950
20231109,14:57:46,2840.0,500,35250
20231109,14:57:49,2840.0,500,35250
20231109,14:57:57,2840.0,200,35250
20231109,14:58:10,2841.4,200,35250
20231109,14:59:07,2840.0,400,35250
20231109,14:59:09,2840.0,300,35250
20231109,14:59:10,2840.0,150,35250
20231109,14:59:23,2845.0,50,35250
20231109,14:59:24,2844.95,200,35250
20231109,14:59:26,2845.0,150,35250
20231109,14:59:27,2845.0,50,35250
20231109,14:59:31,2845.0,50,35250
20231109,14:59:33,2845.0,150,35250
20231109,14:59:34,2845.0,100,35250
20231109,14:59:35,2845.0,50,35250
20231109,14:59:36,2845.0,150,35250
20231109,14:59:52,2840.0,50,35250
20231109,14:59:53,2840.0,50,35250
20231109,14:59:54,2840.0,50,35250
20231109,15:00:31,2840.0,50,38450
20231109,15:03:18,2864.55,100,38500
20231109,15:12:12,2844.95,100,38500
20231109,15:12:13,2845.0,50,38500
20231109,15:13:16,2845.0,50,38550
20231109,15:28:00,2901.75,100,38600
20231110,10:33:25,2790.0,1,38500
20231110,10:33:25,2790.0,50,38500
20231110,10:33:33,2790.0,300,38500
20231110,10:58:44,2790.0,100,38850
20231110,12:33:29,2810.0,50,38950
20231110,12:33:45,2810.0,100,38950
20231113,09:29:52,2867.75,1,38950
20231113,09:29:52,2867.75,50,38950
20231113,09:32:17,2867.75,50,38950
20231113,09:32:26,2867.75,50,38950
20231113,09:33:18,2866.2,50,39050
20231113,09:44:38,2866.05,50,39050
20231113,10:20:11,2869.1,150,39050
20231113,10:20:11,2866.05,150,39050
20231113,10:20:23,2866.75,50,39050
20231113,10:24:29,2866.15,50,39050
20231113,10:54:55,2850.0,50,39050
20231113,11:06:49,2850.0,50,39100
20231113,12:37:24,2850.0,50,39150
20231113,14:10:21,2893.8,50,39200
20231113,15:29:59,2893.8,50,39250
20231115,09:23:56,3061.5,1,39250
20231115,09:23:56,3061.5,50,39250
20231115,10:52:58,3065.15,50,39300
20231115,10:54:39,3065.15,50,39300
20231115,10:58:52,3074.75,50,39300
20231115,11:47:52,3074.75,100,39300
20231115,11:47:55,3060.0,50,39350
20231115,12:03:30,3060.0,50,39400
20231115,12:59:31,3075.0,150,39450
20231115,13:05:28,3075.0,50,39600
20231115,13:25:28,3110.0,50,39650
20231115,13:25:44,3115.0,50,39650
20231115,13:38:30,3120.0,50,39750
20231116,11:02:10,3165.0,1,39800
20231116,11:02:10,3165.0,50,39800
20231116,11:02:17,3165.0,50,39800
20231116,11:22:48,3215.0,50,39900
20231116,11:26:02,3215.0,50,39950
20231116,11:32:02,3226.3,50,40000
20231116,11:57:02,3228.0,100,40000
20231116,12:23:57,3236.95,100,40100
20231116,12:24:48,3240.0,50,40200
20231116,12:25:05,3240.0,100,40200
20231116,12:25:22,3240.0,200,40200
20231116,13:14:08,3230.0,100,40550
20231116,14:14:33,3240.0,50,40650
20231116,14:21:06,3247.3,150,40700
20231116,14:28:35,3269.8,50,40850
20231116,14:30:10,3269.8,50,40850
20231116,14:40:56,3275.0,50,40900
20231116,14:42:23,3275.0,50,40950
20231116,14:44:06,3285.0,50,40950
20231116,14:49:37,3294.75,100,41050
20231116,14:52:12,3280.95,50,41050
20231116,15:16:34,3184.8,100,41050
20231116,15:27:22,3199.0,150,41150
20231117,12:16:20,3190.0,1,41250
20231117,12:16:20,3190.0,50,41250
20231117,12:17:32,3190.0,50,41250
20231117,12:17:39,3190.0,100,41250
20231117,12:19:19,3186.0,50,41450
20231117,12:24:23,3186.0,50,41500
20231117,12:55:22,3200.0,50,41550
20231117,13:12:32,3203.0,50,41600
20231117,13:20:19,3203.0,50,41650
20231117,13:25:26,3195.0,150,41700
20231117,13:31:16,3195.0,50,41850
20231117,14:28:07,3214.45,50,41900
20231117,14:37:34,3214.45,50,41950
20231117,14:41:17,3188.0,50,42000
20231117,14:44:25,3200.0,100,42050
20231117,14:44:32,3200.0,50,42050
20231117,14:45:02,3200.0,50,42050
20231117,14:51:15,3198.0,50,42050
20231117,14:58:46,3198.0,50,42300
20231117,15:02:21,3198.0,150,42350
20231120,09:22:29,3180.0,1,42500
20231120,09:22:29,3180.0,50,42500
20231120,10:35:47,3200.0,100,42500
20231120,11:06:12,3200.0,50,42500
20231120,11:14:11,3140.0,50,42500
20231120,11:16:14,3115.0,200,42500
20231120,11:16:22,3115.0,50,42500
20231120,11:20:54,3115.0,300,42650
20231120,11:21:03,3116.0,150,42650
20231120,11:44:12,3108.0,500,43100
20231120,11:44:19,3108.0,200,43100
20231120,11:44:26,3110.0,150,43100
20231120,12:05:52,3120.0,150,43800
20231120,12:06:00,3120.0,250,43950
20231120,12:08:45,3114.0,150,43950
20231120,14:06:20,3138.4,50,44350
20231121,10:20:57,3198.6,1,44350
20231121,10:20:57,3197.95,1,44350
20231121,10:20:57,3198.0,250,44350
20231121,10:24:47,3200.0,50,44350
20231121,10:24:52,3200.0,100,44350
20231121,10:28:09,3205.0,50,44500
20231121,11:01:42,3205.0,100,44550
20231121,12:13:43,3219.0,50,44550
20231121,12:20:24,3250.0,200,44600
20231121,12:49:03,3256.55,50,44800
20231121,13:32:30,3256.55,200,44800
20231121,13:42:52,3250.0,100,45000
20231121,13:42:59,3250.0,100,45000
20231121,13:52:49,3230.0,50,45200
20231121,13:52:55,3230.0,50,45200
20231121,13:56:38,3230.0,100,45300
20231121,15:07:48,3211.0,50,45400
20231121,15:08:43,3212.1,50,45400
20231121,15:09:50,3211.85,50,45500
20231122,09:41:52,3214.3,1,45550
20231122,09:41:52,3214.3,50,45550
20231122,09:51:32,3236.85,50,45550
20231123,09:28:38,3288.4,1,45600
20231123,09:28:38,3288.4,50,45600
20231123,12:26:09,3248.0,50,45600
20231123,12:28:19,3248.0,50,45650
20231123,13:24:35,3254.15,50,45700
20231123,14:43:38,3232.5,50,45700
20231123,15:01:36,3232.5,50,45750
20231124,10:26:28,3205.0,1,45800
20231124,10:26:28,3205.0,50,45800
20231124,10:26:46,3202.65,50,45850
20231124,10:27:57,3202.65,50,45850
20231124,10:45:00,3228.0,50,45900
20231124,10:54:16,3236.0,50,45950
20231124,10:54:43,3236.0,50,45950
20231124,10:55:35,3235.9,50,45950
20231124,11:11:05,3221.0,50,46000
20231124,13:13:58,3210.55,50,46050
20231124,14:04:29,3215.0,50,46100
20231124,14:07:50,3215.0,50,46100
20231124,14:11:50,3217.75,100,46150
20231124,14:18:26,3218.9,100,46250
20231124,14:40:05,3212.75,50,46350
20231124,15:01:08,3205.1,200,46400
20231124,15:01:57,3202.0,50,46400
20231124,15:03:48,3202.0,50,46650
20231124,15:07:36,3202.75,50,46700
20231124,15:07:41,3206.6,50,46700
20231124,15:07:48,3202.4,100,46700
20231124,15:08:47,3200.4,50,46700
20231124,15:08:54,3198.2,100,46700
20231124,15:09:01,3198.2,50,46700
20231124,15:09:07,3197.8,50,46700
20231124,15:11:36,3197.8,50,47150
20231124,15:11:49,3200.0,100,47150
20231128,09:48:02,3230.5,1,47300
20231128,09:48:02,3230.5,50,47300
20231128,10:10:29,3231.45,100,47350
20231128,11:35:26,3231.45,50,47350
20231128,11:35:31,3220.4,50,47450
20231128,11:35:37,3220.75,50,47450
20231129,10:29:28,3388.6,1,47600
20231129,10:29:28,3388.6,50,47600
20231129,10:30:02,3397.75,200,47650
20231129,10:35:29,3395.0,50,47850
20231129,10:41:11,3392.0,200,47900
20231129,10:42:58,3385.0,250,48100
20231129,10:43:34,3385.0,100,48100
20231129,10:43:49,3389.0,250,48100
20231129,10:43:56,3389.0,150,48100
20231129,10:44:25,3388.0,200,48100
20231129,10:44:31,3388.0,200,48100
20231129,10:44:38,3388.0,200,48100
20231129,10:44:45,3388.0,50,48100
20231129,10:45:19,3388.0,50,49500
20231129,10:45:25,3389.0,50,49500
20231129,10:45:32,3390.0,50,49500
20231129,11:07:53,3400.0,100,49650
20231129,11:10:06,3400.0,50,49650
20231129,11:11:19,3400.0,150,49650
20231129,11:11:31,3400.0,100,49650
20231129,11:11:38,3400.0,250,49650
20231129,11:12:29,3405.0,50,50200
20231129,11:12:35,3405.0,450,50200
20231129,11:12:42,3407.3,500,50200
20231129,11:13:13,3408.0,50,50200
20231129,11:13:41,3408.0,200,50200
20231129,11:13:47,3403.0,50,50200
20231129,11:14:23,3403.0,50,50200
20231129,11:14:29,3403.0,150,50200
20231129,11:15:09,3400.0,600,51700
20231129,11:15:16,3400.0,350,51700
20231129,11:15:23,3400.0,200,51700
20231129,11:15:29,3400.0,200,51700
20231129,11:15:43,3400.0,400,51700
20231129,11:16:21,3400.0,450,51700
20231129,11:16:38,3399.0,250,51700
20231129,11:16:44,3400.0,800,51700
20231129,11:17:02,3397.0,300,51700
20231129,11:17:32,3401.75,100,51700
20231129,11:28:22,3422.0,50,54950
20231129,11:31:05,3422.0,200,54950
20231129,11:31:10,3410.1,150,54950
20231129,11:31:28,3410.0,100,54950
20231129,11:31:29,3410.0,150,54950
20231129,11:31:34,3410.0,250,54950
20231129,11:31:36,3410.0,150,54950
20231129,11:31:41,3410.0,350,54950
20231129,11:31:43,3410.0,100,54950
20231129,11:31:44,3410.0,50,54950
20231129,11:31:45,3410.0,150,54950
20231129,11:31:46,3410.0,300,54950
20231129,11:31:47,3410.0,300,54950
20231129,11:31:48,3410.0,200,54950
20231129,11:31:59,3410.0,100,54950
20231129,11:32:08,3410.0,150,54950
20231129,11:32:16,3410.0,50,54950
20231129,11:41:25,3428.75,50,54950
20231129,11:41:40,3434.95,150,57500
20231129,11:42:10,3428.0,50,57650
20231129,11:42:29,3428.0,200,57650
20231129,11:42:42,3428.0,300,57650
20231129,11:48:44,3418.0,100,58200
20231129,11:56:07,3415.0,400,58300
20231129,11:57:22,3417.0,150,58300
20231129,12:01:58,3425.0,150,58850
20231129,12:01:59,3425.0,100,58850
20231129,12:02:12,3425.0,350,58850
20231129,12:02:14,3425.0,50,58850
20231129,12:07:57,3435.0,50,59500
20231129,12:11:23,3435.0,50,59550
20231129,12:11:51,3430.0,150,59550
20231129,12:11:53,3430.0,50,59550
20231129,12:11:56,3428.0,150,59550
20231129,12:11:57,3428.0,100,59550
20231129,12:12:27,3429.0,400,60050
20231129,12:12:30,3429.0,300,60050
20231129,12:12:35,3428.0,250,60050
20231129,12:12:39,3428.0,250,60050
20231129,12:13:33,3428.0,250,60050
20231129,12:13:35,3428.0,250,60050
20231129,12:14:27,3435.0,50,60050
20231129,12:17:43,3428.0,650,61600
20231129,12:19:29,3429.95,50,62150
20231129,12:19:46,3428.0,350,62150
20231129,12:21:35,3428.0,300,62550
20231129,12:22:07,3428.0,200,62550
20231129,12:23:44,3428.0,350,62550
20231129,12:26:06,3425.0,200,63300
20231129,12:26:21,3425.0,500,63300
20231129,12:27:52,3425.0,250,63900
20231129,12:30:00,3420.0,250,63900
20231129,12:30:14,3425.0,150,64300
20231129,12:32:06,3420.0,50,64300
20231129,12:32:51,3420.0,100,64300
20231129,12:32:58,3420.0,50,64300
20231129,12:34:25,3411.65,50,64650
20231129,12:34:32,3412.0,100,64650
20231129,12:35:23,3417.0,150,64650
20231129,12:36:07,3412.0,100,64950
20231129,12:36:14,3413.2,50,64950
20231129,13:48:13,3473.2,50,65100
20231129,13:50:24,3473.2,50,65100
20231129,13:51:07,3453.5,50,65100
20231129,13:51:15,3457.05,150,65150
20231129,13:51:47,3460.45,150,65150
20231129,14:12:37,3449.45,50,65400
20231129,14:35:11,3460.0,50,65450
20231129,14:36:06,3467.75,50,65450
20231129,14:36:47,3460.0,50,65550
20231129,14:37:35,3460.85,50,65550
20231129,14:41:32,3475.2,50,65650
20231129,14:42:14,3475.2,50,65650
20231129,14:49:52,3475.0,50,65750
20231129,15:02:28,3496.35,50,65800
20231129,15:17:58,3498.9,50,65800
20231129,15:19:42,3498.9,50,65800
20231129,15:22:18,3491.0,50,65800
20231129,15:27:55,3499.95,50,65800
20231129,15:29:25,3499.95,100,65800
20231130,09:27:01,3532.0,1,65800
20231130,09:27:01,3532.0,150,65800
20231130,09:56:26,3438.2,100,65650
20231130,10:08:12,3400.05,100,65650
20231130,10:08:37,3400.05,100,65650
20231130,10:09:20,3407.5,50,65850
20231130,10:10:21,3402.7,50,65850
20231130,10:16:41,3428.0,50,65950
20231130,13:49:13,3479.95,100,66000
20231130,13:51:01,3480.25,50,66000
20231130,14:29:50,3465.4,50,66100
20231130,14:31:19,3465.0,50,66100
20231130,14:35:42,3460.0,50,66150
20231130,14:49:55,3472.0,100,66200
20231130,14:53:24,3476.55,100,66200
20231130,14:54:07,3480.0,100,66300
20231130,15:05:33,3504.7,50,66500
20231130,15:13:42,3493.05,50,66500
20231130,15:15:13,3497.0,100,66500
20231130,15:15:22,3496.0,200,66500
20231130,15:20:17,3496.0,150,66850
20231130,15:22:22,3515.0,50,67000
20231201,09:29:41,3595.0,1,67050
20231201,09:29:41,3595.0,50,67050
20231201,09:37:56,3565.15,100,67050
20231201,13:25:19,3608.15,50,67100
20231201,14:42:58,3608.15,50,67100
20231204,09:58:39,3887.95,1,67100
20231204,09:58:39,3887.95,50,67100
20231204,10:05:54,3887.95,50,67100
20231204,10:10:24,3866.45,50,67100
20231204,10:10:58,3866.45,50,67100
20231204,10:11:22,3866.45,50,67100
20231204,10:12:31,3866.35,50,67250
20231204,10:13:10,3865.95,50,67250
20231204,10:14:21,3865.95,50,67250
20231204,10:15:11,3868.7,50,67400
20231204,10:15:43,3868.7,50,67400
20231204,10:17:57,3870.15,100,67500
20231204,10:21:37,3873.95,50,67500
20231204,10:21:45,3872.65,50,67500
20231204,10:22:49,3872.95,50,67500
20231204,10:23:29,3878.3,50,67500
20231204,10:24:57,3877.25,50,67650
20231204,10:25:29,3879.4,50,67650
20231204,10:27:28,3885.0,100,67650
20231204,10:32:19,3884.8,50,67850
20231204,10:34:32,3881.4,50,67900
20231204,10:35:51,3881.4,50,67950
20231204,10:53:27,3885.0,50,67950
20231204,10:57:05,3890.0,50,68000
20231204,11:03:17,3890.0,50,68050
20231204,11:16:41,3912.0,50,68100
20231204,11:24:12,3912.0,600,68150
20231204,11:24:20,3910.0,300,68150
20231204,11:24:27,3910.0,600,68150
20231204,11:24:35,3910.0,300,68150
20231204,11:24:44,3912.0,50,68150
20231204,11:25:47,3911.7,50,68150
20231204,11:26:18,3914.1,50,68150
20231204,11:26:47,3914.35,50,70100
20231204,11:27:17,3914.35,50,70100
20231204,11:27:49,3914.35,50,70100
20231204,11:28:52,3914.35,50,70100
20231204,11:29:08,3910.1,50,70100
20231204,11:29:47,3908.75,50,70300
20231204,11:30:10,3908.8,50,70300
20231204,11:30:56,3909.05,50,70300
20231204,11:31:33,3908.1,50,70300
20231204,11:31:48,3908.15,50,70300
20231204,11:33:02,3908.05,50,70550
20231204,11:33:17,3908.05,50,70550
20231204,11:35:13,3920.0,50,70550
20231204,11:35:35,3920.0,50,70550
20231204,11:36:49,3908.05,50,70700
20231204,11:37:03,3908.05,50,70700
20231204,11:37:32,3908.05,50,70700
20231204,11:44:04,3909.1,50,70850
20231204,11:45:38,3910.4,50,70900
20231204,12:17:41,3926.6,50,70950
20231204,12:19:22,3926.6,50,71000
20231204,12:20:10,3924.4,100,71000
20231204,12:20:18,3924.4,50,71000
20231204,12:20:36,3920.05,200,71000
20231204,12:21:02,3910.45,150,71400
20231204,12:22:49,3918.65,50,71400
20231204,12:26:11,3925.0,50,71600
20231204,12:28:02,3935.05,50,71550
20231204,12:28:20,3935.05,50,71550
20231204,12:28:29,3925.2,250,71550
20231204,12:35:15,3926.65,50,71500
20231204,12:35:30,3926.65,50,71500
20231204,12:37:02,3931.0,150,71600
20231204,12:37:11,3929.85,200,71600
20231204,12:41:16,3930.0,100,71700
20231204,12:42:23,3926.45,50,71800
20231204,12:43:17,3925.05,50,71800
20231204,12:44:48,3923.45,50,71800
20231204,12:47:33,3925.55,50,71950
20231204,12:47:51,3921.45,50,71950
20231204,12:50:00,3919.25,50,72000
20231204,12:50:45,3921.45,50,72000
20231204,12:51:31,3921.45,100,72150
20231204,12:51:39,3927.35,150,72150
20231204,12:54:53,3923.55,50,72400
20231204,12:55:54,3927.35,50,72400
20231204,12:57:36,3927.35,50,72500
20231204,13:00:30,3935.0,50,72550
20231204,13:08:21,3934.85,100,72600
20231204,13:16:46,3940.0,50,72600
20231204,14:01:42,3970.0,50,72650
20231204,14:06:34,3985.0,50,72700
20231204,14:15:12,4011.95,50,72750
20231204,14:27:15,4012.55,50,72750
20231204,14:30:35,4015.0,50,72750
20231204,14:41:10,4027.0,50,72800
20231204,14:50:57,4027.0,450,72800
20231204,14:51:54,4027.0,750,73050
20231204,14:54:12,4030.0,50,73050
20231204,14:55:57,4030.0,850,73850
20231204,15:04:16,4030.0,200,74700
20231204,15:05:05,4015.9,1000,74700
20231204,15:05:15,4015.9,300,74700
20231204,15:05:25,4015.9,700,74700
20231204,15:05:44,4015.9,650,74700
20231204,15:05:53,4015.9,150,74700
20231204,15:06:03,4015.9,300,74700
20231204,15:06:13,4015.9,700,74700
20231204,15:10:38,4005.9,350,78300
20231204,15:12:22,4000.9,150,78650
20231204,15:12:32,4000.9,100,78650
20231204,15:28:06,4055.0,100,78900
20231205,09:32:38,4052.05,1,78800
20231205,09:32:38,4052.05,50,78800
20231205,09:53:31,4103.75,50,78850
20231205,09:57:04,4103.75,100,78850
20231205,10:02:43,4100.0,100,78900
20231205,10:05:00,4107.05,50,78900
20231205,10:06:03,4107.7,50,79050
20231205,10:08:31,4107.7,150,79050
20231205,10:09:33,4110.0,50,79250
20231205,10:09:54,4110.0,50,79250
20231205,10:11:39,4110.0,50,79350
20231205,10:12:33,4110.0,50,79350
20231205,10:15:11,4109.85,50,79450
20231205,10:20:27,4133.75,200,79500
20231205,10:24:54,4127.4,100,79700
20231205,10:32:37,4130.0,50,79800
20231205,10:56:08,4150.0,50,79850
20231205,11:09:18,4154.2,50,79900
20231205,11:31:52,4154.2,50,79900
20231205,11:33:52,4074.05,150,79900
20231205,11:34:04,4068.85,50,79900
20231205,11:43:52,4075.35,50,79900
20231205,11:44:14,4074.9,150,79900
20231205,11:45:28,4060.0,50,79900
20231205,11:45:49,4060.0,50,79900
20231205,11:46:41,4060.0,50,79900
20231205,11:52:00,4060.0,100,80050
20231205,11:52:12,4059.0,50,80050
20231205,11:52:33,4033.2,50,80050
20231205,11:53:04,4033.2,350,80050
20231205,11:53:14,4060.0,150,80050
20231205,11:53:25,4060.0,200,80050
20231205,11:55:36,4060.0,100,79500
20231205,11:55:57,4060.0,100,79500
20231205,11:56:17,4060.0,100,79500
20231205,11:57:52,4087.95,50,79800
20231205,12:02:39,4101.8,50,79800
20231205,12:02:49,4102.95,50,79800
20231205,12:29:14,4120.0,50,79800
20231205,12:29:23,4121.0,650,79800
20231205,12:31:09,4114.85,50,79100
20231205,12:35:56,4112.3,100,79050
20231205,12:37:00,4111.0,50,79150
20231205,12:38:05,4110.4,100,79150
20231205,12:42:18,4110.3,100,79050
20231205,14:38:51,4150.0,150,79050
20231205,14:40:25,4154.0,150,79100
20231205,14:49:30,4150.0,50,79100
20231205,14:55:20,4150.0,50,79150
20231205,14:56:32,4151.7,50,79150
20231205,14:57:02,4151.7,50,79150
20231205,14:57:33,4152.2,50,79150
20231205,14:57:54,4155.95,50,79150
20231205,14:58:38,4155.95,700,79150
20231205,14:58:48,4155.0,550,79150
20231205,14:59:09,4155.05,150,79150
20231205,14:59:52,4157.0,500,79150
20231205,15:00:02,4157.0,150,79150
20231205,15:00:13,4156.65,300,79150
20231205,15:00:46,4156.65,50,79150
20231205,15:00:58,4159.5,50,79150
20231205,15:01:30,4159.75,50,79150
20231205,15:01:50,4160.05,50,79150
20231205,15:02:01,4160.05,50,79150
20231205,15:02:11,4160.05,50,79150
20231205,15:03:03,4160.15,50,79150
20231205,15:03:34,4162.05,50,79150
20231205,15:03:45,4164.95,50,79150
20231205,15:05:00,4167.6,50,79150
20231205,15:05:44,4174.95,300,79150
20231205,15:05:54,4175.0,150,79150
20231205,15:06:38,4175.0,50,79350
20231205,15:14:16,4175.0,100,79350
20231205,15:15:12,4170.0,50,79350
20231205,15:18:39,4159.95,50,79400
20231205,15:18:40,4160.0,50,79400
20231205,15:18:59,4160.0,50,79400
20231205,15:24:14,4169.95,150,79500
20231205,15:25:04,4166.0,100,79600
20231205,15:29:12,4170.0,100,79600
20231206,09:34:20,4203.55,1,79700
20231206,09:34:20,4203.55,50,79700
20231206,09:49:11,4245.0,50,79750
20231206,09:49:22,4245.0,200,79750
20231206,09:49:32,4246.0,250,79750
20231206,09:50:04,4250.0,50,79750
20231206,09:51:09,4250.0,50,79250
20231206,09:51:41,4250.0,150,79250
20231206,09:55:02,4248.0,200,79050
20231206,09:55:12,4248.0,50,79050
20231206,09:55:23,4250.0,250,79050
20231206,09:55:54,4251.0,150,79050
20231206,09:56:14,4251.0,100,79050
20231206,09:56:55,4250.0,150,78300
20231206,10:02:57,4241.7,50,78150
20231206,10:03:07,4238.55,100,78150
20231206,10:09:18,4212.1,100,78150
20231206,10:09:29,4212.0,50,78150
20231206,10:50:30,4240.0,50,78150
20231206,10:52:13,4230.8,250,78200
20231206,10:53:14,4232.45,200,78200
20231206,10:53:25,4232.45,50,78200
20231206,10:53:35,4232.45,50,78200
20231206,11:15:05,4232.45,50,78750
20231206,11:54:56,4242.6,50,78800
20231206,11:57:36,4245.2,50,78800
20231206,11:59:44,4248.4,50,78800
20231206,12:00:03,4249.65,50,78800
20231206,12:03:36,4247.8,100,78800
20231206,12:12:46,4250.65,50,78800
20231206,12:12:56,4252.2,50,78800
20231206,12:45:54,4252.2,100,78800
20231206,13:03:00,4203.25,50,78800
20231206,14:25:55,4247.0,50,78800
20231207,13:20:15,4250.0,1,78800
20231207,13:20:15,4250.0,50,78800
20231207,13:24:38,4245.0,100,78750
20231207,13:24:42,4245.0,200,78750
20231207,13:24:43,4247.0,150,78750
20231207,13:24:45,4247.0,50,78750
20231207,13:24:47,4250.0,150,78750
20231207,13:51:28,4234.3,50,78100
20231207,13:51:38,4234.3,50,78100
20231207,13:53:07,4230.5,100,78100
20231207,14:02:18,4230.5,50,78300
20231207,14:08:37,4230.5,50,78350
20231207,14:09:24,4243.95,150,78400
20231207,14:09:34,4245.05,150,78400
20231207,14:10:31,4246.0,250,78400
20231207,14:11:25,4242.5,200,78400
20231207,15:13:58,4250.0,50,77650
20231208,10:05:58,4300.0,1,77700
20231208,10:05:58,4300.0,50,77700
20231208,10:14:26,4290.0,150,77750
20231208,10:14:36,4285.0,50,77900
20231208,10:30:05,4285.0,50,77950
20231208,10:49:34,4300.0,50,78000
20231208,10:50:52,4300.0,50,78050
20231208,14:15:58,4250.0,50,78100
20231208,14:16:16,4225.0,50,78100
20231208,14:16:34,4225.0,50,78100
20231208,14:16:42,4225.0,100,78100
20231208,14:19:09,4225.0,100,77850
20231208,14:19:18,4225.0,50,77850
20231208,14:20:13,4220.0,50,77850
20231208,14:20:23,4220.0,50,77850
20231208,14:20:32,4220.0,100,77850
20231208,14:22:36,4220.0,50,77500
20231208,14:22:45,4220.0,50,77500
20231208,14:22:55,4220.0,50,77500
20231208,14:23:57,4220.0,100,77500
20231208,14:24:34,4221.75,100,77250
20231208,14:24:51,4221.75,50,77250
20231208,14:25:54,4221.75,50,77250
20231208,14:26:03,4221.75,50,77250
20231208,14:28:22,4221.75,50,77000
20231208,14:33:38,4220.0,50,76950
20231208,14:34:05,4221.35,50,76950
20231208,14:34:23,4220.0,50,76950
20231208,14:34:49,4223.0,100,76950
20231208,14:34:59,4225.0,250,76950
20231208,14:44:01,4255.0,150,76550
20231208,14:49:55,4255.0,50,76400
20231208,14:50:14,4255.0,250,76400
20231208,14:51:22,4257.5,50,76100
20231208,14:52:45,4255.0,50,76100
20231208,14:52:55,4255.0,100,76100
20231208,14:53:32,4255.0,500,76100
20231208,14:56:56,4250.0,100,75450
20231208,14:58:24,4251.45,50,75350
20231208,15:00:39,4248.0,50,75300
20231208,15:06:52,4283.5,100,75300
20231208,15:09:07,4280.0,150,75300
20231208,15:18:07,4296.15,50,75050
20231208,15:18:35,4297.0,50,75050
20231208,15:18:45,4300.0,200,75050
20231208,15:19:03,4300.0,200,75050
20231208,15:19:13,4300.0,50,75050
20231208,15:19:23,4300.0,100,75050
20231208,15:20:22,4300.85,50,75050
20231208,15:20:40,4300.85,50,75050
20231208,15:21:00,4300.05,50,75050
20231208,15:21:09,4300.05,100,75050
20231208,15:21:28,4300.0,50,74150
20231208,15:21:47,4300.15,50,74150
20231208,15:27:19,4308.2,100,74050
20231208,15:28:08,4310.0,250,74050
20231208,15:29:24,4313.75,150,74050
20231211,09:42:07,4278.7,1,73550
20231211,09:42:07,4278.7,600,73550
20231211,09:42:17,4278.7,1200,73550
20231211,09:48:02,4278.7,1800,75350
20231211,09:49:29,4288.7,350,75350
20231211,09:51:12,4288.7,700,77500
20231211,09:51:22,4288.7,550,77500
20231211,09:51:41,4288.7,100,77500
20231211,09:55:26,4288.7,200,78850
20231211,09:58:17,4294.7,100,79050
20231211,09:58:45,4294.7,400,79050
20231211,10:00:10,4294.7,500,79550
20231211,10:00:20,4294.7,500,79550
20231211,10:04:19,4294.7,50,80550
20231211,10:09:10,4290.0,100,80600
20231211,10:09:21,4290.0,150,80600
20231211,10:10:08,4290.0,50,80600
20231211,10:10:17,4290.0,200,80600
20231211,10:10:27,4290.0,150,80600
20231211,10:10:45,4290.0,50,80600
20231211,10:10:55,4290.0,150,80600
20231211,10:11:24,4290.0,150,80600
20231211,10:14:22,4295.0,1000,81600
20231211,10:14:33,4295.0,1100,81600
20231211,10:21:59,4295.0,450,83600
20231211,10:22:09,4295.0,650,83600
20231211,10:22:29,4295.0,350,83600
20231211,10:22:39,4300.0,400,83600
20231211,10:24:00,4300.0,50,85450
20231211,10:33:04,4320.0,50,85500
20231211,10:42:30,4320.0,50,85550
20231211,10:42:40,4250.0,500,85550
20231211,10:48:41,4250.0,300,86050
20231211,10:59:58,4269.95,50,86350
20231211,11:00:00,4270.0,200,86350
20231211,11:00:02,4270.0,200,86350
20231211,11:00:21,4274.55,50,86350
20231211,11:06:12,4290.0,1100,86800
20231211,11:06:22,4290.0,450,86800
20231211,11:06:32,4290.0,750,86800
20231211,11:17:14,4305.0,50,89100
20231211,11:20:05,4295.0,250,89150
20231211,11:34:10,4295.0,50,89400
20231211,11:35:19,4290.0,250,89400
20231211,11:39:48,4273.0,300,89700
20231211,11:43:07,4280.0,500,90000
20231211,11:44:53,4280.0,250,90000
20231211,11:55:30,4260.0,100,90650
20231211,11:56:08,4260.0,200,90650
20231211,11:58:54,4275.0,300,90950
20231211,12:02:21,4280.0,500,91250
20231211,12:05:06,4271.05,300,91750
20231211,12:05:25,4271.0,300,91750
20231211,12:15:39,4272.05,300,92350
20231211,12:15:40,4272.0,300,92350
20231211,12:16:55,4280.0,50,92350
20231211,12:19:18,4260.0,550,93000
20231211,12:23:29,4259.95,550,93550
20231211,12:23:46,4260.0,250,93550
20231211,12:25:57,4262.0,600,94150
20231211,13:35:54,4275.65,50,94750
20231211,13:41:19,4282.0,50,94800
20231211,14:00:01,4260.0,350,94850
20231211,14:01:00,4265.0,600,95200
20231211,14:03:19,4275.0,600,95800
20231211,14:04:28,4273.5,50,95800
20231211,14:05:34,4273.5,50,95800
20231211,14:06:57,4272.55,50,96500
20231211,14:07:37,4274.2,300,96500
20231211,14:07:45,4274.0,300,96500
20231211,14:08:09,4272.55,150,96500
20231211,14:15:48,4277.85,50,97200
20231211,14:17:26,4282.75,300,97200
20231211,14:17:34,4282.0,300,97200
20231211,14:18:18,4275.0,800,97850
20231211,14:20:03,4281.0,600,97850
20231211,14:21:24,4280.0,400,99150
20231211,14:21:50,4280.0,50,99150
20231211,14:21:58,4280.0,150,99150
20231211,14:26:45,4275.0,600,99750
20231211,14:27:50,4275.0,250,100350
20231211,14:27:58,4275.0,350,100350
20231211,14:30:08,4275.0,250,100350
20231211,14:30:33,4275.0,350,101200
20231211,14:34:19,4285.0,150,101550
20231211,14:34:38,4285.0,100,101550
20231211,14:35:06,4285.0,250,101550
20231211,14:35:16,4285.0,750,101550
20231211,14:36:10,4280.0,50,101550
20231211,14:36:28,4280.0,100,102750
20231211,14:37:55,4277.5,50,102750
20231211,14:38:28,4282.0,600,102750
20231211,14:38:37,4280.0,50,102750
20231211,14:39:20,4283.3,50,103550
20231211,14:39:28,4281.65,50,103550
20231211,14:39:36,4285.0,100,103550
20231211,14:39:52,4285.0,50,103550
20231211,14:40:00,4285.0,250,103550
20231211,14:40:10,4285.0,200,103550
20231211,14:40:49,4300.0,50,103550
20231211,14:41:35,4280.0,300,103550
20231211,14:42:01,4290.0,50,103550
20231211,14:43:53,4277.5,50,104650
20231211,14:44:01,4278.7,300,104650
20231211,14:44:44,4280.9,50,104650
20231211,14:45:00,4279.7,50,104650
20231211,14:45:26,4268.1,600,105100
20231211,14:45:35,4287.1,100,105100
20231211,14:45:43,4293.65,50,105100
20231211,14:46:24,4293.65,50,105100
20231211,14:46:42,4295.05,50,105100
20231211,14:47:11,4292.65,50,105100
20231211,14:48:20,4289.15,50,105750
20231211,14:50:05,4285.0,450,105750
20231211,14:50:13,4285.0,150,105750
20231211,14:52:45,4285.0,600,106400
20231211,14:53:10,4281.5,250,106400
20231211,14:53:19,4282.0,400,106400
20231211,14:53:37,4293.45,50,106400
20231211,14:53:55,4292.4,50,106400
20231211,14:54:04,4289.5,100,106400
20231211,14:54:13,4289.45,150,106400
20231211,14:54:39,4289.4,100,107600
20231211,14:54:48,4292.1,100,107600
20231211,14:54:58,4285.0,50,107600
20231211,14:56:12,4285.0,550,107600
20231211,14:59:05,4291.95,50,108200
20231211,14:59:49,4285.0,600,108200
20231211,15:00:35,4294.95,50,108800
20231211,15:01:04,4286.35,200,108800
20231211,15:01:14,4294.95,100,108800
20231211,15:01:24,4294.35,50,108800
20231211,15:02:19,4294.35,50,108800
20231211,15:03:36,4295.0,150,108900
20231211,15:05:53,4292.0,50,108900
20231211,15:12:39,4287.25,250,109000
20231211,15:28:07,4268.45,150,108950
20231212,10:31:43,4286.0,1,108950
20231212,10:31:43,4285.95,1,108950
20231212,10:31:43,4286.0,250,108950
20231212,10:32:21,4290.0,50,108950
20231212,10:51:36,4290.0,300,109200
20231212,10:53:10,4300.0,250,109200
20231212,10:54:45,4300.0,100,109700
20231212,10:57:03,4300.0,150,109800
20231212,10:57:39,4290.0,250,109800
20231212,12:54:07,4274.95,100,110200
20231212,12:54:16,4275.0,100,110250
20231212,12:54:26,4275.0,50,110250
20231212,12:56:31,4275.0,50,110250
20231212,13:40:25,4270.0,50,110400
20231212,13:42:40,4270.0,50,110450
20231212,13:42:59,4270.0,50,110450
20231212,13:44:07,4270.0,50,110450
20231212,13:44:46,4275.0,50,110450
20231212,13:45:25,4270.0,50,110650
20231212,13:47:07,4279.0,50,110650
20231212,14:42:47,4227.85,100,110750
20231212,14:42:59,4227.65,100,110750
20231212,14:53:12,4200.0,100,110750
20231212,14:53:23,4200.0,50,110750
20231212,14:53:54,4210.0,50,110750
20231212,14:54:55,4215.0,100,110950
20231212,14:55:51,4217.0,50,110950
20231212,14:56:02,4216.0,50,110950
20231212,14:56:34,4216.0,100,110950
20231212,14:57:53,4206.0,50,111250
20231212,14:59:24,4206.0,50,111250
20231212,15:08:01,4222.55,50,111350
20231212,15:13:27,4222.55,50,111400
20231212,15:14:53,4222.55,50,111400
20231212,15:17:00,4222.55,50,111500
20231212,15:24:30,4222.55,50,111550
20231213,09:23:11,4200.0,1,111600
20231213,09:23:11,4200.0,50,111600
20231213,09:23:31,4200.0,50,111600
20231213,09:37:56,4210.0,50,111700
20231213,09:38:16,4210.0,50,111700
20231213,09:46:02,4210.0,50,111800
20231213,09:47:01,4210.0,50,111800
20231213,10:05:14,4210.0,50,111900
20231213,10:05:25,4160.0,50,111900
20231213,10:08:29,4160.0,150,112000
20231213,10:09:10,4185.0,350,112150
20231213,10:09:31,4185.0,50,112150
20231213,10:53:20,4160.0,50,112550
20231213,10:59:13,4175.0,150,112600
20231213,11:55:47,4114.3,500,112750
20231213,12:38:36,4130.0,50,113250
20231213,12:42:02,4130.0,50,113300
20231213,12:44:52,4130.0,50,113350
20231213,12:47:34,4148.0,50,113400
20231213,12:58:44,4162.0,50,113450
20231213,13:35:51,4180.0,50,113500
20231213,13:41:30,4200.0,50,113550
20231214,09:51:41,4450.0,1,113600
20231214,09:51:41,4450.0,50,113600
20231214,10:01:16,4480.0,150,113650
20231214,10:31:05,4483.55,100,113750
20231214,11:44:16,4483.55,50,113650
20231214,12:36:14,4462.65,50,113650
20231214,12:40:16,4516.0,200,113700
20231214,12:40:25,4513.35,300,113700
20231214,12:41:04,4507.9,100,113700
20231214,12:41:12,4507.0,400,113700
20231214,12:43:52,4496.4,200,112700
20231214,12:44:08,4493.75,300,112700
20231214,12:45:32,4483.75,500,112200
20231214,12:54:18,4483.75,50,111700
20231214,12:58:20,4483.4,250,111700
20231214,12:58:28,4484.0,250,111700
20231214,12:59:09,4470.0,50,111700
20231214,13:09:09,4490.0,100,111250
20231214,13:12:03,4495.0,50,111150
20231214,13:17:32,4494.0,50,111100
20231214,13:19:56,4498.0,50,111050
20231214,13:26:39,4500.0,50,111100
20231214,13:32:34,4528.0,50,111150
20231214,13:32:52,4528.0,200,111150
20231214,13:34:33,4528.0,50,110950
20231214,13:35:54,4524.85,100,110950
20231214,13:36:04,4523.7,150,110950
20231214,13:41:06,4528.0,50,110650
20231214,13:42:01,4528.0,50,110650
20231214,13:42:20,4529.35,50,110650
20231214,13:45:25,4533.05,50,110650
20231214,13:48:12,4533.05,50,110650
20231214,13:48:30,4524.0,50,110650
20231214,13:48:56,4524.0,50,110650
20231214,13:51:27,4515.65,50,110600
20231214,13:52:04,4517.4,50,110600
20231214,13:52:42,4517.4,50,110600
20231214,13:53:01,4517.4,50,110600
20231214,13:53:41,4522.0,50,110600
20231214,13:54:29,4526.0,150,110750
20231214,13:55:42,4521.9,100,110750
20231214,13:56:09,4523.0,250,110750
20231214,14:05:12,4525.0,100,110300
20231214,14:05:21,4522.05,150,110300
20231214,14:07:11,4522.4,50,110150
20231214,14:07:29,4522.05,50,110150
20231214,14:08:23,4518.0,100,110150
20231214,14:09:14,4516.05,50,110150
20231214,14:09:44,4516.55,50,110000
20231214,14:10:13,4517.05,50,110000
20231214,14:10:52,4519.35,50,110000
20231214,14:11:41,4524.0,50,110000
20231214,14:14:57,4527.5,50,110000
20231214,14:16:49,4520.75,100,110000
20231214,14:16:58,4523.65,50,110000
20231214,14:17:16,4528.0,50,110000
20231214,14:17:25,4529.6,150,110000
20231214,14:17:34,4529.6,50,110000
20231214,14:20:16,4525.6,50,110100
20231214,14:20:52,4529.0,50,110100
20231214,14:26:40,4529.0,50,110200
20231214,14:27:28,4531.0,50,110250
20231214,14:33:57,4525.0,50,110300
20231214,14:35:56,4529.0,50,110300
20231214,14:38:01,4524.4,50,110250
20231214,14:38:19,4524.6,50,110250
20231214,14:49:14,4529.0,50,110250
20231214,14:50:47,4530.0,50,110250
20231214,14:59:28,4518.0,50,110150
20231214,15:00:49,4518.0,50,110200
20231214,15:04:00,4528.0,50,110250
20231214,15:04:10,4528.0,50,110250
20231214,15:04:50,4528.0,50,110250
20231214,15:05:12,4528.0,50,110250
20231214,15:06:03,4529.9,750,110250
20231214,15:06:36,4523.9,50,110450
20231214,15:08:09,4525.1,50,110450
20231214,15:08:30,4532.35,250,110450
20231214,15:08:41,4533.0,250,110450
20231214,15:09:01,4533.75,300,110450
20231214,15:09:21,4533.75,100,110450
20231214,15:10:11,4533.75,50,110150
20231214,15:11:02,4530.0,450,110150
20231214,15:11:12,4525.0,150,110150
20231214,15:11:33,4525.3,50,110150
20231214,15:11:43,4529.95,50,110150
20231214,15:11:53,4527.9,450,110150
20231214,15:12:03,4527.9,100,110150
20231214,15:12:12,4527.0,50,110150
20231214,15:12:51,4525.0,50,109800
20231214,15:13:11,4525.25,50,109800
20231214,15:13:41,4525.2,50,109800
20231214,15:14:39,4528.0,100,109800
20231214,15:20:32,4543.45,100,109850
20231214,15:21:06,4543.3,50,109850
20231214,15:21:18,4543.5,250,109850
20231214,15:21:29,4543.2,50,109850
20231214,15:25:07,4566.55,150,109850
20231214,15:25:19,4566.15,550,109850
20231214,15:25:32,4566.15,200,109850
20231214,15:27:37,4575.15,50,109850
20231214,15:27:47,4575.55,250,109900
20231215,09:46:45,4580.75,1,109950
20231215,09:46:45,4580.75,50,109950
20231215,09:48:01,4571.25,50,110000
20231215,09:48:18,4571.25,50,110000
20231215,09:48:26,4571.45,50,110000
20231215,09:48:43,4571.45,50,110000
20231215,09:48:52,4573.15,50,110000
20231215,09:50:21,4571.8,100,110000
20231215,09:52:40,4571.8,50,110350
20231215,09:52:48,4571.8,50,110350
20231215,09:53:30,4564.3,100,110350
20231215,10:00:07,4564.3,50,110550
20231215,10:02:36,4600.0,50,110600
20231215,10:04:29,4600.0,100,110600
20231215,10:04:37,4620.0,50,110600
20231215,10:51:30,4660.0,850,110700
20231215,11:51:30,4660.0,100,109850
20231215,11:53:15,4630.0,100,109850
20231215,11:54:00,4630.0,100,110050
20231215,11:54:15,4630.0,100,110050
20231215,11:54:30,4630.0,100,110050
20231215,12:05:09,4606.8,100,110350
20231215,12:06:07,4611.15,100,110450
20231215,12:06:14,4611.25,100,110450
20231215,12:06:22,4611.55,100,110450
20231215,12:07:26,4612.75,100,110450
20231215,12:07:33,4612.75,100,110450
20231215,12:08:02,4613.15,50,110450
20231215,12:08:33,4640.0,100,110450
20231215,12:09:31,4635.0,100,110900
20231215,12:09:39,4640.0,400,110900
20231215,12:12:18,4633.0,250,110400
20231215,12:12:25,4635.0,400,110400
20231215,13:04:32,4640.0,50,109750
20231215,13:29:14,4635.0,50,109800
20231215,13:33:30,4650.0,50,109850
20231215,13:37:24,4637.55,250,109900
20231215,13:39:29,4650.0,250,110150
20231215,13:42:05,4640.0,250,110150
20231215,13:50:00,4650.35,250,110650
20231215,13:50:21,4650.35,50,110650
20231215,13:50:42,4650.35,250,110650
20231215,13:51:39,4650.2,50,111200
20231215,13:51:56,4650.0,250,111200
20231215,13:53:47,4650.0,250,111200
20231215,13:54:49,4650.0,250,111750
20231215,13:55:35,4650.0,250,111750
20231215,13:57:09,4650.0,50,111750
20231215,13:58:04,4650.0,400,112300
20231215,13:59:39,4655.0,250,112300
20231215,14:20:49,4650.0,50,112850
20231215,14:34:22,4650.0,250,112900
20231215,14:36:02,4656.9,200,112900
20231215,14:40:47,4660.0,50,113350
20231215,15:21:36,4764.0,100,113400
20231218,09:33:04,4740.0,1,113300
20231218,09:33:04,4740.0,50,113300
20231218,09:34:50,4720.0,50,113300
20231218,10:21:41,4720.0,100,113200
20231218,10:21:50,4722.0,100,113200
20231218,10:24:26,4728.0,100,113400
20231218,10:24:36,4735.0,50,113400
20231218,10:24:45,4750.0,50,113400
20231218,10:25:34,4750.0,100,113400
20231218,10:25:44,4750.0,50,113400
20231218,10:32:46,4760.0,50,113300
20231218,10:39:44,4760.0,50,113250
20231218,11:44:07,4760.0,200,113300
20231218,11:59:48,4730.0,50,113100
20231218,13:14:58,4669.0,250,113050
20231218,13:15:54,4669.0,250,113300
20231218,13:16:35,4683.8,250,113300
20231218,13:18:01,4685.4,250,113300
20231218,13:18:46,4682.5,250,114050
20231218,13:19:22,4680.0,250,114050
20231218,13:20:24,4684.25,250,114050
20231218,13:21:05,4684.25,250,114050
20231218,13:27:27,4720.0,50,115050
20231218,14:00:04,4690.0,50,115000
20231218,14:06:44,4699.0,50,115000
20231218,14:07:24,4705.0,50,115000
20231218,14:08:03,4705.0,50,115000
20231218,14:42:19,4710.0,50,115150
20231218,14:42:28,4710.0,50,115150
20231218,14:45:52,4695.0,50,115250
20231218,14:46:55,4695.0,50,115250
20231218,14:48:02,4690.0,50,115250
20231218,14:49:23,4695.0,50,115400
20231218,14:50:24,4699.0,50,115400
20231218,14:59:39,4695.0,50,115500
20231218,15:24:46,4690.0,50,115550
20231219,10:41:30,4669.95,1,115500
20231219,10:41:30,4670.0,100,115500
20231219,11:01:03,4685.0,50,115550
20231219,11:09:24,4695.0,50,115600
20231219,11:29:50,4695.0,50,115650
20231219,11:30:32,4695.0,50,115700
20231219,11:30:57,4695.0,50,115700
20231219,11:31:05,4695.0,50,115700
20231219,11:31:40,4695.0,50,115700
20231219,11:31:57,4695.0,50,115700
20231219,11:32:13,4695.0,50,115700
20231219,11:32:26,4695.0,50,115700
20231219,11:34:25,4695.0,50,116050
20231219,12:56:19,4770.0,50,116100
20231219,12:56:55,4770.65,50,116100
20231219,12:57:31,4770.9,50,116100
20231219,12:59:22,4775.35,50,116100
20231219,13:01:41,4775.35,100,116100
20231219,13:07:19,4770.65,50,116100
20231219,14:53:58,4774.75,50,116100
20231219,15:18:16,4740.0,50,116100
20231219,15:26:40,4739.85,50,116050
20231220,09:54:58,4830.8,1,116100
20231220,09:54:58,4830.8,100,116100
20231220,09:55:15,4863.0,100,116100
20231220,09:55:57,4863.0,50,116100
20231220,10:02:37,4863.55,50,116350
20231220,10:41:37,4885.0,150,116350
20231220,10:41:46,4885.0,50,116350
20231220,10:41:55,4885.0,50,116350
20231220,10:45:34,4900.0,150,116400
20231220,10:45:51,4900.0,50,116400
20231220,10:46:07,4900.0,200,116400
20231220,10:46:15,4900.0,100,116400
20231220,10:46:23,4900.0,250,116400
20231220,10:46:32,4900.0,200,116400
20231220,10:46:41,4900.0,100,116400
20231220,10:46:49,4900.0,150,116400
20231220,10:46:58,4900.0,50,116400
20231220,10:47:07,4900.0,50,116400
20231220,10:48:39,4900.0,50,116450
20231220,10:48:48,4900.0,250,116450
20231220,10:48:56,4900.0,100,116450
20231220,10:49:05,4900.0,200,116450
20231220,10:49:14,4900.0,150,116450
20231220,10:49:22,4900.0,100,116450
20231220,10:50:33,4900.0,50,116450
20231220,10:51:23,4900.0,50,116450
20231220,10:59:44,4900.0,100,116450
20231220,10:59:52,4900.0,100,116450
20231220,11:21:31,4900.0,50,116450
20231220,11:22:57,4880.0,50,116450
20231220,11:23:30,4880.0,50,116450
20231220,12:26:32,4815.6,50,116600
20231220,12:28:48,4814.15,50,116650
20231220,13:10:59,4800.0,50,116700
20231220,13:45:08,4707.5,50,116650
20231220,13:52:49,4670.0,50,116700
20231220,14:55:09,4580.0,50,116700
20231220,15:11:00,4510.0,300,116750
20231220,15:21:08,4458.8,50,117050
20231221,09:15:19,4500.0,1,117100
20231221,09:15:19,4500.0,50,117100
20231221,09:19:45,4427.7,50,117100
20231221,09:26:01,4375.0,50,117100
20231221,09:28:03,4375.0,50,117100
20231221,09:29:31,4370.0,50,117050
20231221,09:33:59,4369.5,50,117000
20231221,09:34:18,4369.5,50,117000
20231221,09:34:57,4360.0,50,117000
20231221,09:35:17,4360.0,50,117000
20231221,09:35:57,4360.0,100,116950
20231221,09:41:18,4360.0,50,116850
20231221,09:42:18,4408.65,250,116850
20231221,09:43:48,4419.35,100,116850
20231221,09:43:57,4419.35,100,116850
20231221,09:44:08,4419.35,300,116850
20231221,09:58:18,4400.0,50,116850
20231221,09:59:06,4400.0,100,116850
20231221,10:00:32,4402.95,50,117000
20231221,10:01:30,4410.0,150,117000
20231221,10:05:41,4410.0,100,117200
20231221,10:06:00,4415.0,50,117300
20231221,10:06:59,4420.0,50,117300
20231221,10:09:05,4430.0,50,117400
20231221,10:10:32,4440.0,50,117400
20231221,10:11:44,4460.0,50,117400
20231221,10:14:49,4460.0,50,117550
20231221,10:15:08,4460.0,50,117550
20231221,10:16:35,4460.0,100,117550
20231221,10:18:59,4470.0,100,117750
20231221,10:19:59,4473.55,200,117750
20231221,10:20:39,4465.0,100,117750
20231221,10:23:38,4466.5,100,117900
20231221,10:25:02,4470.0,50,117950
20231221,10:26:17,4467.6,50,117950
20231221,10:29:08,4437.6,50,118050
20231221,10:36:13,4422.0,100,118100
20231221,10:41:48,4435.0,100,118200
20231221,10:43:08,4472.0,50,118300
20231221,10:45:28,4485.0,50,118350
20231221,10:55:38,4475.0,50,118400
20231221,11:09:27,4475.0,50,118450
20231221,11:20:12,4470.0,150,118500
20231221,11:33:09,4475.0,100,118650
20231221,11:35:34,4497.2,50,118650
20231221,11:36:53,4490.0,100,118700
20231221,11:37:20,4488.0,100,118700
20231221,11:46:16,4480.0,50,118850
20231221,11:54:00,4486.75,100,118900
20231221,11:55:29,4490.0,50,119000
20231221,12:00:16,4490.0,50,119050
20231221,12:03:41,4490.0,50,119100
20231221,12:04:52,4500.0,200,119100
20231221,12:07:12,4510.0,50,119350
20231221,12:15:44,4510.0,50,119400
20231221,12:29:05,4525.0,50,119450
20231221,12:35:37,4530.0,50,119500
20231221,12:36:53,4530.0,50,119550
20231221,12:38:21,4540.0,50,119550
20231221,12:38:41,4547.0,50,119550
20231221,12:54:28,4570.0,50,119700
20231221,12:54:48,4580.0,50,119700
20231221,12:55:59,4580.0,50,119700
20231221,12:56:58,4580.0,100,119700
20231221,12:57:36,4570.0,50,119700
20231221,12:58:05,4570.0,50,119700
20231221,12:58:52,4575.0,50,119700
20231221,13:01:23,4587.0,100,119850
20231221,13:01:43,4587.0,50,119850
20231221,13:05:01,4581.95,100,119800
20231221,13:14:57,4570.0,50,119700
20231221,13:35:32,4580.0,50,119700
20231221,13:55:10,4536.5,50,119800
20231221,13:58:20,4526.0,50,119800
20231221,14:30:46,4562.0,200,119850
20231221,14:38:24,4570.0,50,120050
20231221,14:41:17,4600.0,50,120050
20231221,15:00:27,4600.0,50,120100
20231221,15:08:47,4570.0,50,120050
20231221,15:12:07,4597.3,50,120100
20231221,15:12:59,4606.1,50,120100
20231221,15:13:10,4608.4,50,120100
20231221,15:15:29,4608.4,50,120100
20231221,15:16:52,4600.0,50,120150
20231221,15:20:37,4598.8,100,120200
20231221,15:26:49,4595.05,50,120100
20231222,09:40:03,4578.2,1,120150
20231222,09:40:03,4578.2,50,120150
20231222,10:03:15,4630.0,50,120150
20231222,10:07:04,4650.0,50,120200
20231222,10:14:54,4658.0,50,120200
20231222,10:22:07,4660.0,50,120300
20231222,10:24:24,4660.0,50,120350
20231222,10:24:41,4645.0,50,120350
20231222,10:31:39,4666.0,100,120450
20231222,10:37:27,4666.0,100,120550
20231222,10:41:40,4670.0,100,120650
20231222,10:58:59,4700.0,50,120750
20231222,11:00:19,4708.0,50,120800
20231222,11:56:51,4708.0,50,120850
20231222,12:10:24,4671.0,100,120800
20231222,12:14:08,4680.0,100,120900
20231222,12:33:01,4650.0,50,121000
20231222,13:20:14,4660.0,50,120950
20231222,13:26:44,4650.0,100,121000
20231222,13:37:17,4684.5,50,121100
20231222,14:03:23,4600.0,50,121100
20231222,15:20:28,4690.0,50,121150
20231226,09:16:55,4680.7,1,121200
20231226,09:16:55,4645.35,1,121200
20231226,09:16:55,4668.35,150,121200
20231226,09:17:03,4622.2,250,121200
20231226,09:17:11,4614.15,300,121200
20231226,09:17:19,4673.75,200,121200
20231226,09:17:27,4649.65,200,121200
20231226,09:17:35,4658.0,200,121200
20231226,09:17:43,4663.05,50,121300
20231226,09:17:51,4664.5,100,121300
20231226,09:17:55,4673.6,100,121300
20231226,09:18:09,4673.55,50,121300
20231226,09:18:10,4673.65,50,121300
20231226,09:18:15,4673.7,50,121300
20231226,09:18:29,4673.7,50,121300
20231226,09:28:32,4668.8,50,121300
20231226,09:30:59,4680.0,50,121300
20231226,09:31:17,4680.0,300,121300
20231226,09:31:26,4680.0,150,121300
20231226,09:31:35,4680.0,50,121300
20231226,09:31:44,4680.0,350,121300
20231226,09:32:27,4654.5,100,121300
20231226,09:33:07,4644.95,50,122200
20231226,09:44:16,4680.0,50,122250
20231226,09:45:45,4685.0,50,122300
20231226,09:45:55,4700.7,50,122300
20231226,09:46:02,4701.3,50,122300
20231226,09:46:10,4701.3,50,122300
20231226,09:46:52,4690.0,50,122300
20231226,09:47:00,4705.4,50,122300
20231226,09:47:07,4717.1,100,122300
20231226,09:47:10,4717.1,50,122300
20231226,09:47:12,4711.95,50,122300
20231226,09:47:33,4740.0,50,122300
20231226,09:47:41,4740.05,50,122500
20231226,09:47:46,4741.0,50,122500
20231226,09:47:53,4741.05,50,122500
20231226,09:48:34,4741.05,150,122500
20231226,09:48:43,4712.5,50,122500
20231226,09:49:00,4712.65,150,122500
20231226,09:49:09,4712.5,100,122500
20231226,09:49:18,4722.9,50,122500
20231226,09:49:26,4720.15,50,122500
20231226,09:49:35,4721.45,100,122500
20231226,09:50:01,4719.1,50,122500
20231226,09:52:59,4725.1,200,122500
20231226,09:59:18,4725.1,50,122550
20231226,09:59:27,4729.9,100,122550
20231226,10:01:01,4709.3,50,122600
20231226,10:01:11,4704.65,50,122600
20231226,10:02:32,4724.0,50,122600
20231226,10:07:56,4745.0,50,122550
20231226,10:27:08,4745.0,100,122600
20231226,10:45:40,4777.9,100,122700
20231226,10:51:29,4779.4,50,122800
20231226,10:54:24,4779.4,50,122850
20231226,11:01:09,4760.0,1950,122900
20231226,11:01:15,4750.0,400,122900
20231226,11:01:44,4800.0,350,122900
20231226,11:01:58,4800.0,50,122900
20231226,11:02:28,4800.0,1000,122900
20231226,11:02:30,4755.9,800,122900
20231226,11:02:44,4756.6,400,122900
20231226,11:02:48,4756.6,500,122900
20231226,11:02:52,4756.6,300,127250
20231226,11:02:53,4756.6,350,127250
20231226,11:02:54,4756.6,50,127250
20231226,11:02:55,4748.6,1500,127250
20231226,11:03:05,4751.45,1500,127250
20231226,11:03:28,4753.85,500,127250
20231226,11:03:32,4753.8,50,127250
20231226,11:03:33,4753.8,50,127250
20231226,11:03:42,4753.85,50,127250
20231226,11:03:47,4750.0,100,127250
20231226,11:03:49,4753.85,50,127250
20231226,11:03:50,4753.85,50,127250
20231226,11:03:55,4753.85,200,127250
20231226,11:03:56,4753.85,600,127250
20231226,11:04:33,4752.0,450,127250
20231226,11:04:34,4752.0,100,127250
20231226,11:04:35,4752.0,250,127250
20231226,11:04:38,4752.0,50,127250
20231226,11:04:39,4752.0,450,127250
20231226,11:04:40,4752.0,50,127250
20231226,11:04:41,4752.0,50,127250
20231226,11:04:42,4752.0,100,127250
20231226,11:04:43,4748.45,1350,127250
20231226,11:04:45,4748.45,150,127250
20231226,11:04:54,4739.95,1500,127250
20231226,11:05:04,4741.35,1500,127250
20231226,11:05:12,4782.15,250,127250
20231226,11:05:20,4782.15,100,127250
20231226,11:05:34,4750.0,1150,127250
20231226,11:05:35,4750.05,400,127250
20231226,11:05:50,4752.15,350,127250
20231226,11:06:04,4753.2,400,139900
20231226,11:06:14,4747.9,1500,139900
20231226,11:06:19,4750.0,50,139900
20231226,11:06:20,4750.0,50,139900
20231226,11:06:27,4750.0,50,139900
20231226,11:06:28,4750.0,450,139900
20231226,11:06:30,4750.0,150,139900
20231226,11:06:31,4750.0,50,139900
20231226,11:06:35,4750.0,50,139900
20231226,11:06:38,4750.0,50,139900
20231226,11:06:41,4750.0,50,139900
20231226,11:06:47,4750.0,50,139900
20231226,11:06:52,4750.0,50,139900
20231226,11:07:00,4750.0,300,139900
20231226,11:07:08,4750.0,50,139900
20231226,11:25:30,4775.0,50,143000
20231226,11:44:47,4759.4,50,143000
20231226,11:58:36,4775.0,50,143050
20231226,11:58:42,4775.0,50,143050
20231226,11:59:14,4775.0,50,143050
20231226,12:00:27,4775.0,50,143200
20231226,12:01:24,4775.0,100,143200
20231226,13:10:15,4748.0,150,143350
20231226,13:13:37,4742.0,250,143500
20231226,13:24:51,4750.0,50,143750
20231226,14:07:02,4775.0,50,143700
20231226,14:32:28,4770.0,50,143700
20231226,14:33:20,4752.5,50,143700
20231226,14:33:35,4759.2,50,143750
20231226,14:35:28,4765.0,50,143750
20231226,14:38:59,4740.6,100,143850
20231226,15:03:45,4735.0,50,143850
20231226,15:07:41,4747.05,50,143950
20231226,15:28:07,4787.1,50,143900
20231226,15:29:22,4795.4,50,143900
20231227,09:16:40,4799.95,1,143800
20231227,09:16:40,4799.95,50,143800
20231227,09:20:38,4824.0,50,143850
20231227,09:23:34,4833.2,50,143900
20231227,09:31:10,4834.0,50,143900
20231227,09:31:40,4835.7,50,143900
20231227,09:34:09,4835.7,100,143850
20231227,09:34:57,4829.15,150,143850
20231227,09:38:13,4829.25,100,143850
20231227,09:38:16,4829.25,100,143850
20231227,09:40:26,4834.5,50,143850
20231227,09:43:17,4850.25,100,143900
20231227,09:51:28,4865.0,50,143950
20231227,09:54:14,4870.0,50,143950
20231227,10:01:34,4870.0,50,144000
20231227,10:05:23,4867.0,50,144000
20231227,10:08:31,4865.0,50,144000
20231227,10:17:14,4850.65,150,144050
20231227,10:17:38,4850.6,50,144050
20231227,10:18:37,4860.35,100,144250
20231227,10:20:49,4860.0,250,144250
20231227,10:21:58,4873.0,50,144200
20231227,10:22:25,4873.0,50,144200
20231227,10:22:34,4870.0,50,144200
20231227,10:22:51,4875.0,800,144200
20231227,10:23:00,4875.0,100,144200
20231227,10:23:15,4875.0,100,144200
20231227,10:23:42,4876.0,150,144200
20231227,10:23:55,4876.0,300,142950
20231227,10:24:05,4876.0,150,142950
20231227,10:27:30,4876.0,50,142500
20231227,10:28:06,4874.7,50,142500
20231227,10:28:15,4876.55,100,142500
20231227,10:29:38,4885.65,50,142500
20231227,10:29:56,4892.15,150,142450
20231227,10:30:53,4900.0,50,142450
20231227,10:31:43,4900.0,50,142450
20231227,10:32:11,4884.0,50,142450
20231227,10:32:37,4883.8,200,142450
20231227,10:32:53,4883.8,50,142450
20231227,10:39:35,4869.0,100,142450
20231227,10:41:36,4866.4,50,142450
20231227,10:43:56,4858.55,50,142550
20231227,10:45:41,4860.1,150,142550
20231227,10:47:53,4869.75,100,142550
20231227,10:48:17,4869.85,50,142600
20231227,10:48:30,4874.65,100,142600
20231227,10:48:34,4874.65,50,142600
20231227,10:48:34,4875.65,50,142600
20231227,10:49:12,4870.45,50,142600
20231227,10:49:43,4874.9,150,142600
20231227,10:49:45,4866.55,50,142600
20231227,10:50:02,4875.4,50,142600
20231227,10:50:07,4875.45,50,142600
20231227,10:50:18,4875.5,100,142600
20231227,10:50:32,4875.65,150,142600
20231227,10:50:38,4875.65,50,142600
20231227,10:50:39,4876.65,100,142600
20231227,10:50:55,4876.65,50,142600
20231227,10:51:08,4876.65,100,142600
20231227,10:53:20,4876.0,100,142600
20231227,10:53:35,4872.05,100,142600
20231227,10:55:05,4866.2,50,142600
20231227,10:55:13,4876.2,100,142600
20231227,10:55:48,4869.95,50,142600
20231227,10:55:49,4869.95,50,142600
20231227,10:55:52,4870.2,50,142600
20231227,10:56:02,4870.2,50,142600
20231227,10:56:04,4871.2,50,142600
20231227,10:56:07,4871.2,50,142600
20231227,10:56:09,4871.2,50,142600
20231227,10:56:12,4870.35,50,142600
20231227,10:56:13,4870.35,50,142600
20231227,10:56:16,4870.35,50,142600
20231227,10:56:18,4870.3,50,142600
20231227,10:56:19,4870.3,50,142600
20231227,10:56:21,4870.35,50,142600
20231227,10:56:23,4870.35,50,142600
20231227,10:56:26,4870.7,50,142600
20231227,10:56:28,4870.7,50,142600
20231227,10:56:30,4870.7,50,142600
20231227,10:56:50,4867.0,50,142600
20231227,10:57:11,4875.0,100,142600
20231227,10:57:12,4875.0,100,142600
20231227,10:57:13,4875.0,50,142600
20231227,10:57:46,4890.0,1900,142600
20231227,10:58:02,4890.0,150,142600
20231227,10:58:09,4891.75,150,142600
20231227,10:58:33,4899.05,1500,142600
20231227,10:59:28,4900.0,1900,142600
20231227,10:59:32,4900.0,50,142600
20231227,10:59:33,4900.0,200,142600
20231227,10:59:41,4900.0,50,142600
20231227,10:59:54,4900.0,250,142600
20231227,10:59:55,4902.75,150,142600
20231227,10:59:58,4902.75,50,136850
20231227,10:59:59,4902.75,100,136850
20231227,11:00:20,4902.75,100,136850
20231227,11:00:29,4902.75,1050,136850
20231227,11:00:37,4902.75,250,136850
20231227,11:00:52,4902.75,750,136850
20231227,11:01:00,4902.75,100,136850
20231227,11:01:51,4895.0,150,136850
20231227,11:02:00,4900.0,650,136850
20231227,11:02:08,4900.0,50,136850
20231227,11:02:16,4900.0,150,136850
20231227,11:02:49,4900.0,200,136850
20231227,11:02:56,4905.05,1950,136850
20231227,11:03:04,4905.0,500,131650
20231227,11:03:12,4905.85,600,131650
20231227,11:03:19,4905.85,400,131650
20231227,11:03:27,4905.85,650,131650
20231227,11:03:35,4905.85,300,131650
20231227,11:03:43,4905.85,450,131650
20231227,11:03:51,4905.85,100,131650
20231227,11:03:59,4905.85,50,131650
20231227,11:04:07,4909.2,150,131650
20231227,11:04:15,4910.0,650,131650
20231227,11:04:23,4910.0,300,131650
20231227,11:04:31,4910.0,300,131650
20231227,11:05:02,4910.0,100,131650
20231227,11:05:26,4910.05,2000,131650
20231227,11:05:41,4907.9,200,131650
20231227,11:06:06,4910.0,500,125550
20231227,11:06:37,4920.0,900,125550
20231227,11:08:23,4920.0,50,125550
20231227,11:08:31,4890.0,50,125550
20231227,11:08:46,4879.35,1000,125550
20231227,11:27:18,4881.9,50,124150
20231227,11:27:25,4880.0,50,124150
20231227,11:27:40,4865.15,50,124150
20231227,11:29:31,4899.95,50,124150
20231227,11:32:05,4875.0,50,124000
20231227,11:33:13,4871.8,100,124000
20231227,11:33:54,4865.0,250,124000
20231227,11:34:26,4870.2,50,124000
20231227,11:34:49,4871.55,100,124000
20231227,11:34:58,4880.4,100,124000
20231227,11:36:28,4878.5,100,123900
20231227,11:42:08,4886.2,100,123900
20231227,11:42:16,4878.95,50,123900
20231227,11:42:24,4879.15,50,123900
20231227,11:43:34,4878.9,50,123900
20231227,11:44:05,4882.1,50,123900
20231227,11:48:04,4873.0,50,123900
20231227,11:48:12,4873.0,50,123900
20231227,11:48:21,4873.0,550,123900
20231227,11:50:10,4873.0,350,123900
20231227,11:52:44,4877.25,100,123900
20231227,11:53:36,4877.5,150,123900
20231227,11:53:44,4877.3,200,123900
20231227,11:54:07,4878.65,50,123900
20231227,11:55:28,4874.4,50,123850
20231227,11:55:42,4876.8,500,123850
20231227,11:56:23,4898.6,50,123850
20231227,11:56:29,4880.15,50,123850
20231227,11:57:32,4879.9,250,123900
20231227,11:58:40,4889.0,400,123900
20231227,11:59:25,4874.95,50,123900
20231227,12:00:08,4877.75,50,123900
20231227,12:00:55,4878.5,50,123900
20231227,12:02:39,4886.55,50,123900
20231227,12:04:54,4875.45,50,123950
20231227,12:05:51,4891.75,100,123950
20231227,12:07:32,4896.7,50,124000
20231227,12:07:41,4896.9,50,124000
20231227,12:10:31,4889.45,50,123950
20231227,12:10:44,4892.05,150,123950
20231227,12:14:48,4889.55,50,124000
20231227,12:17:43,4870.7,100,124000
20231227,12:18:19,4869.7,50,124100
20231227,12:18:37,4877.5,100,124100
20231227,12:20:18,4871.2,50,124100
20231227,12:21:25,4866.0,50,124200
20231227,12:23:11,4862.0,100,124200
20231227,12:23:21,4862.0,50,124200
20231227,12:27:25,4840.1,50,124200
20231227,12:28:44,4842.5,200,124200
20231227,12:32:36,4828.8,50,124250
20231227,12:32:45,4824.8,50,124250
20231227,12:38:35,4848.1,150,124250
20231227,12:40:20,4855.55,50,124400
20231227,12:42:41,4845.45,50,124400
20231227,12:48:23,4865.45,150,124450
20231227,12:49:13,4865.45,50,124450
20231227,12:49:37,4865.5,50,124450
20231227,12:50:46,4861.5,100,124450
20231227,12:52:51,4870.0,250,124550
20231227,12:53:07,4870.0,200,124550
20231227,12:54:18,4875.0,150,124550
20231227,12:54:30,4875.0,200,124550
20231227,12:54:58,4875.0,150,124550
20231227,12:56:36,4873.7,50,124550
20231227,12:57:25,4871.05,50,124550
20231227,12:57:50,4864.0,100,124550
20231227,12:58:30,4871.7,50,124550
20231227,13:04:58,4840.0,100,124600
20231227,13:05:07,4854.0,50,124600
20231227,13:06:07,4850.55,50,124600
20231227,13:06:25,4848.0,50,124750
20231227,13:06:42,4848.0,100,124750
20231227,13:06:51,4845.55,100,124750
20231227,13:07:01,4845.45,50,124750
20231227,13:07:10,4845.45,50,124750
20231227,13:07:16,4846.05,50,124750
20231227,13:07:22,4845.55,50,124750
20231227,13:07:40,4846.0,50,124750
20231227,13:11:23,4850.0,50,124800
20231227,13:12:00,4862.05,50,124800
20231227,13:12:54,4856.3,100,124850
20231227,13:13:03,4870.0,50,124850
20231227,13:14:42,4831.15,150,124850
20231227,13:15:46,4859.9,50,125050
20231227,13:16:02,4860.0,50,125050
20231227,13:17:18,4835.5,50,125050
20231227,13:19:02,4858.6,50,125100
20231227,13:19:48,4853.6,50,125100
20231227,13:22:15,4850.0,50,125100
20231227,13:26:03,4863.3,50,125150
20231227,13:29:42,4857.9,50,125150
20231227,13:31:46,4851.0,50,125100
20231227,13:34:37,4832.15,50,125150
20231227,13:36:50,4830.65,50,125200
20231227,13:38:14,4818.2,50,125200
20231227,13:52:33,4860.0,50,125300
20231227,13:52:41,4860.0,50,125300
20231227,13:53:13,4855.0,100,125300
20231227,13:53:45,4857.9,50,125300
20231227,13:53:47,4857.9,50,125300
20231227,13:54:40,4863.45,50,125500
20231227,13:55:47,4866.5,100,125500
20231227,13:55:53,4847.0,50,125500
20231227,13:55:54,4864.45,50,125500
20231227,13:57:04,4855.0,50,125500
20231227,13:57:42,4879.6,50,125650
20231227,13:58:07,4875.0,50,125650
20231227,13:58:20,4875.0,50,125650
20231227,13:59:02,4858.5,100,125650
20231227,14:01:26,4869.05,50,125750
20231227,14:01:28,4870.0,500,125750
20231227,14:01:34,4859.7,50,125750
20231227,14:04:26,4885.0,50,125750
20231227,14:07:17,4878.6,50,125750
20231227,14:09:18,4861.9,50,125750
20231227,14:12:39,4860.5,50,125700
20231227,14:14:29,4866.75,50,125700
20231227,14:17:09,4873.15,100,125700
20231227,14:17:18,4876.25,50,125700
20231227,14:17:59,4878.95,200,125700
20231227,14:18:08,4879.2,200,125700
20231227,14:18:25,4881.15,100,125700
20231227,14:18:52,4881.55,50,125750
20231227,14:23:40,4852.6,100,125750
20231227,14:24:21,4870.0,100,125750
20231227,14:24:37,4870.0,50,125900
20231227,14:26:04,4870.0,50,125900
20231227,14:26:28,4869.0,100,125900
20231227,14:27:39,4874.1,50,125950
20231227,14:28:10,4872.05,50,125950
20231227,14:28:18,4872.4,100,125950
20231227,14:31:47,4873.05,50,126000
20231227,14:32:03,4874.0,50,126000
20231227,14:34:05,4871.0,50,126050
20231227,14:34:22,4871.0,50,126050
20231227,14:34:31,4874.0,50,126050
20231227,14:35:02,4878.1,50,126050
20231227,14:35:25,4878.2,400,126050
20231227,14:35:56,4883.95,50,126050
20231227,14:36:04,4889.6,50,126050
20231227,14:36:12,4880.0,150,126050
20231227,14:36:28,4893.3,50,126050
20231227,14:37:15,4900.0,50,126150
20231227,14:37:24,4889.75,450,126150
20231227,14:37:33,4891.35,150,126150
20231227,14:39:40,4900.0,50,126250
20231227,14:39:59,4900.0,550,126250
20231227,14:40:08,4896.8,150,126250
20231227,14:40:17,4901.8,550,126250
20231227,14:40:56,4912.55,150,126250
20231227,14:41:58,4910.0,50,126250
20231227,14:42:33,4905.75,150,126400
20231227,14:42:59,4910.0,50,126400
20231227,14:43:19,4910.8,50,126400
20231227,14:43:28,4911.1,50,126400
20231227,14:43:37,4910.55,50,126400
20231227,14:44:29,4910.4,50,126400
20231227,14:49:04,4920.0,50,126400
20231227,14:51:21,4929.0,50,126400
20231227,14:51:38,4929.0,50,126450
20231227,14:57:36,4900.95,50,126400
20231227,14:57:44,4900.0,50,126400
20231227,15:00:28,4910.4,50,126400
20231227,15:03:57,4979.35,50,126450
20231227,15:05:40,4979.35,50,126450
20231227,15:05:44,4970.7,50,126450
20231227,15:06:55,4989.0,50,126450
20231227,15:10:29,4990.3,200,126400
20231227,15:12:45,4997.45,50,126400
20231227,15:13:15,4997.45,50,126400
20231227,15:14:16,4973.3,50,126400
20231227,15:19:52,4980.0,50,126400
20231227,15:20:10,4980.0,50,126400
20231227,15:22:21,4988.3,50,126500
20231227,15:22:37,4990.0,150,126500
20231227,15:27:15,4990.0,50,126500
20231227,15:27:33,4977.6,50,126500
20231227,15:28:02,4990.0,50,126500
20231227,15:29:19,4980.0,50,126500
20231228,09:20:08,5035.0,1,126450
20231228,09:20:08,5035.0,50,126450
20231228,09:38:13,5035.0,50,126500
20231228,09:42:53,5050.5,200,126550
20231228,09:45:08,5050.5,100,126750
20231228,09:46:30,5050.0,100,126750
20231228,09:46:48,5055.0,50,126750
20231228,09:57:11,5060.0,50,127000
20231228,09:58:05,5060.0,50,127000
20231228,09:59:43,5060.0,100,127000
20231228,10:00:55,5060.5,50,127200
20231228,10:02:07,5060.5,50,127200
20231228,10:06:17,5020.0,50,127300
20231228,10:10:26,5020.0,100,127350
20231228,10:12:37,5000.0,200,127450
20231228,10:15:24,5000.0,100,127600
20231228,10:16:48,5000.0,50,127600
20231228,10:18:04,5010.0,50,127600
20231228,10:18:14,5015.0,50,127750
20231228,10:18:24,5020.0,50,127750
20231228,10:18:43,5025.0,50,127750
20231228,10:22:15,5015.0,50,127900
20231228,10:25:20,5029.05,150,127900
20231228,10:28:46,5030.0,50,127900
20231228,10:52:32,5030.0,50,127950
20231228,10:55:24,5024.8,50,128000
20231228,11:02:08,5020.0,50,127950
20231228,11:07:00,5020.0,150,127950
20231228,11:08:36,5030.0,300,127950
20231228,11:08:58,5039.75,100,127950
20231228,11:09:09,5060.5,150,127950
20231228,11:16:36,5050.0,150,128550
20231228,11:19:20,5034.85,50,128700
20231228,11:20:20,5038.0,50,128700
20231228,11:24:29,5038.55,50,128700
20231228,11:25:41,5035.0,200,128700
20231228,11:25:53,5035.0,50,128700
20231228,11:26:07,5050.0,50,128700
20231228,11:26:10,5050.0,50,128700
20231228,11:26:12,5040.0,50,128700
20231228,11:26:23,5040.0,150,128700
20231228,11:26:26,5035.0,50,128700
20231228,11:26:32,5050.0,50,128700
20231228,11:26:45,5035.0,250,128700
20231228,11:27:08,5050.0,50,128700
20231228,11:27:57,5050.0,100,129650
20231228,11:28:05,5040.0,150,129650
20231228,11:31:14,5047.4,50,129900
20231228,11:31:22,5046.5,50,129900
20231228,11:33:32,5051.15,150,129900
20231228,11:33:33,5051.0,50,129900
20231228,11:33:49,5050.7,50,129900
20231228,11:37:56,5052.8,100,129900
20231228,11:38:13,5053.4,50,129900
20231228,11:38:34,5053.4,150,129900
20231228,11:38:35,5053.4,50,129900
20231228,11:38:39,5058.4,50,129900
20231228,11:42:52,5045.0,250,129900
20231228,11:43:21,5049.95,50,129900
20231228,11:43:25,5039.95,300,129900
20231228,11:43:52,5040.0,250,129900
20231228,11:44:21,5040.0,250,129900
20231228,11:47:21,5051.75,50,131000
20231228,11:54:44,5038.85,100,131000
20231228,11:55:58,5033.55,100,131000
20231228,11:55:59,5033.35,50,131000
20231228,11:59:43,5043.15,50,131000
20231228,12:00:46,5042.95,50,131000
20231228,12:00:48,5038.0,50,131000
20231228,12:00:50,5037.7,100,131000
20231228,12:00:52,5037.7,50,131000
20231228,12:00:57,5037.75,50,131000
20231228,12:00:58,5037.6,50,131000
20231228,12:01:00,5037.5,100,131000
20231228,12:01:14,5043.6,250,131000
20231228,12:01:23,5034.6,550,131000
20231228,12:03:03,5053.75,50,131000
20231228,12:03:20,5044.55,200,131000
20231228,12:03:29,5045.55,250,130900
20231228,12:10:18,5057.55,50,130900
20231228,12:11:54,5050.0,50,130900
20231228,12:12:10,5050.0,50,130900
20231228,12:12:17,5050.0,50,130900
20231228,12:12:18,5050.0,50,130900
20231228,12:14:19,5040.0,50,131100
20231228,12:15:09,5039.95,100,131100
20231228,12:15:10,5040.0,200,131100
20231228,12:16:25,5048.0,150,131450
20231228,12:16:34,5048.0,50,131450
20231228,12:18:49,5051.25,100,131650
20231228,12:19:42,5043.05,100,131650
20231228,12:19:49,5048.0,100,131650
20231228,12:19:58,5048.0,100,131650
20231228,12:20:22,5040.0,100,131650
20231228,12:20:39,5053.75,200,131650
20231228,12:20:56,5051.9,150,131650
20231228,12:21:12,5051.85,50,131650
20231228,12:21:20,5044.6,150,131650
20231228,12:21:28,5046.95,100,132200
20231228,12:21:48,5040.5,100,132200
20231228,12:22:12,5041.05,100,132200
20231228,12:22:21,5050.0,150,132200
20231228,12:22:40,5056.1,50,132200
20231228,12:26:32,5052.1,100,132550
20231228,12:27:07,5050.5,100,132550
20231228,12:27:15,5050.35,50,132550
20231228,12:27:51,5057.5,50,132800
20231228,12:27:55,5057.75,50,132800
20231228,12:27:58,5059.0,50,132800
20231228,12:28:00,5058.95,150,132800
20231228,12:28:02,5059.0,50,132800
20231228,12:28:20,5055.8,50,132800
20231228,12:28:40,5070.0,50,132800
20231228,12:32:30,5070.0,50,133100
20231228,12:32:39,5075.0,100,133100
20231228,12:34:31,5075.0,50,133250
20231228,12:34:39,5072.0,100,133250
20231228,12:35:37,5060.0,50,133250
20231228,12:36:03,5050.55,100,133250
20231228,12:36:29,5054.6,50,133450
20231228,12:37:19,5069.95,50,133450
20231228,12:37:29,5070.0,100,133450
20231228,12:37:30,5072.0,200,133450
20231228,12:37:37,5075.0,150,133450
20231228,12:37:39,5082.3,100,133450
20231228,12:37:56,5092.85,200,133450
20231228,12:44:04,5092.85,50,134100
20231228,12:46:41,5062.8,50,134100
20231228,12:47:41,5068.45,100,134100
20231228,12:48:35,5060.8,100,134150
20231228,12:48:52,5060.0,200,134150
20231228,12:49:00,5079.8,50,134150
20231228,12:49:18,5060.0,100,134150
20231228,12:50:08,5055.7,100,134150
20231228,12:50:25,5060.0,100,134150
20231228,12:51:07,5040.0,100,134150
20231228,12:53:40,5040.0,100,134900
20231228,12:56:33,5070.45,150,135000
20231228,12:56:49,5060.0,250,135000
20231228,12:57:07,5060.0,100,135000
20231228,12:58:24,5060.0,50,135400
20231228,12:58:33,5060.0,50,135400
20231228,13:00:37,5032.9,100,135500
20231228,13:10:30,5060.0,150,135550
20231228,13:10:47,5060.0,100,135550
20231228,13:10:55,5060.0,100,135550
20231228,13:13:54,5070.0,50,135900
20231228,13:14:03,5079.8,100,135900
20231228,13:14:13,5071.65,50,135900
20231228,13:15:41,5075.3,50,136000
20231228,13:16:51,5071.0,250,136000
20231228,13:20:52,5060.0,100,136050
20231228,13:27:44,5030.0,100,136150
20231228,13:39:15,5030.0,100,136250
20231228,13:39:32,5030.6,100,136250
20231228,13:39:48,5032.85,50,136350
20231228,13:40:28,5033.45,50,136350
20231228,13:40:53,5035.0,100,136350
20231228,13:41:33,5036.45,50,136350
20231228,13:41:50,5033.35,50,136350
20231228,13:42:15,5033.55,50,136350
20231228,13:42:23,5030.65,50,136350
20231228,13:43:14,5050.9,50,136750
20231228,13:43:48,5054.95,150,136750
20231228,13:44:18,5030.0,50,136750
20231228,13:44:52,5054.0,250,136750
20231228,13:45:36,5054.0,50,137000
20231228,13:45:49,5064.45,100,137000
20231228,13:47:04,5030.0,100,137000
20231228,13:47:23,5030.0,100,137000
20231228,13:48:34,5070.7,150,137000
20231228,13:48:56,5030.0,100,137350
20231228,13:49:16,5040.0,100,137350
20231228,13:49:41,5050.0,50,137350
20231228,13:49:43,5050.0,50,137350
20231228,13:50:47,5040.0,50,137350
20231228,13:50:52,5040.0,50,137350
20231228,13:51:08,5040.0,100,137350
20231228,13:51:23,5040.0,100,137350
20231228,13:55:40,5040.0,50,137950
20231228,13:57:09,5038.0,50,137950
20231228,13:58:07,5030.0,100,138050
20231228,13:58:31,5030.0,100,138050
20231228,14:04:46,5050.0,100,138200
20231228,14:06:26,5050.0,100,138200
20231228,14:06:34,5050.0,100,138200
20231228,14:06:51,5052.0,100,138350
20231228,14:08:20,5049.0,50,138350
20231228,14:08:45,5049.0,100,138350
20231228,14:09:34,5049.0,50,138350
20231228,14:09:50,5055.0,100,138550
20231228,14:09:57,5049.15,50,138550
20231228,14:10:21,5055.0,100,138550
20231228,14:10:29,5058.35,250,138550
20231228,14:10:46,5056.3,250,138550
20231228,14:11:04,5074.7,50,138550
20231228,14:11:29,5050.0,100,138550
20231228,14:15:26,5030.0,50,138750
20231228,14:16:07,5040.0,50,138800
20231228,14:16:31,5040.0,100,138800
20231228,14:16:56,5040.0,100,138800
20231228,14:17:13,5040.0,50,138800
20231228,14:17:21,5040.0,50,138800
20231228,14:17:46,5045.75,150,138800
20231228,14:18:02,5045.75,50,138800
20231228,14:18:29,5040.0,100,138800
20231228,14:19:15,5040.0,200,139450
20231228,14:19:42,5030.0,50,139450
20231228,14:21:50,5050.0,100,139700
20231228,14:22:15,5070.25,100,139700
20231228,14:27:37,5059.05,100,139850
20231228,14:31:08,5066.3,200,139850
20231228,14:33:13,5066.8,150,139850
20231228,14:34:20,5066.25,200,139850
20231228,14:35:36,5060.55,100,139850
20231228,14:35:52,5068.55,100,139850
20231228,14:36:09,5062.55,200,139850
20231228,14:37:48,5059.3,50,139900
20231228,14:37:57,5040.0,50,139900
20231228,14:38:31,5040.0,100,139900
20231228,14:40:56,5023.15,150,140050
20231228,14:41:39,5021.35,150,140050
20231228,14:42:12,5024.5,50,140050
20231228,14:43:27,5023.35,50,140050
20231228,14:43:36,5011.0,50,140050
20231228,14:44:21,5021.0,100,140050
20231228,14:44:27,5020.45,50,140050
20231228,14:46:31,5015.0,200,140150
20231228,14:46:39,5015.0,100,140150
20231228,14:46:57,5015.0,50,140150
20231228,14:47:05,5010.0,100,140150
20231228,14:47:14,5010.0,50,140150
20231228,14:47:22,5005.3,50,140150
20231228,14:48:13,4998.0,150,140150
20231228,14:50:02,4993.95,50,140150
20231228,14:50:38,4987.95,50,140150
20231228,14:50:47,4982.35,100,140150
20231228,14:50:55,4976.65,50,140150
20231228,14:51:04,4976.65,50,140150
20231228,14:51:12,4977.4,50,140150
20231228,14:51:39,4974.95,50,140150
20231228,14:51:48,4974.2,350,140150
20231228,14:55:17,4974.2,50,140400
20231228,14:57:09,4980.0,50,140400
20231228,14:57:38,4999.0,600,140400
20231228,14:57:39,4999.0,100,140400
20231228,14:57:40,5000.0,50,140400
20231228,15:00:11,5000.0,100,141250
20231228,15:03:26,5000.0,50,141350
20231228,15:05:15,5005.1,50,141400
20231228,15:06:22,5002.0,250,141400
20231228,15:06:23,5002.0,50,141400
20231228,15:06:49,5002.0,150,141650
20231228,15:06:59,5004.55,150,141650
20231228,15:10:05,4999.3,50,141900
20231228,15:10:12,5002.45,50,141900
20231228,15:11:47,5010.2,50,141900
20231228,15:11:54,5010.2,50,141900
20231228,15:13:49,5011.0,50,141900
20231228,15:14:06,5008.2,150,141900
20231228,15:14:46,5000.0,50,141900
20231228,15:17:38,5009.65,250,141800
20231228,15:21:05,5010.0,100,141850
20231228,15:21:37,5010.0,100,141850
20231228,15:21:39,5010.0,50,141850
20231228,15:25:40,5010.8,150,142100
20231229,09:20:05,4950.95,1,142150
20231229,09:20:05,4950.95,50,142150
20231229,10:08:46,4970.0,100,142200
20231229,12:16:52,5020.0,50,142200
20231229,13:16:09,5020.6,100,142200
20231229,13:16:47,5020.9,100,142200
20231229,13:17:43,5022.2,50,142200
20231229,13:18:29,5026.3,50,142200
20231229,13:21:20,5026.3,100,142200
20231229,13:21:28,5015.9,100,142200
20231229,13:21:55,5017.55,100,142200
20231229,13:22:48,5011.4,100,142200
20231229,13:23:04,5010.35,100,142200
20231229,13:23:19,5013.05,100,142200
20231229,13:23:27,5016.0,50,142200
20231229,13:29:17,5000.35,50,142200
20231229,13:29:59,4994.7,50,142200
20231229,14:24:45,4950.0,50,142200
20231229,14:30:11,4944.0,50,142150
20231229,14:31:42,4944.0,100,142150
20231229,15:01:37,5020.0,50,142300
20231229,15:24:00,4985.0,350,142350
20231229,15:24:13,4985.0,50,142350
20231229,15:24:40,4993.9,50,142350
20240101,10:44:43,4969.0,1,141900
20240101,10:44:43,4969.0,50,141900
20240101,12:15:19,5000.0,50,141950
20240101,12:17:50,5004.0,50,141950
20240101,12:20:54,5004.0,50,141900
20240101,14:40:27,5084.95,50,141850
20240101,14:40:33,5085.8,50,141850
20240101,14:47:14,5120.0,50,141850
20240101,14:48:14,5123.35,50,141900
20240101,14:50:08,5146.45,50,141900
20240101,14:52:39,5146.45,100,141800
20240101,15:11:32,5025.0,50,141800
20240101,15:13:37,5000.0,50,141800
20240101,15:14:55,4998.1,50,141800
20240101,15:24:19,4961.55,50,141850
20240102,10:04:55,4900.0,1,141750
20240102,10:04:55,4900.0,50,141750
20240102,10:12:58,4900.0,50,141700
20240102,10:27:40,4869.0,50,141700
20240102,10:30:15,4860.0,50,141750
20240102,10:30:26,4850.0,50,141750
20240102,10:30:37,4850.0,200,141750
20240102,10:36:54,4838.6,50,141650
20240102,10:37:06,4837.1,50,141650
20240102,10:37:18,4830.05,50,141650
20240102,10:39:15,4825.75,50,141650
20240102,10:39:26,4825.75,50,141650
20240102,10:41:45,4828.95,100,141700
20240102,10:46:25,4849.6,50,141750
20240102,10:58:05,4863.2,50,141700
20240102,11:08:10,4858.05,50,141700
20240102,11:21:27,4854.8,50,141700
20240102,11:41:42,4850.0,50,141700
20240102,12:10:51,4840.55,1050,141700
20240102,12:13:23,4866.5,100,141500
20240102,12:14:05,4863.1,50,141500
20240102,12:24:47,4879.0,50,141500
20240102,13:03:36,4870.0,50,141550
20240102,13:13:52,4859.0,50,141600
20240102,13:27:55,4872.05,150,141650
20240102,13:28:28,4866.95,100,141650
20240102,14:10:04,4901.35,50,141750
20240102,14:30:29,4920.3,50,141800
20240102,14:56:37,4923.0,50,141850
20240102,15:28:45,4923.0,50,141850
20240103,09:32:22,4855.0,1,141550
20240103,09:32:22,4855.0,50,141550
20240103,09:55:45,4815.0,50,141550
20240103,10:00:55,4810.0,50,141500
20240103,10:05:34,4806.9,50,141450
20240103,10:10:46,4806.9,100,141450
20240103,10:51:19,4794.9,500,141550
20240103,10:53:36,4792.8,50,141550
20240103,11:39:36,4792.8,50,141550
20240103,11:40:39,4823.4,250,141550
20240103,11:42:13,4821.05,50,141550
20240103,11:43:01,4824.45,50,141550
20240103,11:44:08,4825.5,100,141550
20240103,11:45:30,4830.05,100,141550
20240103,12:29:19,4760.95,50,141550
20240103,12:34:01,4760.95,50,141600
20240103,12:54:33,4799.0,50,141600
20240103,14:30:44,4795.35,100,141650
20240103,14:50:39,4781.6,50,141650
20240103,14:52:54,4789.45,50,141650
20240103,14:54:38,4799.1,50,141650
20240103,15:05:08,4771.9,50,141650
20240103,15:05:16,4771.9,50,141650
20240103,15:11:38,4750.0,50,141550
20240104,10:05:04,4849.0,1,141450
20240104,10:05:04,4849.0,100,141450
20240104,10:10:11,4859.6,50,141550
20240104,10:19:11,4889.1,50,141550
20240104,10:50:55,4889.1,50,141550
20240104,11:09:18,4892.0,150,141550
20240104,11:27:37,4903.25,50,141550
20240104,11:28:13,4903.25,50,141550
20240104,11:28:40,4916.6,100,141550
20240104,11:28:50,4916.6,650,141550
20240104,11:44:25,4915.3,200,141800
20240104,11:44:34,4914.9,100,141800
20240104,11:50:51,4910.0,50,141850
20240104,11:52:50,4900.05,50,141850
20240104,11:56:22,4909.45,50,141800
20240104,12:08:02,4920.05,100,141800
20240104,12:09:19,4920.05,50,141800
20240104,12:17:00,4898.85,200,141800
20240104,12:17:08,4919.25,50,141800
20240104,12:19:53,4918.55,100,141600
20240104,12:32:56,4930.5,200,141600
20240104,12:33:06,4930.5,100,141600
20240104,12:33:42,4930.5,50,141600
20240104,12:33:50,4930.3,50,141600
20240104,12:33:59,4928.2,200,141600
20240104,12:34:07,4928.2,650,141600
20240104,12:34:15,4926.55,50,141600
20240104,12:34:40,4926.55,300,141600
20240104,12:34:58,4925.65,50,141600
20240104,12:38:49,4924.95,50,141800
20240104,12:39:07,4924.95,100,141800
20240104,13:38:14,4932.1,50,141800
20240104,13:52:25,4942.8,50,141800
20240104,13:53:08,4942.8,300,141800
20240104,13:53:18,4942.5,200,141800
20240104,13:54:44,4939.05,150,142000
20240104,14:24:46,4918.25,50,142000
20240104,15:25:12,4942.55,50,142000
20240104,15:26:25,4942.5,50,142000
20240104,15:28:17,4928.8,50,142000
20240105,10:35:31,4929.5,1,141950
20240105,10:35:31,4929.5,50,141950
20240105,10:39:19,4960.55,50,141950
20240105,10:46:14,4960.55,50,141900
20240105,12:01:16,4901.8,50,141850
20240105,14:03:21,4891.85,100,141850
20240105,14:03:40,4887.15,50,141850
20240105,14:05:34,4883.35,100,141850
20240105,14:09:15,4883.35,50,141850
20240105,14:13:21,4875.0,350,141850
20240105,15:28:34,4875.0,50,142200
20240108,10:56:49,4877.65,1,142150
20240108,10:56:49,4877.65,50,142150
20240108,11:48:21,4850.05,50,142150
20240108,11:51:31,4850.05,50,142100
20240108,13:04:09,4800.0,50,142050
20240108,13:06:11,4800.0,50,142050
20240108,13:07:28,4800.0,50,142050
20240108,13:08:33,4795.0,50,142050
20240108,14:18:12,4795.0,50,142000
20240108,14:18:38,4840.0,50,142000
20240108,14:31:50,4790.0,50,141950
20240108,14:35:57,4770.0,50,141900
20240108,15:18:26,4740.0,50,141850
20240109,10:52:04,4890.15,1,141800
20240109,10:52:04,4890.15,50,141800
20240109,11:26:09,4935.0,200,141800
20240109,11:26:55,4935.15,50,141800
20240109,12:17:48,4950.0,50,141550
20240109,12:31:25,4951.0,50,141500
20240109,14:21:51,4951.0,50,141450
20240109,14:36:46,4830.0,50,141400
20240109,14:40:34,4827.2,50,141400
20240109,14:41:20,4812.0,50,141400
20240109,14:42:40,4800.0,50,141300
20240109,14:42:53,4800.0,50,141300
20240109,14:52:39,4821.25,50,141250
20240109,15:07:25,4800.0,50,141200
20240109,15:12:54,4775.0,50,141150
20240109,15:28:56,4775.0,50,141100
20240110,09:32:17,4755.0,1,141050
20240110,09:32:17,4755.0,50,141050
20240110,09:40:58,4758.25,50,141050
20240110,10:03:57,4759.35,50,141000
20240110,10:38:47,4759.35,50,140950
20240110,11:42:29,4750.0,50,141000
20240110,11:47:30,4771.0,50,141000
20240110,12:08:33,4771.0,50,141000
20240110,12:13:30,4760.0,50,140950
20240110,12:36:24,4760.0,50,140900
20240110,12:56:04,4747.0,50,140850
20240110,14:44:09,4747.0,50,140800
20240110,15:07:16,4875.0,100,140750
20240110,15:09:51,4875.0,50,140650
20240110,15:10:02,4880.05,150,140650
20240111,09:36:26,4850.8,1,140450
20240111,09:36:26,4850.8,50,140450
20240111,09:57:30,4900.0,50,140500
20240111,10:00:41,4900.0,50,140450
20240111,10:49:08,4843.75,50,140400
20240111,14:44:20,4843.75,50,140400
20240111,15:26:05,4855.0,50,140400
20240111,15:28:56,4817.65,50,140350
20240112,11:26:06,5010.3,1,140350
20240112,11:26:06,5010.3,50,140350
20240112,11:58:50,5064.95,50,140400
20240112,12:06:50,5064.95,200,140350
20240112,12:26:21,5027.3,50,140350
20240112,12:57:47,5092.0,50,140400
20240112,13:04:04,5092.0,50,140350
20240112,13:05:59,5084.25,50,140350
20240112,13:06:49,5085.0,50,140300
20240112,13:11:47,5084.95,50,140200
20240112,13:12:14,5084.85,50,140150
20240112,13:28:19,5098.0,50,140100
20240112,13:29:24,5098.0,50,140100
20240112,13:35:06,5097.5,50,140050
20240112,15:27:16,5170.5,50,140000
20240112,15:28:01,5170.5,50,139950
20240112,15:29:00,5168.4,50,139950
20240115,09:19:02,5250.0,1,139900
20240115,09:19:02,5250.0,50,139900
20240115,09:23:50,5270.0,50,139850
20240115,09:24:50,5270.05,50,139850
20240115,09:25:08,5270.05,50,139850
20240115,09:55:41,5270.05,50,139750
20240115,10:03:14,5200.0,50,139700
20240115,10:19:20,5200.0,50,139650
20240115,10:43:18,5207.05,50,139700
20240115,11:32:33,5250.0,100,139750
20240115,11:37:52,5240.0,50,139650
20240115,11:57:27,5250.0,50,139600
20240115,12:00:01,5265.1,50,139550
20240115,12:00:55,5264.0,50,139550
20240115,12:02:40,5263.9,50,139550
20240115,12:02:48,5237.75,100,139550
20240115,12:03:33,5244.0,200,139500
20240115,12:04:19,5239.0,200,139500
20240115,12:07:16,5239.0,200,139900
20240115,12:08:37,5243.95,200,139900
20240115,12:09:09,5243.35,100,140300
20240115,12:20:14,5278.0,50,140400
20240115,12:54:38,5278.0,50,140400
20240115,13:02:16,5271.7,100,140350
20240115,13:04:58,5271.6,50,140250
20240115,13:50:19,5256.3,50,140200
20240115,13:55:22,5274.9,50,140150
20240115,14:01:26,5275.0,50,140150
20240115,14:30:16,5265.9,50,140100
20240115,14:39:17,5269.55,50,140150
20240115,14:58:45,5330.0,50,140200
20240115,15:09:24,5330.0,50,140150
20240115,15:29:24,5329.3,50,140100
20240115,15:29:34,5327.9,50,140100
20240115,15:29:58,5326.85,100,140100
20240116,09:33:08,5290.0,1,140100
20240116,09:33:08,5290.0,50,140100
20240116,09:33:28,5250.0,100,140100
20240116,09:33:48,5250.0,50,140100
20240116,09:36:20,5250.0,50,139900
20240116,09:56:10,5290.0,200,139850
20240116,09:57:14,5290.0,50,139650
20240116,09:57:43,5284.0,200,139650
20240116,10:01:24,5269.0,50,139400
20240116,10:09:59,5290.0,50,139350
20240116,10:20:48,5294.2,50,139300
20240116,10:25:11,5294.2,50,139250
20240116,10:28:44,5269.0,50,139200
20240116,10:31:22,5288.5,50,139200
20240116,10:35:34,5299.3,50,139150
20240116,11:46:28,5299.3,50,139100
20240116,11:47:03,5274.15,100,139100
20240116,11:47:13,5274.15,100,139100
20240116,11:49:25,5275.0,50,138850
20240116,12:04:06,5279.15,100,138850
20240116,12:05:57,5279.15,50,138850
20240116,12:06:21,5290.0,50,138700
20240116,12:08:44,5279.15,100,138700
20240116,13:36:49,5160.0,50,138550
20240116,13:38:01,5160.0,50,138550
20240117,10:07:53,5085.9,1,138450
20240117,10:07:53,5085.9,50,138450
20240117,10:08:21,5018.5,50,138450
20240117,10:17:57,4994.5,50,138450
20240117,10:35:27,4994.5,50,138500
20240117,10:47:08,4952.0,50,138450
20240117,10:59:34,4952.0,50,138500
20240117,11:13:01,4966.25,50,138550
20240117,11:50:03,4916.0,50,138600
20240117,12:04:52,4871.55,50,138550
20240117,12:05:01,4862.2,100,138550
20240117,12:05:11,4862.2,100,138550
20240117,12:05:20,4866.35,100,138550
20240117,12:05:30,4862.25,100,138550
20240117,12:05:40,4862.25,100,138550
20240117,13:33:12,4863.05,50,139100
20240117,13:38:02,4873.9,100,139150
20240117,13:38:25,4840.0,50,139150
20240117,14:25:57,4840.0,50,139100
20240117,14:33:57,4845.0,50,139050
20240117,14:42:57,4824.55,50,139000
20240117,14:51:58,4814.55,50,138950
20240117,14:57:03,4814.55,50,138900
20240117,15:06:20,4800.0,200,138850
20240117,15:08:17,4799.95,50,138850
20240117,15:08:56,4790.0,50,138850
20240117,15:23:28,4790.0,50,138850
20240118,09:36:06,4620.0,1,138850
20240118,09:36:06,4620.0,100,138850
20240118,09:45:45,4620.0,50,138850
20240118,10:07:48,4600.0,50,138900
20240118,10:10:43,4600.0,50,138850
20240118,10:19:28,4700.75,50,138800
20240118,10:20:48,4620.0,50,138850
20240118,10:31:28,4644.35,50,138900
20240118,10:39:03,4673.2,50,138950
20240118,11:02:01,4682.75,50,138900
20240118,11:08:26,4772.45,50,138850
20240118,12:06:02,4772.45,50,138800
20240118,12:58:47,4687.0,250,138850
20240118,14:56:20,4700.0,50,138850
20240118,14:58:45,4713.65,100,138900
20240118,15:00:15,4695.55,150,138900
20240118,15:00:26,4695.55,50,138900
20240118,15:05:00,4695.55,100,138900
20240118,15:05:10,4695.55,50,138900
20240119,11:09:27,4755.7,1,138900
20240119,11:09:27,4755.7,50,138900
20240119,14:26:07,4842.0,50,138950
20240120,09:33:12,4850.95,1,139000
20240120,09:33:12,4850.95,50,139000
20240120,10:28:20,4863.2,50,139050
20240120,11:19:30,4877.0,50,139100
20240120,12:35:02,4877.0,50,139100
20240120,13:01:04,4872.0,100,139050
20240120,13:08:01,4865.0,100,138950
20240120,13:11:38,4864.75,50,138850
20240120,14:18:00,4840.0,50,138800
20240120,14:46:10,4820.0,50,138750
20240120,14:48:26,4819.0,200,138750
20240120,14:49:23,4835.65,50,138700
20240120,14:49:41,4835.65,150,138700
20240120,14:51:39,4835.6,50,138700
20240123,10:27:33,4800.05,100,138700
20240123,10:38:51,4800.0,200,138700
20240123,10:50:18,4740.0,50,138500
20240123,10:53:01,4741.85,200,138450
20240123,10:53:41,4741.85,50,138450
20240123,11:01:39,4760.0,50,138500
20240123,11:03:40,4720.0,300,138450
20240123,11:04:07,4721.0,50,138450
20240123,11:33:18,4710.0,50,138750
20240123,11:40:55,4700.0,100,138750
20240123,11:48:03,4650.0,50,138650
20240123,12:04:18,4574.15,200,138650
20240123,12:20:13,4595.0,150,138800
20240123,12:58:42,4581.0,50,138950
20240123,13:10:48,4550.0,50,138900
20240123,13:44:42,4560.5,50,138900
