date,time,tick_price,volume,open_interest
20240131,11:06:14,3.05,200,200
20240131,11:31:30,3.05,200,200
20240131,12:01:29,3.05,150,400
20240131,13:00:17,3.05,1750,550
20240131,13:04:30,3.05,2200,2300
20240131,13:04:42,3.05,1850,2300
20240131,13:11:43,3.05,100,6350
20240131,13:30:46,3.05,100,6350
20240131,13:34:36,3.05,250,6350
20240131,14:00:32,2.9,100,6350
20240131,14:46:40,2.9,100,6350
20240131,14:46:46,3.05,300,6350
20240131,15:00:51,3.05,800,6350
20240131,15:01:21,2.95,150,6350
20240131,15:01:27,3.05,50,6350
20240131,15:01:33,3.05,50,6350
20240131,15:01:45,3.05,100,6350
20240131,15:01:58,3.05,50,6350
20240131,15:02:15,3.05,50,6350
20240131,15:04:00,3.05,50,7250
20240131,15:07:14,3.0,100,7300
20240131,15:11:43,3.05,150,7400
20240131,15:13:46,3.35,50,7400
20240131,15:21:43,3.35,150,7450
20240131,15:22:29,3.0,50,7450
20240131,15:26:30,3.0,500,7450
20240131,15:27:47,3.0,500,7500
20240201,09:15:07,4.0,1,7850
20240201,09:15:07,4.0,50,7850
20240201,09:15:17,3.15,100,7850
20240201,09:15:28,3.1,350,7850
20240201,09:15:50,3.1,50,7850
20240201,09:16:10,3.1,100,7850
20240201,09:16:20,3.15,800,7850
20240201,09:16:30,3.15,50,7850
20240201,09:16:40,3.3,200,7850
20240201,09:16:50,3.4,100,7850
20240201,09:17:11,3.25,100,7850
20240201,09:17:20,3.35,50,7850
20240201,09:17:40,3.45,50,8300
20240201,09:17:49,3.45,450,8300
20240201,09:17:59,3.45,550,8300
20240201,09:18:29,3.7,500,8300
20240201,09:18:49,3.45,50,8300
20240201,09:19:28,3.7,250,8300
20240201,09:19:48,3.7,100,8300
20240201,09:19:57,3.65,50,8300
20240201,09:20:17,3.75,950,8300
20240201,09:20:26,3.7,50,8300
20240201,09:20:45,3.7,150,9400
20240201,09:20:54,3.55,100,9400
20240201,09:21:03,3.6,100,9400
20240201,09:21:22,3.55,150,9400
20240201,09:21:41,3.65,50,9400
20240201,09:21:50,3.75,100,9400
20240201,09:22:20,3.55,100,9400
20240201,09:23:10,3.5,300,9400
20240201,09:23:20,3.55,250,9400
20240201,09:24:21,3.55,50,9500
20240201,09:25:57,3.55,1050,9500
20240201,09:26:24,3.6,50,9500
20240201,09:26:51,3.6,50,10300
20240201,09:27:17,3.6,50,10300
20240201,09:28:28,3.55,100,10300
20240201,09:29:04,3.4,100,10300
20240201,09:29:14,3.4,50,10300
20240201,09:29:23,3.4,50,10300
20240201,09:29:51,3.35,150,10150
20240201,09:30:09,3.3,100,10150
20240201,09:30:18,3.35,50,10150
20240201,09:30:26,3.25,50,10150
20240201,09:30:44,3.15,550,10150
20240201,09:31:28,3.15,150,10150
20240201,09:34:18,3.0,1000,10150
20240201,09:38:46,3.0,350,9000
20240201,09:38:54,3.35,100,9000
20240201,09:40:16,3.15,50,9000
20240201,09:40:33,3.2,200,9000
20240201,09:41:01,3.15,150,9000
20240201,09:41:40,3.15,100,9250
20240201,09:41:55,3.15,100,9250
20240201,09:42:25,3.0,4550,9250
20240201,09:42:32,3.0,400,9250
20240201,09:43:12,3.0,50,9250
20240201,09:44:12,3.05,50,9250
20240201,09:44:28,3.0,450,11000
20240201,09:44:51,3.05,50,11000
20240201,09:45:55,2.95,100,11000
20240201,09:46:04,2.95,50,11000
20240201,09:46:13,3.0,50,11000
20240201,09:46:38,3.0,50,11000
20240201,09:46:53,3.05,2150,11000
20240201,09:47:43,3.05,50,10900
20240201,09:47:51,3.15,50,10900
20240201,09:49:01,3.2,50,10900
20240201,09:49:46,3.25,1900,10900
20240201,09:51:17,3.25,50,10950
20240201,09:51:24,3.25,50,10950
20240201,09:52:50,3.2,1000,10950
20240201,09:53:11,3.25,50,10950
20240201,09:53:17,3.25,50,10950
20240201,09:54:07,3.25,100,11900
20240201,09:54:15,3.25,100,11900
20240201,09:55:54,3.25,50,11900
20240201,09:57:33,3.2,50,11800
20240201,09:58:33,3.2,50,11800
20240201,09:58:47,3.2,50,11800
20240201,10:00:09,3.15,100,11850
20240201,10:01:36,3.1,100,11850
20240201,10:01:56,3.1,50,11850
20240201,10:09:50,3.1,100,11850
20240201,10:12:05,3.1,50,11750
20240201,10:12:13,3.1,50,11750
20240201,10:12:21,3.1,50,11750
20240201,10:13:31,3.1,100,11750
20240201,10:13:47,3.1,50,11750
20240201,10:13:55,3.0,50,11750
20240201,10:14:23,3.2,50,11750
20240201,10:14:36,3.15,200,11550
20240201,10:14:55,3.2,2150,11550
20240201,10:15:00,3.25,2050,11550
20240201,10:15:13,3.25,600,11550
20240201,10:15:27,3.2,50,11550
20240201,10:16:00,3.25,50,11550
20240201,10:16:07,3.25,50,11550
20240201,10:16:13,3.2,50,11550
20240201,10:16:29,3.25,50,11550
20240201,10:16:44,3.25,50,11550
20240201,10:16:50,3.2,50,11550
20240201,10:17:05,3.3,3100,11550
20240201,10:17:12,3.3,1950,11550
20240201,10:20:16,3.3,50,14350
20240201,10:20:22,3.3,50,14350
20240201,10:20:52,3.3,50,14400
20240201,10:23:16,3.25,50,14400
20240201,10:23:32,3.3,50,14400
20240201,10:23:43,3.3,300,14300
20240201,10:25:50,3.25,50,14300
20240201,10:28:14,3.2,200,14300
20240201,10:29:43,3.3,50,14300
20240201,10:30:10,3.3,100,14300
20240201,10:30:34,3.2,50,14300
20240201,10:38:51,5.0,2200,14250
20240201,10:39:14,3.35,500,14250
20240201,10:39:38,3.3,50,14250
20240201,10:40:10,3.3,100,14250
20240201,10:46:04,3.2,50,15650
20240201,10:46:28,3.2,50,15650
20240201,10:49:42,3.2,100,15700
20240201,10:53:30,3.2,50,15750
20240201,10:54:09,3.3,50,15700
20240201,10:55:02,3.2,250,15700
20240201,10:55:28,3.2,100,15700
20240201,10:56:59,3.25,50,15450
20240201,10:57:08,3.25,50,15450
20240201,10:57:23,3.3,50,15450
20240201,10:57:52,3.25,100,15450
20240201,11:00:14,3.25,50,15500
20240201,11:00:49,3.25,150,15500
20240201,11:02:14,3.25,400,15500
20240201,11:02:23,3.25,100,15500
20240201,11:02:33,3.25,50,15500
20240201,11:02:43,3.3,50,15500
20240201,11:02:52,3.25,50,16000
20240201,11:03:10,3.25,1050,16000
20240201,11:03:19,3.2,200,16000
20240201,11:03:39,3.25,50,16000
20240201,11:04:09,3.25,50,16000
20240201,11:04:18,3.1,800,16000
20240201,11:04:26,3.25,50,16000
20240201,11:04:44,3.25,50,16000
20240201,11:05:35,3.4,3350,16000
20240201,11:06:07,3.4,50,18750
20240201,11:06:50,3.45,150,18750
20240201,11:06:57,3.45,100,18750
20240201,11:07:06,3.55,150,18750
20240201,11:07:36,3.45,100,18750
20240201,11:07:55,3.45,100,18750
20240201,11:08:03,3.45,50,18750
20240201,11:08:10,3.45,50,18750
20240201,11:08:49,3.4,50,18450
20240201,11:10:03,3.4,100,18450
20240201,11:10:09,3.45,100,18450
20240201,11:14:28,3.25,1850,18350
20240201,11:15:06,3.4,500,16500
20240201,11:15:11,3.3,800,16500
20240201,11:15:16,3.4,500,16500
20240201,11:15:39,3.4,50,16500
20240201,11:16:46,3.4,600,16500
20240201,11:16:55,3.4,50,16500
20240201,11:17:12,3.5,200,16500
20240201,11:17:22,3.45,200,16500
20240201,11:17:31,3.45,200,16500
20240201,11:17:48,3.55,150,15900
20240201,11:18:05,3.6,50,15900
20240201,11:18:22,3.5,50,15900
20240201,11:18:31,3.55,50,15900
20240201,11:18:57,3.55,400,15900
20240201,11:19:06,3.5,150,15900
20240201,11:19:32,3.5,50,15900
20240201,11:20:05,3.6,250,15900
20240201,11:20:22,3.6,50,15900
20240201,11:20:38,3.6,150,15900
20240201,11:21:03,3.6,1000,15500
20240201,11:21:12,3.5,350,15500
20240201,11:22:33,3.4,200,15500
20240201,11:22:48,3.35,250,15500
20240201,11:22:55,3.35,100,15500
20240201,11:23:25,3.4,200,15500
20240201,11:23:33,3.35,500,15500
20240201,11:23:41,3.35,50,15500
20240201,11:24:04,3.35,50,15550
20240201,11:24:45,3.3,100,15550
20240201,11:25:33,3.35,50,15550
20240201,11:25:42,3.3,100,15550
20240201,11:26:59,3.45,50,15550
20240201,11:35:04,3.35,50,15650
20240201,11:36:05,3.45,50,15600
20240201,11:36:55,3.2,200,15600
20240201,11:37:50,3.2,50,15600
20240201,11:38:16,3.15,50,15600
20240201,11:38:39,3.15,100,15600
20240201,11:38:54,3.1,200,15650
20240201,11:39:01,3.1,50,15650
20240201,11:40:17,3.0,200,15650
20240201,11:41:23,3.2,50,15650
20240201,11:41:37,3.2,150,15650
20240201,11:43:50,3.05,50,15650
20240201,11:45:20,3.1,100,15600
20240201,11:46:30,3.05,300,15600
20240201,11:46:37,3.05,100,15600
20240201,11:46:50,3.05,50,15600
20240201,11:47:35,3.05,50,15600
20240201,11:48:08,3.05,200,15650
20240201,11:48:55,3.05,450,15650
20240201,11:49:02,3.05,50,15650
20240201,11:49:53,3.05,850,15650
20240201,11:50:01,2.95,500,15650
20240201,11:50:32,2.95,50,15650
20240201,11:50:49,2.9,50,15650
20240201,11:50:57,2.85,50,16350
20240201,11:51:05,2.85,200,16350
20240201,11:51:21,2.9,100,16350
20240201,11:51:29,2.9,1550,16350
20240201,11:51:38,2.9,1150,16350
20240201,11:52:46,2.85,50,16350
20240201,11:53:03,2.85,1850,16350
20240201,11:55:08,2.8,100,19100
20240201,11:56:32,2.75,100,19100
20240201,11:58:12,2.7,150,19100
20240201,11:58:35,2.6,350,19100
20240201,11:58:43,2.6,250,19100
20240201,11:58:51,2.75,100,19100
20240201,12:00:47,2.6,150,19400
20240201,12:00:55,2.6,200,19400
20240201,12:01:03,2.6,100,19400
20240201,12:01:18,2.5,1000,19400
20240201,12:01:57,2.5,1550,19400
20240201,12:02:13,2.45,1100,19400
20240201,12:02:21,2.5,50,19400
20240201,12:02:28,2.5,400,19400
20240201,12:02:36,2.5,300,19400
20240201,12:02:44,2.5,150,19400
20240201,12:02:54,2.5,500,22800
20240201,12:03:35,2.5,1750,22800
20240201,12:03:45,2.45,400,22800
20240201,12:03:55,2.45,100,22800
20240201,12:04:05,2.35,450,22800
20240201,12:04:15,2.3,350,22800
20240201,12:04:25,2.35,100,22800
20240201,12:05:12,2.3,550,22800
20240201,12:05:40,2.2,100,22800
20240201,12:05:49,2.25,50,22800
20240201,12:05:59,2.3,1350,23500
20240201,12:06:08,2.25,600,23500
20240201,12:06:17,2.25,250,23500
20240201,12:06:54,2.25,100,23500
20240201,12:07:03,2.25,850,23500
20240201,12:07:14,2.2,200,23500
20240201,12:07:23,2.15,450,23500
20240201,12:07:33,2.15,250,23500
20240201,12:07:42,1.95,200,23500
20240201,12:07:52,1.95,150,23500
20240201,12:08:02,1.95,2250,23500
20240201,12:08:30,2.2,3100,23500
20240201,12:09:13,2.25,100,23250
20240201,12:09:23,2.2,300,23250
20240201,12:09:31,2.25,300,23250
20240201,12:09:40,2.2,600,23250
20240201,12:09:49,2.2,1000,23250
20240201,12:09:57,2.3,2350,23250
20240201,12:10:06,2.2,1000,23250
20240201,12:10:15,2.25,500,23250
20240201,12:10:33,2.35,5150,23250
20240201,12:11:00,2.3,500,23250
20240201,12:11:19,2.35,1200,23250
20240201,12:11:38,2.3,250,23250
20240201,12:11:47,2.3,1600,23250
20240201,12:11:57,2.25,50,29950
20240201,12:12:06,2.25,1800,29950
20240201,12:12:15,2.2,50,29950
20240201,12:12:34,2.25,250,29950
20240201,12:12:53,2.2,350,29950
20240201,12:13:03,2.2,750,29950
20240201,12:13:22,2.25,350,29950
20240201,12:13:32,2.15,2650,29950
20240201,12:13:42,2.2,100,29950
20240201,12:13:52,2.25,150,29950
20240201,12:14:40,2.2,550,29950
20240201,12:14:49,2.2,100,29950
20240201,12:15:08,2.2,50,31100
20240201,12:15:43,2.25,4100,31100
20240201,12:16:48,2.25,100,31100
20240201,12:16:58,2.25,50,31100
20240201,12:17:25,2.25,1900,31100
20240201,12:17:44,2.3,50,31100
20240201,12:18:01,2.25,500,31100
20240201,12:18:09,2.3,1250,33500
20240201,12:18:27,2.25,150,33500
20240201,12:18:45,2.25,1850,33500
20240201,12:19:23,2.3,250,33500
20240201,12:19:32,2.25,200,33500
20240201,12:19:41,2.25,50,33500
20240201,12:19:58,2.3,50,33500
20240201,12:20:24,2.2,1600,33500
20240201,12:22:18,2.2,150,35600
20240201,12:23:31,2.2,50,35600
20240201,12:23:57,2.2,400,35600
20240201,12:24:05,2.25,800,35450
20240201,12:24:31,2.2,1450,35450
20240201,12:25:13,2.15,300,35450
20240201,12:25:21,2.15,100,35450
20240201,12:25:29,2.1,100,35450
20240201,12:25:38,2.15,650,35450
20240201,12:25:47,2.2,100,35450
20240201,12:25:55,2.15,500,35450
20240201,12:26:04,2.15,50,35450
20240201,12:26:20,2.1,50,35450
20240201,12:26:28,2.1,50,35450
20240201,12:26:46,2.1,150,35450
20240201,12:26:55,2.1,200,35450
20240201,12:27:14,2.1,150,36500
20240201,12:28:09,2.15,50,36500
20240201,12:28:42,2.15,50,36500
20240201,12:28:59,2.1,450,36500
20240201,12:29:08,2.1,150,36500
20240201,12:29:16,2.1,900,36500
20240201,12:29:25,2.1,150,36500
20240201,12:29:43,2.15,50,36500
20240201,12:30:32,2.15,50,38200
20240201,12:33:16,2.15,1000,38250
20240201,12:33:26,2.15,50,38250
20240201,12:33:34,2.15,50,38250
20240201,12:34:52,2.1,3600,38250
20240201,12:35:09,2.1,50,38250
20240201,12:35:44,2.1,50,38250
20240201,12:36:53,2.15,100,42400
20240201,12:37:20,2.1,300,42400
20240201,12:37:30,2.1,2000,42400
20240201,12:37:40,2.05,8500,42400
20240201,12:37:50,2.0,3950,42400
20240201,12:38:08,2.0,1000,42400
20240201,12:38:25,2.0,10300,42400
20240201,12:38:34,2.05,17200,42400
20240201,12:38:42,2.05,50,42400
20240201,12:39:58,2.0,14400,79800
20240201,12:40:06,2.0,12650,79800
20240201,12:40:32,1.95,100,79800
20240201,12:40:40,2.0,10800,79800
20240201,12:40:57,2.05,14400,79800
20240201,12:43:41,2.0,21400,121650
20240201,12:44:51,2.05,1900,121650
20240201,12:45:37,2.05,200,142450
20240201,12:45:46,2.05,2500,142450
20240201,12:46:29,2.05,500,142450
20240201,12:47:41,1.95,5400,142450
20240201,12:48:02,2.0,500,142450
20240201,12:49:09,2.0,200,146950
20240201,12:50:20,2.05,150,146950
20240201,12:50:29,2.05,2550,146950
20240201,12:50:59,2.05,250,146950
20240201,12:51:53,2.05,250,149100
20240201,12:52:11,2.05,250,149100
20240201,12:54:02,2.05,1800,149600
20240201,12:55:01,2.05,250,149600
20240201,12:56:00,2.05,250,149600
20240201,12:56:36,2.05,300,149600
20240201,12:57:11,2.05,4500,152200
20240201,12:58:17,2.0,18350,152200
20240201,12:59:44,2.0,1750,152200
20240201,12:59:52,2.0,200,152200
20240201,13:00:01,2.0,7050,173400
20240201,13:00:09,2.0,3100,173400
20240201,13:00:18,2.0,5900,173400
20240201,13:00:35,1.95,150,173400
20240201,13:01:03,2.0,3100,173400
20240201,13:01:12,2.0,5900,173400
20240201,13:01:29,2.0,1000,173400
20240201,13:02:30,1.95,500,173400
20240201,13:05:50,1.95,100,198400
20240201,13:07:09,1.95,400,198400
20240201,13:09:37,1.9,1100,198500
20240201,13:11:23,1.85,3650,198500
20240201,13:11:40,1.85,100,198500
20240201,13:12:27,1.85,50,199600
20240201,13:14:14,1.8,250,199600
20240201,13:14:21,1.8,100,199600
20240201,13:15:57,1.8,100,199600
20240201,13:16:20,1.75,100,199600
20240201,13:16:34,1.75,200,199600
20240201,13:16:49,1.8,1150,199600
20240201,13:16:56,1.85,150,199600
20240201,13:19:10,1.85,100,200750
20240201,13:24:32,1.85,400,200750
20240201,13:25:22,1.8,100,200750
20240201,13:28:48,1.85,1000,200850
20240201,13:29:11,1.8,300,200850
20240201,13:29:19,1.8,1800,200850
20240201,13:29:40,1.8,100,200850
20240201,13:29:47,1.8,900,200850
20240201,13:30:15,1.85,1800,204800
20240201,13:33:51,1.85,250,205600
20240201,13:33:59,1.85,250,205600
20240201,13:36:16,1.85,350,205600
20240201,13:36:53,1.85,250,205600
20240201,13:38:34,1.85,350,205600
20240201,13:38:41,1.85,1550,205600
20240201,13:39:15,1.95,100,206750
20240201,13:40:00,1.95,50,206750
20240201,13:41:13,1.9,400,206750
20240201,13:41:51,1.95,150,206750
20240201,13:42:55,1.95,50,207000
20240201,13:45:52,2.0,3300,206950
20240201,13:46:32,1.9,350,206950
20240201,13:47:37,1.9,200,206950
20240201,13:48:17,1.95,1000,208550
20240201,13:48:32,1.95,100,208550
20240201,13:49:37,1.95,2050,208550
20240201,13:49:43,1.9,250,208550
20240201,13:50:04,1.9,1400,208550
20240201,13:50:25,1.9,400,208550
20240201,13:51:12,1.95,1800,211400
20240201,13:53:08,1.9,300,211400
20240201,13:53:39,1.85,1800,211400
20240201,13:54:16,1.85,5800,213500
20240201,13:54:23,1.85,100,213500
20240201,13:54:31,1.85,700,213500
20240201,13:54:52,1.8,50,213500
20240201,13:54:59,1.75,4800,213500
20240201,13:55:13,1.8,1100,213500
20240201,13:55:21,1.75,3600,213500
20240201,13:55:28,1.7,100,213500
20240201,13:56:04,1.7,250,213500
20240201,13:57:50,1.75,150,227700
20240201,13:57:58,1.7,50,227700
20240201,13:58:34,1.75,200,227700
20240201,13:59:43,1.75,400,227700
20240201,14:00:35,1.8,100,227700
20240201,14:01:36,1.85,50,227700
20240201,14:01:50,1.8,100,227700
20240201,14:01:56,1.75,1000,227700
20240201,14:02:43,1.75,1800,227700
20240201,14:03:47,1.65,1000,230450
20240201,14:03:54,1.65,50,230450
20240201,14:05:23,1.65,1000,230450
20240201,14:05:30,1.65,4000,230450
20240201,14:06:19,1.65,50,235750
20240201,14:07:17,1.7,1400,235750
20240201,14:07:39,1.7,250,235750
20240201,14:07:53,1.7,2550,235750
20240201,14:09:07,1.7,500,235750
20240201,14:09:34,1.65,14100,237450
20240201,14:09:41,1.7,400,237450
20240201,14:11:51,1.7,12250,237450
20240201,14:11:58,1.7,15800,237450
20240201,14:12:05,1.7,1500,237450
20240201,14:12:18,1.7,1500,267950
20240201,14:12:34,1.7,50,267950
20240201,14:12:43,1.7,4450,267950
20240201,14:12:51,1.75,1800,267950
20240201,14:13:00,1.7,100,267950
20240201,14:13:34,1.75,300,267950
20240201,14:14:03,1.75,1800,267950
20240201,14:14:11,1.75,600,267950
20240201,14:14:18,1.7,3500,267950
20240201,14:14:25,1.7,6000,267950
20240201,14:14:55,1.75,50,267950
20240201,14:16:13,1.65,9450,277600
20240201,14:16:47,1.7,10900,277600
20240201,14:16:53,1.6,14500,277600
20240201,14:17:00,1.7,22050,277600
20240201,14:17:08,1.7,6850,277600
20240201,14:17:15,1.7,12800,277600
20240201,14:18:01,1.7,250,277600
20240201,14:18:32,1.7,200,337700
20240201,14:18:57,1.7,250,337700
20240201,14:19:51,1.7,250,337700
20240201,14:19:57,1.75,200,337700
20240201,14:20:16,1.7,1750,337700
20240201,14:20:22,1.7,450,337700
20240201,14:20:28,1.7,2000,337700
20240201,14:20:40,1.6,3950,337700
20240201,14:20:46,1.55,13500,337700
20240201,14:20:52,1.55,10500,337700
20240201,14:20:59,1.6,16750,337700
20240201,14:21:05,1.55,15550,337700
20240201,14:21:12,1.6,12100,374600
20240201,14:21:18,1.6,15000,374600
20240201,14:21:24,1.55,12000,374600
20240201,14:21:42,1.6,10800,374600
20240201,14:21:49,1.6,8700,374600
20240201,14:21:54,1.6,200,374600
20240201,14:22:00,1.65,17800,374600
20240201,14:22:06,1.65,15000,374600
20240201,14:22:12,1.65,10500,374600
20240201,14:22:18,1.65,7500,374600
20240201,14:22:24,1.6,3000,374600
20240201,14:22:52,1.65,5500,374600
20240201,14:23:10,1.65,8900,374600
20240201,14:23:34,1.65,1000,374600
20240201,14:23:57,1.65,1500,374600
20240201,14:26:54,1.65,200,484850
20240201,14:27:06,1.65,350,484850
20240201,14:27:12,1.65,200,484300
20240201,14:27:18,1.65,50,484300
20240201,14:28:32,1.65,2700,484300
20240201,14:29:29,1.6,12500,484300
20240201,14:29:37,1.55,4500,484300
20240201,14:29:46,1.55,9800,484300
20240201,14:29:53,1.6,9100,484300
20240201,14:30:02,1.6,8250,484300
20240201,14:30:44,1.65,11350,527850
20240201,14:30:51,1.65,1500,527850
20240201,14:30:57,1.65,200,527850
20240201,14:32:35,1.65,2750,527850
20240201,14:32:59,1.65,250,527850
20240201,14:33:34,1.65,250,539250
20240201,14:33:40,1.65,250,539250
20240201,14:33:46,1.65,1700,539250
20240201,14:33:53,1.65,250,539250
20240201,14:33:59,1.65,250,539250
20240201,14:34:56,1.65,500,539250
20240201,14:35:14,1.65,250,539250
20240201,14:35:25,1.65,250,539250
20240201,14:36:06,1.7,2400,539250
20240201,14:36:20,1.7,350,541800
20240201,14:36:39,1.7,100,541800
20240201,14:37:21,1.65,800,541800
20240201,14:38:46,1.65,5000,541800
20240201,14:38:53,1.6,500,541800
20240201,14:39:37,1.45,8050,547300
20240201,14:40:00,1.6,7900,547300
20240201,14:40:38,1.45,14500,547300
20240201,14:40:51,1.45,2000,547300
20240201,14:40:58,1.4,10600,547300
20240201,14:41:28,1.4,8550,547300
20240201,14:41:35,1.55,500,547300
20240201,14:41:41,1.55,600,547300
20240201,14:41:55,1.55,1450,547300
20240201,14:42:01,1.55,200,547300
20240201,14:42:08,1.55,600,547300
20240201,14:42:21,1.55,2300,565900
20240201,14:42:27,1.45,3100,565900
20240201,14:43:04,1.55,50,565900
20240201,14:43:17,1.55,50,565900
20240201,14:43:50,1.45,1000,565900
20240201,14:44:03,1.5,50,565900
20240201,14:44:11,1.5,300,565900
20240201,14:45:10,1.5,250,565900
20240201,14:46:55,1.55,700,572000
20240201,14:47:15,1.6,300,572000
20240201,14:47:43,1.55,300,572000
20240201,14:48:18,1.55,100,571100
20240201,14:49:10,1.55,350,571100
20240201,14:49:49,1.5,50,571100
20240201,14:50:40,1.5,100,571100
20240201,14:50:56,1.55,1800,571100
20240201,14:51:45,1.55,34200,570850
20240201,14:51:52,1.55,28900,570850
20240201,14:52:06,1.55,1000,570850
20240201,14:53:05,1.55,1200,570850
20240201,14:53:18,1.55,1000,570850
20240201,14:53:31,1.5,3850,570850
20240201,14:53:37,1.5,16750,570850
20240201,14:53:44,1.5,350,570850
20240201,14:53:56,1.55,750,570850
20240201,14:54:33,1.5,10000,654200
20240201,14:54:43,1.5,9200,654200
20240201,14:54:52,1.5,100,654200
20240201,14:54:59,1.5,5200,654200
20240201,14:55:13,1.5,1500,654200
20240201,14:56:04,1.55,200,654200
20240201,14:56:30,1.55,500,654200
20240201,14:57:20,1.5,1500,679100
20240201,15:01:39,1.55,50,679100
20240201,15:01:45,1.5,650,679100
20240201,15:02:41,1.55,50,679100
20240201,15:03:20,1.5,1000,678550
20240201,15:04:46,1.55,50,678550
20240201,15:04:54,1.5,150,678550
20240201,15:05:47,1.5,1000,678550
20240201,15:06:37,1.5,1800,677450
20240201,15:06:44,1.45,1050,677450
20240201,15:07:14,1.45,200,677450
20240201,15:07:49,1.45,1800,677450
20240201,15:07:56,1.45,30600,677450
20240201,15:08:10,1.45,600,677450
20240201,15:08:47,1.45,1200,677450
20240201,15:09:32,1.45,10800,709550
20240201,15:09:38,1.45,7300,709550
20240201,15:10:13,1.45,100,709550
20240201,15:10:28,1.45,200,709550
20240201,15:12:13,1.5,900,709550
20240201,15:14:14,1.5,50,726150
20240201,15:14:51,1.45,1600,726150
20240201,15:15:04,1.4,50,726150
20240201,15:15:12,1.45,5400,726150
20240201,15:15:19,1.45,30600,741250
20240201,15:16:27,1.45,12700,741250
20240201,15:16:35,1.5,100,741250
20240201,15:16:58,1.5,50,741250
20240201,15:17:06,1.45,30600,741250
20240201,15:17:16,1.5,19600,741250
20240201,15:17:33,1.45,3900,741250
20240201,15:17:40,1.4,100,741250
20240201,15:17:47,1.45,250,741250
20240201,15:17:55,1.45,100,741250
20240201,15:18:32,1.45,100,829650
20240201,15:19:17,1.45,13500,829650
20240201,15:19:24,1.45,15150,829650
20240201,15:19:31,1.4,1600,829650
20240201,15:21:13,1.45,1350,829650
20240201,15:21:22,1.45,1500,860800
20240201,15:22:15,1.4,200,860800
20240201,15:22:32,1.45,50,860800
20240201,15:23:27,1.4,2850,860800
20240201,15:24:21,1.4,1350,860850
20240201,15:25:55,1.4,500,860850
20240201,15:26:01,1.4,50,860850
20240201,15:27:15,1.4,7750,860850
20240201,15:27:27,1.4,1800,868600
20240201,15:27:33,1.4,7750,868600
20240201,15:27:39,1.45,100,868600
20240201,15:27:45,1.45,400,868600
20240201,15:27:52,1.4,500,868600
20240201,15:28:11,1.4,500,868600
20240201,15:28:31,1.4,1200,868600
20240201,15:28:38,1.45,400,868600
20240201,15:28:45,1.45,1800,868600
20240201,15:28:52,1.4,500,868600
20240201,15:29:06,1.45,50,868600
20240201,15:29:14,1.4,950,868600
20240201,15:29:22,1.4,350,868600
20240201,15:29:36,1.4,15400,868600
20240201,15:29:44,1.35,800,868600
20240201,15:29:51,1.4,7600,868600
20240201,15:29:59,1.4,15550,868600
20240202,09:15:02,1.5,1,868600
20240202,09:15:02,1.5,100,868600
20240202,09:15:07,1.45,1300,919950
20240202,09:15:08,1.45,600,919950
20240202,09:15:09,1.45,650,919950
20240202,09:15:10,1.9,150,919950
20240202,09:15:11,1.55,250,919950
20240202,09:15:12,1.55,50,919950
20240202,09:15:14,1.55,400,919950
20240202,09:15:16,1.45,750,919950
20240202,09:15:18,1.55,300,919950
20240202,09:15:29,1.4,250,919950
20240202,09:15:31,1.4,1950,919950
20240202,09:15:32,1.45,600,919950
20240202,09:15:43,1.45,50,919950
20240202,09:15:52,1.4,100,919950
20240202,09:15:53,1.45,50,919950
20240202,09:15:54,1.45,250,919950
20240202,09:15:55,1.4,450,919950
20240202,09:15:57,1.45,1800,919950
20240202,09:16:01,1.45,2050,919950
20240202,09:16:02,1.45,2850,919950
20240202,09:16:04,1.5,50,919950
20240202,09:16:10,1.5,150,919950
20240202,09:16:12,1.5,250,919950
20240202,09:16:17,1.5,100,919950
20240202,09:16:25,1.45,50,919950
20240202,09:16:27,1.5,50,919950
20240202,09:16:31,1.5,350,919950
20240202,09:16:33,1.45,450,919950
20240202,09:16:34,1.5,500,919950
20240202,09:16:51,1.45,900,919950
20240202,09:16:52,1.45,1850,919950
20240202,09:16:54,1.45,2000,919950
20240202,09:16:57,1.45,1800,919950
20240202,09:16:58,1.45,250,919950
20240202,09:17:03,1.45,2350,919950
20240202,09:17:04,1.5,300,919950
20240202,09:17:10,1.45,100,919950
20240202,09:17:17,1.45,1500,924350
20240202,09:17:21,1.45,1800,924350
20240202,09:17:25,1.5,50,924350
20240202,09:17:27,1.45,200,924350
20240202,09:17:28,1.45,1000,924350
20240202,09:17:29,1.45,2900,924350
20240202,09:17:31,1.4,1700,924350
20240202,09:17:32,1.45,50,924350
20240202,09:17:49,1.45,100,924350
20240202,09:18:07,1.45,100,924350
20240202,09:18:08,1.45,150,924350
20240202,09:18:09,1.45,50,924350
20240202,09:18:12,1.45,6900,924350
20240202,09:18:19,1.45,100,924350
20240202,09:18:21,1.4,1800,924350
20240202,09:18:36,1.4,1200,924350
20240202,09:18:52,1.45,250,924350
20240202,09:18:58,1.4,1800,924350
20240202,09:19:07,1.4,550,924350
20240202,09:19:13,1.4,850,924350
20240202,09:19:31,1.4,50,924350
20240202,09:19:53,1.45,50,924350
20240202,09:19:56,1.4,1250,924350
20240202,09:20:09,1.4,1800,924350
20240202,09:20:17,1.4,250,924350
20240202,09:20:18,1.4,50,927300
20240202,09:20:30,1.4,400,927300
20240202,09:20:31,1.35,5850,927300
20240202,09:20:32,1.4,2800,927300
20240202,09:20:42,1.4,2900,927300
20240202,09:20:43,1.4,200,927300
20240202,09:20:45,1.4,100,927300
20240202,09:21:09,1.4,100,927300
20240202,09:21:09,1.4,500,927300
20240202,09:21:43,1.45,50,927300
20240202,09:21:48,1.4,1200,927300
20240202,09:22:00,1.4,100,927300
20240202,09:22:07,1.4,1800,927300
20240202,09:22:07,1.4,800,927300
20240202,09:22:12,1.45,1200,927300
20240202,09:22:14,1.45,50,927300
20240202,09:22:26,1.45,50,927300
20240202,09:22:50,1.45,550,927300
20240202,09:22:51,1.45,50,927300
20240202,09:22:53,1.4,100,927300
20240202,09:22:58,1.4,1800,927300
20240202,09:22:59,1.45,1800,927300
20240202,09:23:00,1.45,1800,927300
20240202,09:23:09,1.45,50,927300
20240202,09:23:18,1.45,100,934500
20240202,09:23:43,1.4,1000,934500
20240202,09:24:17,1.4,50,934500
20240202,09:24:21,1.4,100,934500
20240202,09:24:23,1.4,50,934500
20240202,09:24:47,1.4,950,934500
20240202,09:24:48,1.4,900,934500
20240202,09:24:49,1.4,850,934500
20240202,09:24:50,1.4,900,934500
20240202,09:24:51,1.4,1000,934500
20240202,09:24:53,1.4,650,934500
20240202,09:25:03,1.4,950,934500
20240202,09:25:05,1.4,950,934500
20240202,09:25:06,1.35,1050,934500
20240202,09:25:07,1.35,850,934500
20240202,09:25:08,1.35,900,934500
20240202,09:25:09,1.3,850,934500
20240202,09:25:13,1.3,1800,934500
20240202,09:25:21,1.35,250,934500
20240202,09:25:23,1.35,50,934500
20240202,09:25:24,1.35,750,934500
20240202,09:25:25,1.35,1800,934500
20240202,09:25:36,1.4,50,934500
20240202,09:25:41,1.35,1200,934500
20240202,09:25:45,1.4,1800,934500
20240202,09:25:45,1.4,6300,934500
20240202,09:25:47,1.45,250,934500
20240202,09:26:11,1.45,100,934500
20240202,09:26:30,1.45,1800,945200
20240202,09:26:33,1.45,1800,945200
20240202,09:26:34,1.45,1200,945200
20240202,09:26:39,1.45,250,945200
20240202,09:27:22,1.45,100,945200
20240202,09:27:23,1.45,900,945200
20240202,09:27:25,1.45,200,945200
20240202,09:27:30,1.45,100,945200
20240202,09:27:35,1.45,50,945200
20240202,09:27:56,1.45,1000,945200
20240202,09:27:57,1.45,1800,945200
20240202,09:28:01,1.45,500,945200
20240202,09:28:10,1.45,1000,945200
20240202,09:28:16,1.45,50,945200
20240202,09:28:22,1.45,50,945200
20240202,09:28:46,1.45,150,945200
20240202,09:28:49,1.45,400,945200
20240202,09:28:54,1.4,250,945200
20240202,09:28:57,1.45,650,945200
20240202,09:29:08,1.4,50,945200
20240202,09:29:32,1.45,150,942850
20240202,09:30:09,1.45,50,942850
20240202,09:30:11,1.45,50,942850
20240202,09:30:12,1.45,1800,942850
20240202,09:30:15,1.45,50,942850
20240202,09:30:21,1.45,400,942850
20240202,09:30:22,1.45,100,942850
20240202,09:30:26,1.45,50,942850
20240202,09:30:40,1.4,550,942850
20240202,09:30:49,1.4,600,942850
20240202,09:30:54,1.45,3750,942850
20240202,09:30:58,1.45,3350,942850
20240202,09:31:32,1.5,50,942850
20240202,09:31:33,1.45,50,942850
20240202,09:31:34,1.5,50,942850
20240202,09:31:48,1.5,50,942850
20240202,09:32:04,1.5,500,942850
20240202,09:32:17,1.5,150,944450
20240202,09:32:23,1.45,100,944450
20240202,09:32:31,1.5,1000,944450
20240202,09:32:41,1.5,150,944450
20240202,09:32:43,1.45,500,944450
20240202,09:32:55,1.5,50,944450
20240202,09:33:06,1.45,9900,944450
20240202,09:33:21,1.4,1000,944450
20240202,09:33:22,1.45,50,944450
20240202,09:33:28,1.45,50,944450
20240202,09:34:29,1.45,500,944450
20240202,09:34:32,1.45,250,944450
20240202,09:34:38,1.45,850,944450
20240202,09:34:39,1.45,1200,944450
20240202,09:34:45,1.45,150,944450
20240202,09:35:19,1.4,50,954600
20240202,09:35:27,1.4,150,954600
20240202,09:35:28,1.45,50,954600
20240202,09:35:39,1.45,150,954600
20240202,09:35:41,1.45,100,954600
20240202,09:35:41,1.45,650,954600
20240202,09:35:51,1.45,900,954600
20240202,09:35:53,1.45,300,954600
20240202,09:35:55,1.45,950,954600
20240202,09:35:56,1.45,350,954600
20240202,09:36:14,1.45,50,954600
20240202,09:37:35,1.45,50,954600
20240202,09:38:07,1.45,350,954600
20240202,09:38:08,1.45,100,954600
20240202,09:38:12,1.45,350,954600
20240202,09:38:20,1.45,50,955100
20240202,09:38:26,1.45,50,955100
20240202,09:39:05,1.45,150,955100
20240202,09:39:14,1.4,50,955100
20240202,09:39:59,1.45,1000,955100
20240202,09:40:28,1.45,400,955100
20240202,09:40:32,1.45,150,955100
20240202,09:40:40,1.45,3600,955100
20240202,09:40:45,1.4,900,955100
20240202,09:40:46,1.4,900,955100
20240202,09:40:47,1.4,700,955100
20240202,09:40:50,1.45,3600,955100
20240202,09:40:54,1.45,4400,955100
20240202,09:41:05,1.45,50,955100
20240202,09:41:09,1.45,50,955100
20240202,09:41:14,1.5,50,955100
20240202,09:41:29,1.5,100,955100
20240202,09:41:31,1.5,1800,958000
20240202,09:41:32,1.5,500,958000
20240202,09:41:32,1.5,1800,958000
20240202,09:41:39,1.5,1000,958000
20240202,09:42:06,1.5,800,958000
20240202,09:42:06,1.5,50,958000
20240202,09:42:09,1.5,50,958000
20240202,09:42:19,1.5,950,958000
20240202,09:42:27,1.5,100,958000
20240202,09:42:33,1.5,1000,958000
20240202,09:42:33,1.5,550,958000
20240202,09:42:34,1.5,1800,958000
20240202,09:42:35,1.5,1800,958000
20240202,09:42:36,1.5,3600,958000
20240202,09:42:37,1.5,11500,958000
20240202,09:42:40,1.55,1800,958000
20240202,09:42:41,1.55,1800,958000
20240202,09:42:42,1.55,5150,958000
20240202,09:42:44,1.55,2300,958000
20240202,09:42:47,1.55,500,958000
20240202,09:42:50,1.55,100,958000
20240202,09:42:51,1.6,5350,958000
20240202,09:42:53,1.6,250,958000
20240202,09:43:08,1.55,50,958000
20240202,09:43:09,1.6,1950,958000
20240202,09:43:11,1.65,9600,958000
20240202,09:43:14,1.6,50,958000
20240202,09:43:22,1.7,3300,958000
20240202,09:43:23,1.7,150,958000
20240202,09:43:24,1.7,1800,958000
20240202,09:43:27,1.65,2400,958000
20240202,09:43:28,1.7,200,958000
20240202,09:43:33,1.65,500,958000
20240202,09:43:35,1.7,50,958000
20240202,09:43:37,1.65,500,958000
20240202,09:43:38,1.65,50,958000
20240202,09:43:41,1.65,1000,958000
20240202,09:43:42,1.7,2700,958000
20240202,09:43:43,1.7,1800,958000
20240202,09:43:59,1.65,450,958000
20240202,09:44:01,1.65,1000,958000
20240202,09:44:03,1.7,150,958000
20240202,09:44:05,1.65,2500,958000
20240202,09:44:06,1.7,950,958000
20240202,09:44:07,1.65,2750,958000
20240202,09:44:09,1.65,1950,958000
20240202,09:44:21,1.65,100,958000
20240202,09:44:23,1.65,50,979600
20240202,09:44:23,1.65,1800,979600
20240202,09:44:24,1.65,900,979600
20240202,09:44:29,1.65,50,979600
20240202,09:44:35,1.65,1800,979600
20240202,09:44:38,1.7,1800,979600
20240202,09:44:50,1.65,1550,979600
20240202,09:44:59,1.7,3000,979600
20240202,09:45:00,1.7,100,979600
20240202,09:45:09,1.7,1800,979600
20240202,09:45:13,1.7,4600,979600
20240202,09:45:15,1.7,500,979600
20240202,09:45:19,1.7,1800,979600
20240202,09:45:20,1.7,1800,979600
20240202,09:45:21,1.7,1800,979600
20240202,09:45:28,1.7,100,979600
20240202,09:45:32,1.7,2150,979600
20240202,09:45:34,1.7,50,979600
20240202,09:45:36,1.65,50,979600
20240202,09:45:59,1.7,200,979600
20240202,09:46:06,1.7,650,979600
20240202,09:46:21,1.65,50,979600
20240202,09:46:34,1.7,50,979600
20240202,09:46:36,1.65,2150,979600
20240202,09:46:36,1.65,250,979600
20240202,09:46:37,1.65,550,979600
20240202,09:47:04,1.6,1250,979600
20240202,09:47:13,1.6,3250,979600
20240202,09:47:21,1.6,400,985900
20240202,09:47:26,1.6,5400,985900
20240202,09:47:48,1.6,50,985900
20240202,09:47:50,1.55,200,985900
20240202,09:47:59,1.55,3000,985900
20240202,09:48:00,1.55,250,985900
20240202,09:48:01,1.55,750,985900
20240202,09:48:04,1.6,1800,985900
20240202,09:48:27,1.6,1800,985900
20240202,09:48:43,1.6,50,985900
20240202,09:48:58,1.55,250,985900
20240202,09:49:12,1.55,250,985900
20240202,09:49:33,1.6,1800,985900
20240202,09:49:36,1.6,1800,985900
20240202,09:49:40,1.55,3600,985900
20240202,09:49:58,1.6,50,985900
20240202,09:50:07,1.6,3600,985900
20240202,09:50:08,1.65,6450,985900
20240202,09:50:13,1.6,100,985900
20240202,09:50:21,1.65,100,979450
20240202,09:50:40,1.65,50,979450
20240202,09:50:49,1.65,1000,979450
20240202,09:51:03,1.6,50,979450
20240202,09:51:22,1.65,50,979450
20240202,09:52:24,1.6,100,979450
20240202,09:52:26,1.65,5200,979450
20240202,09:52:40,1.65,2000,979450
20240202,09:52:46,1.65,4350,979450
20240202,09:52:46,1.65,1200,979450
20240202,09:52:47,1.65,100,979450
20240202,09:52:58,1.65,250,979450
20240202,09:53:06,1.65,200,979450
20240202,09:53:10,1.7,50,979450
20240202,09:53:11,1.65,1800,979450
20240202,09:53:18,1.7,100,972050
20240202,09:53:19,1.65,50,972050
20240202,09:53:27,1.65,600,972050
20240202,09:53:29,1.65,950,972050
20240202,09:53:30,1.7,7400,972050
20240202,09:53:37,1.65,200,972050
20240202,09:53:38,1.7,3200,972050
20240202,09:53:38,1.7,1900,972050
20240202,09:53:41,1.65,100,972050
20240202,09:53:43,1.65,50,972050
20240202,09:53:44,1.65,100,972050
20240202,09:53:45,1.65,200,972050
20240202,09:53:50,1.65,100,972050
20240202,09:53:51,1.65,1300,972050
20240202,09:53:52,1.65,200,972050
20240202,09:53:53,1.65,2050,972050
20240202,09:54:13,1.65,1800,972050
20240202,09:54:28,1.65,500,972050
20240202,09:54:32,1.65,50,972050
20240202,09:54:42,1.65,250,972050
20240202,09:55:14,1.6,150,972050
20240202,09:55:25,1.6,100,972050
20240202,09:55:43,1.65,1800,972050
20240202,09:56:39,1.6,50,972500
20240202,09:57:10,1.6,15450,972500
20240202,09:57:27,1.6,50,972500
20240202,09:57:35,1.55,50,972500
20240202,09:57:36,1.6,50,972500
20240202,09:57:37,1.6,50,972500
20240202,09:57:50,1.55,1800,972500
20240202,09:58:10,1.55,3750,972500
20240202,09:58:17,1.55,300,972500
20240202,09:58:50,1.55,100,972500
20240202,09:58:52,1.55,2500,972500
20240202,09:59:04,1.55,1000,972500
20240202,09:59:28,1.55,900,977650
20240202,09:59:40,1.55,250,977650
20240202,09:59:46,1.5,150,977650
20240202,09:59:50,1.5,50,977650
20240202,09:59:54,1.5,1800,977650
20240202,10:00:15,1.5,150,977650
20240202,10:00:20,1.5,250,977650
20240202,10:01:04,1.55,1800,977650
20240202,10:01:05,1.55,2050,977650
20240202,10:01:07,1.55,100,977650
20240202,10:01:58,1.6,1650,977650
20240202,10:01:59,1.6,1800,977650
20240202,10:02:08,1.55,100,977650
20240202,10:02:11,1.6,2500,977650
20240202,10:02:28,1.6,400,979550
20240202,10:02:53,1.65,6800,979550
20240202,10:02:56,1.65,2400,979550
20240202,10:03:01,1.7,500,979550
20240202,10:03:03,1.7,100,979550
20240202,10:03:05,1.7,3600,979550
20240202,10:03:11,1.65,1550,979550
20240202,10:03:17,1.65,2150,979550
20240202,10:03:24,1.6,400,979550
20240202,10:03:45,1.6,500,979550
20240202,10:03:46,1.6,3500,979550
20240202,10:03:47,1.6,1500,979550
20240202,10:03:51,1.6,1000,979550
20240202,10:03:51,1.6,1700,979550
20240202,10:03:52,1.55,2500,979550
20240202,10:03:53,1.55,2500,979550
20240202,10:03:54,1.55,2500,979550
20240202,10:03:55,1.55,6100,979550
20240202,10:03:58,1.55,1800,979550
20240202,10:03:59,1.55,1050,979550
20240202,10:04:01,1.55,1000,979550
20240202,10:04:02,1.55,6400,979550
20240202,10:04:13,1.55,50,979550
20240202,10:04:25,1.55,50,979550
20240202,10:04:28,1.55,900,979550
20240202,10:04:39,1.55,500,979550
20240202,10:04:41,1.55,100,979550
20240202,10:04:52,1.55,1800,979550
20240202,10:05:16,1.55,50,979550
20240202,10:05:37,1.5,50,1005700
20240202,10:06:00,1.55,50,1005700
20240202,10:06:45,1.55,50,1005700
20240202,10:07:05,1.5,50,1005700
20240202,10:07:40,1.55,600,1005700
20240202,10:07:42,1.5,1000,1005700
20240202,10:07:43,1.5,2000,1005700
20240202,10:07:44,1.5,2500,1005700
20240202,10:07:45,1.5,2000,1005700
20240202,10:07:46,1.5,2500,1005700
20240202,10:07:47,1.5,2000,1005700
20240202,10:07:48,1.5,3950,1005700
20240202,10:07:50,1.5,2000,1005700
20240202,10:08:07,1.5,2000,1005700
20240202,10:08:27,1.5,400,1005700
20240202,10:08:37,1.45,650,1012650
20240202,10:09:17,1.45,2000,1012650
20240202,10:09:25,1.45,50,1012650
20240202,10:09:26,1.45,150,1012650
20240202,10:09:52,1.5,1000,1012650
20240202,10:10:10,1.5,50,1012650
20240202,10:10:48,1.5,50,1012650
20240202,10:10:57,1.5,100,1012650
20240202,10:11:37,1.5,100,1012650
20240202,10:12:22,1.45,1800,1012650
20240202,10:12:25,1.45,1000,1012650
20240202,10:12:26,1.45,600,1012650
20240202,10:12:31,1.45,50,1012650
20240202,10:12:39,1.45,1800,1012650
20240202,10:12:40,1.45,1500,1012650
20240202,10:12:46,1.45,1800,1012650
20240202,10:12:50,1.45,150,1012650
20240202,10:13:11,1.5,200,1012650
20240202,10:13:24,1.45,50,1012650
20240202,10:13:54,1.5,14100,1012650
20240202,10:13:55,1.5,1800,1012650
20240202,10:14:01,1.5,50,1012650
20240202,10:14:40,1.5,100,1019600
20240202,10:14:47,1.5,5250,1019600
20240202,10:14:58,1.5,100,1019600
20240202,10:15:46,1.5,150,1019600
20240202,10:15:58,1.5,50,1019600
20240202,10:16:21,1.5,1050,1019600
20240202,10:16:30,1.5,350,1019600
20240202,10:16:41,1.45,50,1019600
20240202,10:16:46,1.5,300,1019600
20240202,10:17:04,1.5,50,1019600
20240202,10:17:05,1.5,250,1019600
20240202,10:18:22,1.45,19150,1017250
20240202,10:18:23,1.45,50,1017250
20240202,10:18:33,1.45,50,1017250
20240202,10:19:34,1.45,100,1017250
20240202,10:20:08,1.4,400,1017250
20240202,10:20:09,1.45,200,1017250
20240202,10:20:14,1.4,50,1017250
20240202,10:20:57,1.4,1800,1017250
20240202,10:21:00,1.4,150,1016850
20240202,10:21:11,1.4,4200,1016850
20240202,10:21:12,1.4,6100,1016850
20240202,10:21:33,1.4,100,1016850
20240202,10:21:38,1.4,100,1016850
20240202,10:21:42,1.4,200,1016850
20240202,10:21:45,1.4,1500,1016850
20240202,10:21:47,1.4,1500,1016850
20240202,10:21:48,1.4,250,1016850
20240202,10:21:51,1.4,1500,1016850
20240202,10:21:55,1.4,1500,1016850
20240202,10:21:57,1.4,6500,1016850
20240202,10:21:58,1.4,50,1016850
20240202,10:21:59,1.4,200,1016850
20240202,10:22:01,1.45,1050,1016850
20240202,10:22:07,1.4,1500,1016850
20240202,10:22:21,1.45,50,1016850
20240202,10:22:23,1.4,100,1016850
20240202,10:22:37,1.45,50,1016850
20240202,10:22:38,1.45,50,1016850
20240202,10:22:56,1.45,50,1016850
20240202,10:23:08,1.45,50,1016850
20240202,10:23:16,1.4,750,1016850
20240202,10:24:18,1.35,1000,1011150
20240202,10:25:01,1.35,200,1011150
20240202,10:25:18,1.4,1800,1011150
20240202,10:25:19,1.4,1800,1011150
20240202,10:25:20,1.4,1800,1011150
20240202,10:25:21,1.4,1800,1011150
20240202,10:25:26,1.4,1000,1011150
20240202,10:25:27,1.4,1800,1011150
20240202,10:25:28,1.4,50,1011150
20240202,10:25:34,1.4,1000,1011150
20240202,10:25:38,1.4,500,1011150
20240202,10:25:42,1.4,750,1011150
20240202,10:25:46,1.35,50,1011150
20240202,10:25:56,1.35,100,1011150
20240202,10:26:21,1.35,750,1011150
20240202,10:26:23,1.35,50,1015950
20240202,10:26:43,1.4,50,1015950
20240202,10:26:48,1.35,50,1015950
20240202,10:27:10,1.4,1800,1015950
20240202,10:28:51,1.35,200,1015950
20240202,10:29:19,1.4,200,1015950
20240202,10:29:33,1.35,2000,1015950
20240202,10:29:34,1.35,3500,1015900
20240202,10:29:35,1.35,2500,1015900
20240202,10:29:36,1.35,3500,1015900
20240202,10:29:37,1.35,3000,1015900
20240202,10:29:38,1.35,3950,1015900
20240202,10:29:39,1.35,550,1015900
20240202,10:29:40,1.35,50,1015900
20240202,10:29:44,1.35,1800,1015900
20240202,10:29:46,1.35,150,1015900
20240202,10:29:59,1.35,150,1015900
20240202,10:30:19,1.35,200,1015900
20240202,10:30:48,1.35,1800,1015900
20240202,10:30:58,1.3,400,1015900
20240202,10:31:12,1.35,8100,1015900
20240202,10:31:18,1.35,50,1015900
20240202,10:31:47,1.3,250,1015900
20240202,10:32:22,1.35,250,1015900
20240202,10:32:24,1.35,6350,1026150
20240202,10:32:46,1.3,600,1026150
20240202,10:33:02,1.3,600,1026150
20240202,10:33:29,1.35,1800,1026150
20240202,10:33:51,1.35,2250,1026150
20240202,10:33:53,1.35,2950,1026150
20240202,10:34:11,1.35,250,1026150
20240202,10:35:29,1.4,5100,1026400
20240202,10:35:30,1.35,4500,1026400
20240202,10:35:31,1.35,2500,1026400
20240202,10:35:32,1.35,3500,1026400
20240202,10:35:33,1.4,4300,1026400
20240202,10:35:34,1.35,2000,1026400
20240202,10:35:35,1.3,500,1026400
20240202,10:36:14,1.35,1800,1026400
20240202,10:36:25,1.3,250,1026400
20240202,10:36:27,1.35,400,1026400
20240202,10:37:18,1.35,50,1026400
20240202,10:37:54,1.3,100,1026400
20240202,10:38:39,1.35,50,1035200
20240202,10:39:27,1.3,1500,1035200
20240202,10:39:28,1.3,11150,1035200
20240202,10:39:29,1.25,500,1035200
20240202,10:39:37,1.25,150,1035200
20240202,10:39:39,1.3,1500,1035200
20240202,10:39:51,1.3,300,1035200
20240202,10:39:57,1.3,1000,1035200
20240202,10:40:06,1.25,50,1035200
20240202,10:40:08,1.3,300,1035200
20240202,10:40:12,1.25,50,1035200
20240202,10:40:19,1.3,200,1035200
20240202,10:40:33,1.3,400,1035200
20240202,10:40:35,1.3,3200,1035200
20240202,10:40:38,1.3,50,1035200
20240202,10:40:50,1.3,200,1035200
20240202,10:41:24,1.35,1500,1035950
20240202,10:41:26,1.35,100,1035950
20240202,10:41:30,1.3,200,1035950
20240202,10:42:30,1.3,100,1035950
20240202,10:42:40,1.3,1500,1035950
20240202,10:42:49,1.3,900,1035950
20240202,10:42:52,1.3,6800,1035950
20240202,10:42:56,1.3,2100,1035950
20240202,10:43:05,1.25,100,1035950
20240202,10:43:37,1.25,50,1035950
20240202,10:43:51,1.3,1000,1035950
20240202,10:44:09,1.3,1600,1035950
20240202,10:44:21,1.3,200,1035950
20240202,10:45:24,1.3,50,1029200
20240202,10:45:45,1.3,50,1029200
20240202,10:45:49,1.3,7100,1029200
20240202,10:46:02,1.3,100,1029200
20240202,10:46:11,1.35,250,1029200
20240202,10:46:12,1.3,50,1029200
20240202,10:46:17,1.3,50,1029200
20240202,10:47:30,1.3,100,1033200
20240202,10:47:40,1.3,150,1033200
20240202,10:48:15,1.3,100,1033200
20240202,10:48:33,1.3,3000,1033200
20240202,10:48:34,1.3,2500,1033200
20240202,10:48:35,1.3,1550,1033200
20240202,10:48:36,1.25,500,1033200
20240202,10:48:41,1.3,350,1033200
20240202,10:48:45,1.3,50,1033200
20240202,10:48:52,1.25,50,1033200
20240202,10:50:25,1.3,250,1035000
20240202,10:51:52,1.25,300,1035000
20240202,10:56:02,1.3,50,1034950
20240202,10:57:47,1.25,500,1035000
20240202,10:58:43,1.3,9250,1035000
20240202,10:59:45,1.35,500,1037950
20240202,11:00:26,1.35,200,1037950
20240202,11:01:27,1.3,50,1037950
20240202,11:01:40,1.3,100,1037950
20240202,11:01:42,1.35,50,1037950
20240202,11:01:46,1.35,100,1037950
20240202,11:01:51,1.3,50,1037950
20240202,11:04:55,1.3,600,1037250
20240202,11:04:57,1.3,300,1037250
20240202,11:04:58,1.3,6050,1037250
20240202,11:06:23,1.35,50,1033350
20240202,11:07:16,1.3,50,1033350
20240202,11:07:30,1.3,50,1033350
20240202,11:08:03,1.3,50,1033350
20240202,11:09:29,1.3,50,1033200
20240202,11:09:55,1.3,50,1033200
20240202,11:10:51,1.3,50,1033200
20240202,11:12:34,1.3,50,1033100
20240202,11:12:40,1.3,300,1033100
20240202,11:13:03,1.35,50,1033100
20240202,11:13:11,1.35,50,1033100
20240202,11:13:18,1.3,50,1033100
20240202,11:13:38,1.35,450,1033100
20240202,11:13:39,1.35,650,1033100
20240202,11:13:40,1.35,650,1033100
20240202,11:13:42,1.3,1650,1033100
20240202,11:13:43,1.35,300,1033100
20240202,11:13:53,1.35,400,1033100
20240202,11:13:56,1.35,100,1033100
20240202,11:13:57,1.35,100,1033100
20240202,11:13:59,1.35,500,1033100
20240202,11:14:01,1.35,500,1033100
20240202,11:14:03,1.35,900,1033100
20240202,11:14:04,1.35,250,1033100
20240202,11:14:06,1.35,1300,1033100
20240202,11:14:07,1.35,800,1033100
20240202,11:14:08,1.35,5400,1033100
20240202,11:14:35,1.35,300,1037900
20240202,11:14:40,1.35,400,1037900
20240202,11:14:43,1.35,250,1037900
20240202,11:14:48,1.4,1600,1037900
20240202,11:15:08,1.35,5400,1037900
20240202,11:15:16,1.35,350,1037900
20240202,11:16:33,1.4,50,1037900
20240202,11:17:14,1.35,50,1037900
20240202,11:17:32,1.4,700,1036150
20240202,11:17:46,1.4,150,1036150
20240202,11:17:48,1.35,50,1036150
20240202,11:18:24,1.4,200,1036150
20240202,11:18:54,1.4,100,1036150
20240202,11:19:13,1.4,5750,1036150
20240202,11:19:16,1.4,900,1036150
20240202,11:19:17,1.4,1800,1036150
20240202,11:19:19,1.4,1800,1036150
20240202,11:19:50,1.4,250,1036150
20240202,11:19:54,1.35,100,1036150
20240202,11:19:55,1.4,250,1036150
20240202,11:20:04,1.4,300,1036150
20240202,11:20:11,1.4,350,1036150
20240202,11:20:19,1.4,250,1036150
20240202,11:20:21,1.4,250,1036150
20240202,11:20:47,1.4,50,1035900
20240202,11:20:56,1.35,200,1035900
20240202,11:21:06,1.35,150,1035900
20240202,11:21:18,1.4,350,1035900
20240202,11:21:19,1.4,3550,1035900
20240202,11:21:26,1.4,900,1035900
20240202,11:21:27,1.4,3350,1035900
20240202,11:21:32,1.4,400,1035900
20240202,11:21:37,1.45,900,1035900
20240202,11:21:41,1.4,100,1035900
20240202,11:21:43,1.45,900,1035900
20240202,11:22:23,1.45,1000,1035900
20240202,11:22:35,1.4,900,1035900
20240202,11:22:43,1.4,50,1035900
20240202,11:23:21,1.45,1250,1035900
20240202,11:23:50,1.4,2050,1036300
20240202,11:23:52,1.4,3750,1036300
20240202,11:23:53,1.5,8900,1036300
20240202,11:23:54,1.45,16500,1036300
20240202,11:23:59,1.45,1750,1036300
20240202,11:24:15,1.45,10350,1036300
20240202,11:24:45,1.45,50,1036300
20240202,11:25:08,1.45,50,1036300
20240202,11:25:11,1.45,500,1036300
20240202,11:25:19,1.4,2200,1036300
20240202,11:25:37,1.45,500,1036300
20240202,11:26:00,1.45,900,1036300
20240202,11:26:06,1.45,500,1036300
20240202,11:26:22,1.45,600,1036300
20240202,11:26:24,1.45,3350,1036300
20240202,11:27:08,1.45,650,1036300
20240202,11:27:21,1.45,1350,1031950
20240202,11:27:22,1.4,1000,1031950
20240202,11:27:31,1.45,350,1031950
20240202,11:27:36,1.4,2400,1031950
20240202,11:27:49,1.4,10550,1031950
20240202,11:27:50,1.4,750,1031950
20240202,11:28:15,1.35,1800,1031950
20240202,11:28:23,1.35,850,1031950
20240202,11:28:47,1.35,1800,1031950
20240202,11:29:15,1.35,1800,1031950
20240202,11:29:17,1.35,250,1031950
20240202,11:29:20,1.35,900,1031950
20240202,11:29:29,1.35,900,1031950
20240202,11:29:59,1.35,1800,1031950
20240202,11:30:16,1.4,50,1026700
20240202,11:30:23,1.35,50,1026700
20240202,11:30:54,1.35,50,1026700
20240202,11:31:39,1.35,50,1026700
20240202,11:31:42,1.35,1200,1026700
20240202,11:31:44,1.35,1200,1026700
20240202,11:31:46,1.35,1250,1026700
20240202,11:31:51,1.35,100,1026700
20240202,11:31:59,1.35,50,1026700
20240202,11:32:07,1.35,1300,1026700
20240202,11:32:34,1.35,50,1026700
20240202,11:34:17,1.4,250,1024100
20240202,11:35:20,1.4,1000,1024100
20240202,11:35:59,1.35,1000,1022800
20240202,11:36:22,1.35,1000,1022800
20240202,11:36:24,1.4,9000,1022800
20240202,11:36:29,1.4,1200,1022800
20240202,11:36:31,1.4,1800,1022800
20240202,11:36:33,1.4,3600,1022800
20240202,11:36:33,1.4,12650,1022800
20240202,11:36:47,1.45,1650,1022800
20240202,11:36:48,1.45,1800,1022800
20240202,11:36:49,1.45,1800,1022800
20240202,11:36:51,1.45,5500,1022800
20240202,11:36:59,1.45,1800,1022800
20240202,11:37:00,1.45,14000,1022800
20240202,11:37:02,1.4,850,1022800
20240202,11:37:14,1.45,6000,1022800
20240202,11:37:20,1.45,8800,1022800
20240202,11:37:40,1.5,7400,1022800
20240202,11:37:41,1.5,4400,1022800
20240202,11:37:41,1.5,650,1022800
20240202,11:37:45,1.5,12800,1022800
20240202,11:37:46,1.5,1800,1022800
20240202,11:37:47,1.5,1700,1022800
20240202,11:37:53,1.5,250,1022800
20240202,11:37:56,1.5,1800,1022800
20240202,11:37:58,1.5,1800,1022800
20240202,11:38:00,1.5,1800,1022800
20240202,11:38:20,1.5,250,1022800
20240202,11:38:29,1.5,200,1022800
20240202,11:38:42,1.5,500,1033050
20240202,11:39:08,1.5,2950,1033050
20240202,11:39:13,1.5,150,1033050
20240202,11:39:20,1.5,250,1033050
20240202,11:39:23,1.55,1800,1033050
20240202,11:39:25,1.55,1800,1033050
20240202,11:39:26,1.55,1800,1033050
20240202,11:39:27,1.55,3600,1033050
20240202,11:39:30,1.55,3350,1033050
20240202,11:39:42,1.6,1000,1033050
20240202,11:40:18,1.55,3600,1033050
20240202,11:40:19,1.55,2650,1033050
20240202,11:40:20,1.55,6450,1033050
20240202,11:40:31,1.5,100,1033050
20240202,11:40:33,1.5,700,1033050
20240202,11:40:34,1.5,50,1033050
20240202,11:40:40,1.5,50,1033050
20240202,11:40:48,1.55,250,1033050
20240202,11:40:49,1.55,5500,1033050
20240202,11:40:50,1.55,1200,1033050
20240202,11:40:52,1.55,1800,1033050
20240202,11:41:02,1.55,1000,1033050
20240202,11:41:04,1.55,700,1033050
20240202,11:41:22,1.6,50,1033050
20240202,11:41:26,1.55,1800,1033050
20240202,11:41:30,1.55,50,1033050
20240202,11:42:06,1.6,50,1033050
20240202,11:42:07,1.6,50,1030900
20240202,11:42:10,1.6,50,1030900
20240202,11:42:21,1.55,1800,1030900
20240202,11:42:23,1.55,1800,1030900
20240202,11:42:24,1.55,1800,1030900
20240202,11:42:25,1.55,5350,1030900
20240202,11:42:38,1.55,100,1030900
20240202,11:42:42,1.5,2800,1030900
20240202,11:43:28,1.5,250,1030900
20240202,11:43:46,1.5,100,1030900
20240202,11:43:57,1.5,3300,1030900
20240202,11:43:58,1.5,10900,1030900
20240202,11:44:03,1.5,50,1030900
20240202,11:44:08,1.5,1800,1030900
20240202,11:44:10,1.5,50,1030900
20240202,11:44:14,1.45,50,1030900
20240202,11:44:33,1.5,1000,1030900
20240202,11:44:56,1.45,1800,1027400
20240202,11:44:57,1.5,150,1027400
20240202,11:44:58,1.45,800,1027400
20240202,11:45:04,1.45,1800,1027400
20240202,11:45:04,1.45,1150,1027400
20240202,11:45:07,1.45,50,1027400
20240202,11:45:08,1.45,100,1027400
20240202,11:45:09,1.45,50,1027400
20240202,11:45:18,1.45,50,1027400
20240202,11:45:23,1.4,50,1027400
20240202,11:46:15,1.45,1800,1027400
20240202,11:46:16,1.45,50,1027400
20240202,11:46:32,1.45,1700,1027400
20240202,11:46:37,1.45,850,1027400
20240202,11:46:43,1.45,1800,1027400
20240202,11:46:47,1.45,1800,1027400
20240202,11:47:12,1.45,5250,1027400
20240202,11:47:17,1.5,1800,1027400
20240202,11:47:18,1.5,1800,1027400
20240202,11:47:22,1.5,50,1027400
20240202,11:47:24,1.5,100,1027400
20240202,11:47:59,1.5,1850,1026950
20240202,11:48:01,1.5,200,1026950
20240202,11:49:02,1.45,50,1026950
20240202,11:49:13,1.5,2550,1026950
20240202,11:49:37,1.45,1800,1026950
20240202,11:49:38,1.45,1800,1026950
20240202,11:49:39,1.45,3600,1026950
20240202,11:49:41,1.45,10250,1026950
20240202,11:50:02,1.5,100,1026950
20240202,11:50:04,1.45,6200,1026950
20240202,11:50:07,1.45,50,1026950
20240202,11:50:08,1.45,250,1026950
20240202,11:50:14,1.45,1100,1026950
20240202,11:50:38,1.45,250,1024100
20240202,11:50:40,1.45,1800,1024100
20240202,11:50:41,1.45,900,1024100
20240202,11:50:48,1.4,150,1024100
20240202,11:50:57,1.45,1800,1024100
20240202,11:51:09,1.4,22350,1024100
20240202,11:51:12,1.4,1800,1024100
20240202,11:51:13,1.4,1000,1024100
20240202,11:51:43,1.4,3000,1024100
20240202,11:51:52,1.35,50,1024100
20240202,11:51:58,1.35,14850,1024100
20240202,11:53:33,1.4,8550,1024100
20240202,11:53:56,1.4,50,1024100
20240202,11:55:57,1.4,100,1047150
20240202,11:56:49,1.35,150,1047150
20240202,11:58:34,1.35,500,1047150
20240202,11:58:41,1.35,500,1047150
20240202,11:59:17,1.35,550,1047150
20240202,11:59:21,1.35,200,1047150
20240202,11:59:23,1.35,200,1047150
20240202,11:59:24,1.35,850,1047150
20240202,11:59:44,1.35,850,1045650
20240202,11:59:47,1.35,550,1045650
20240202,11:59:49,1.35,550,1045650
20240202,11:59:52,1.35,1750,1045650
20240202,11:59:59,1.4,350,1045650
20240202,12:00:02,1.35,200,1045650
20240202,12:00:03,1.35,900,1045650
20240202,12:00:05,1.35,400,1045650
20240202,12:00:06,1.35,1800,1045650
20240202,12:00:10,1.35,150,1045650
20240202,12:00:11,1.4,5500,1045650
20240202,12:00:14,1.4,400,1045650
20240202,12:01:44,1.4,50,1045650
20240202,12:01:50,1.4,650,1045650
20240202,12:02:58,1.4,7200,1048450
20240202,12:03:00,1.4,1800,1048450
20240202,12:03:01,1.4,1800,1048450
20240202,12:03:02,1.4,1800,1048450
20240202,12:03:03,1.4,1800,1048450
20240202,12:03:08,1.4,50,1048450
20240202,12:03:56,1.35,100,1048450
20240202,12:04:52,1.4,1800,1048450
20240202,12:05:01,1.4,5400,1048450
20240202,12:05:02,1.4,2300,1048450
20240202,12:05:16,1.4,250,1048450
20240202,12:05:33,1.4,150,1048450
20240202,12:06:29,1.4,250,1067150
20240202,12:07:24,1.4,900,1067150
20240202,12:08:01,1.45,1800,1067150
20240202,12:09:21,1.45,50,1067500
20240202,12:09:28,1.45,100,1067500
20240202,12:10:50,1.4,50,1067500
20240202,12:10:54,1.4,650,1067500
20240202,12:11:03,1.45,50,1067500
20240202,12:11:59,1.45,50,1067500
20240202,12:12:11,1.4,50,1068300
20240202,12:13:01,1.4,100,1068300
20240202,12:13:07,1.45,50,1068300
20240202,12:13:26,1.4,250,1068300
20240202,12:14:10,1.4,1800,1068300
20240202,12:14:11,1.4,1800,1068300
20240202,12:14:12,1.4,1200,1068300
20240202,12:14:28,1.4,9850,1068300
20240202,12:15:08,1.35,1200,1068300
20240202,12:15:10,1.35,600,1068500
20240202,12:15:11,1.35,9500,1068500
20240202,12:15:15,1.3,3600,1068500
20240202,12:15:16,1.3,1800,1068500
20240202,12:15:18,1.3,1800,1068500
20240202,12:15:19,1.3,1800,1068500
20240202,12:15:24,1.3,50,1068500
20240202,12:15:53,1.3,6100,1068500
20240202,12:15:54,1.3,100,1068500
20240202,12:16:07,1.25,150,1068500
20240202,12:16:27,1.3,1450,1068500
20240202,12:16:35,1.3,50,1068500
20240202,12:16:47,1.3,750,1068500
20240202,12:17:04,1.3,50,1068500
20240202,12:17:06,1.3,2700,1068500
20240202,12:17:09,1.25,50,1068500
20240202,12:17:14,1.25,50,1068500
20240202,12:17:27,1.3,100,1068500
20240202,12:17:59,1.25,450,1067000
20240202,12:18:00,1.2,6650,1067000
20240202,12:18:01,1.2,50,1067000
20240202,12:18:02,1.25,50,1067000
20240202,12:18:07,1.25,50,1067000
20240202,12:18:12,1.25,50,1067000
20240202,12:18:20,1.25,50,1067000
20240202,12:18:32,1.2,3600,1067000
20240202,12:18:33,1.2,6800,1067000
20240202,12:18:34,1.15,100,1067000
20240202,12:18:36,1.15,200,1067000
20240202,12:18:40,1.2,500,1067000
20240202,12:18:49,1.2,50,1067000
20240202,12:20:04,1.15,300,1067000
20240202,12:20:17,1.15,50,1067000
20240202,12:20:24,1.15,100,1067000
20240202,12:20:42,1.15,3600,1067700
20240202,12:20:44,1.15,2850,1067700
20240202,12:21:14,1.15,1200,1067700
20240202,12:21:31,1.15,1800,1067700
20240202,12:21:32,1.15,12050,1067700
20240202,12:21:33,1.15,50,1067700
20240202,12:21:35,1.15,50,1067700
20240202,12:21:52,1.15,450,1067700
20240202,12:22:11,1.15,150,1067700
20240202,12:22:13,1.15,1500,1067700
20240202,12:22:38,1.15,100,1067700
20240202,12:22:58,1.1,1800,1067700
20240202,12:23:38,1.1,10300,1066250
20240202,12:23:39,1.1,50,1066250
20240202,12:23:40,1.1,50,1066250
20240202,12:23:41,1.1,50,1066250
20240202,12:23:42,1.1,50,1066250
20240202,12:23:45,1.1,50,1066250
20240202,12:23:46,1.1,50,1066250
20240202,12:23:51,1.1,1050,1066250
20240202,12:23:57,1.05,1950,1066250
20240202,12:24:14,1.05,4050,1066250
20240202,12:24:16,1.05,300,1066250
20240202,12:24:17,1.05,1800,1066250
20240202,12:24:22,1.1,1800,1066250
20240202,12:24:23,1.1,1800,1066250
20240202,12:24:24,1.1,5600,1066250
20240202,12:24:48,1.15,500,1066250
20240202,12:25:09,1.1,1800,1066250
20240202,12:25:10,1.1,2050,1066250
20240202,12:25:11,1.1,700,1066250
20240202,12:25:27,1.1,50,1066250
20240202,12:25:46,1.1,50,1066250
20240202,12:25:48,1.1,100,1066250
20240202,12:25:51,1.1,50,1066250
20240202,12:25:57,1.1,350,1066250
20240202,12:26:00,1.1,50,1066250
20240202,12:26:09,1.1,50,1066250
20240202,12:26:13,1.1,50,1066250
20240202,12:26:25,1.15,1000,1066250
20240202,12:26:31,1.1,50,1066250
20240202,12:27:06,1.1,1800,1063000
20240202,12:27:16,1.1,100,1063000
20240202,12:27:23,1.1,50,1063000
20240202,12:27:24,1.15,13600,1063000
20240202,12:27:24,1.1,7800,1063000
20240202,12:27:37,1.1,250,1063000
20240202,12:27:38,1.1,100,1063000
20240202,12:27:44,1.1,50,1063000
20240202,12:27:47,1.1,150,1063000
20240202,12:27:52,1.1,100,1063000
20240202,12:27:54,1.1,150,1063000
20240202,12:27:55,1.1,50,1063000
20240202,12:28:01,1.1,50,1063000
20240202,12:28:07,1.1,250,1063000
20240202,12:28:09,1.1,4150,1063000
20240202,12:28:10,1.1,750,1063000
20240202,12:28:18,1.1,500,1063000
20240202,12:28:20,1.1,100,1063000
20240202,12:28:23,1.1,100,1063000
20240202,12:28:25,1.1,100,1063000
20240202,12:28:26,1.1,600,1063000
20240202,12:28:30,1.1,150,1063000
20240202,12:28:32,1.05,50,1063000
20240202,12:28:55,1.05,1800,1063000
20240202,12:28:58,1.1,50,1063000
20240202,12:29:12,1.05,800,1063000
20240202,12:29:14,1.1,50,1063000
20240202,12:29:29,1.05,600,1063000
20240202,12:29:35,1.1,50,1063000
20240202,12:29:38,1.05,50,1063000
20240202,12:29:39,1.05,50,1054300
20240202,12:29:42,1.05,500,1054300
20240202,12:29:50,1.05,1000,1054300
20240202,12:29:51,1.05,2450,1054300
20240202,12:29:52,1.05,300,1054300
20240202,12:29:56,1.05,15250,1054300
20240202,12:30:01,1.05,1800,1054300
20240202,12:30:06,1.05,50,1054300
20240202,12:30:09,1.05,1800,1054300
20240202,12:30:10,1.05,50,1054300
20240202,12:30:17,1.1,200,1054300
20240202,12:30:20,1.05,50,1054300
20240202,12:30:24,1.05,7600,1054300
20240202,12:30:24,1.05,100,1054300
20240202,12:30:50,1.05,950,1054300
20240202,12:30:55,1.0,3200,1054300
20240202,12:30:56,1.0,150,1054300
20240202,12:31:42,1.0,2350,1054300
20240202,12:31:48,1.0,3600,1054300
20240202,12:32:07,1.0,50,1054300
20240202,12:32:09,1.0,3600,1054300
20240202,12:32:10,1.0,250,1054300
20240202,12:32:13,1.0,1500,1054300
20240202,12:32:31,0.95,1800,1054300
20240202,12:32:45,0.95,450,1043350
20240202,12:32:49,0.95,5000,1043350
20240202,12:32:53,0.95,1800,1043350
20240202,12:32:55,0.95,200,1043350
20240202,12:33:18,0.95,200,1043350
20240202,12:33:31,0.95,350,1043350
20240202,12:34:00,0.95,350,1043350
20240202,12:34:12,0.95,200,1043350
20240202,12:34:13,0.95,500,1043350
20240202,12:34:26,0.95,1000,1043350
20240202,12:34:27,0.95,150,1043350
20240202,12:34:31,0.95,200,1043350
20240202,12:34:32,0.95,800,1043350
20240202,12:34:34,0.95,200,1043350
20240202,12:34:36,0.95,750,1043350
20240202,12:34:37,1.0,50,1043350
20240202,12:34:42,0.95,300,1043350
20240202,12:34:44,0.95,450,1043350
20240202,12:34:48,0.95,250,1043350
20240202,12:34:50,0.95,300,1043350
20240202,12:34:52,0.95,100,1043350
20240202,12:34:54,0.95,200,1043350
20240202,12:34:56,0.95,1150,1043350
20240202,12:34:57,0.9,750,1043350
20240202,12:35:05,0.9,1500,1043350
20240202,12:35:10,0.9,5350,1043350
20240202,12:35:27,0.9,50,1043350
20240202,12:36:01,0.9,250,1043350
20240202,12:36:17,0.85,5050,1040700
20240202,12:36:31,0.85,50,1040700
20240202,12:36:37,0.85,50,1040700
20240202,12:36:39,0.85,50,1040700
20240202,12:36:48,0.85,100,1040700
20240202,12:36:53,0.85,450,1040700
20240202,12:37:24,0.85,50,1040700
20240202,12:37:25,0.85,100,1040700
20240202,12:37:26,0.85,100,1040700
20240202,12:37:32,0.85,50,1040700
20240202,12:37:38,0.9,1550,1040700
20240202,12:37:45,0.9,300,1040700
20240202,12:38:12,0.9,50,1040700
20240202,12:38:15,0.9,900,1040700
20240202,12:38:17,0.9,250,1040700
20240202,12:38:41,0.85,50,1040400
20240202,12:38:55,0.85,1250,1040400
20240202,12:39:17,0.9,700,1040400
20240202,12:39:48,0.9,300,1040400
20240202,12:39:51,0.9,500,1040400
20240202,12:39:54,0.9,500,1040400
20240202,12:39:56,0.9,100,1040400
20240202,12:39:56,0.9,1800,1040400
20240202,12:39:57,0.9,31500,1040400
20240202,12:39:58,0.9,50,1040400
20240202,12:39:59,0.95,700,1040400
20240202,12:40:00,0.9,50,1040400
20240202,12:40:01,0.9,500,1040400
20240202,12:40:02,0.9,100,1040400
20240202,12:40:03,0.95,300,1040400
20240202,12:40:04,0.95,100,1040400
20240202,12:40:05,0.95,13100,1040400
20240202,12:40:07,0.95,2750,1040400
20240202,12:40:08,0.95,50,1040400
20240202,12:40:10,1.0,400,1040400
20240202,12:40:10,0.95,50,1040400
20240202,12:40:12,1.0,850,1040400
20240202,12:40:21,0.95,50,1040400
20240202,12:40:26,0.95,1800,1040400
20240202,12:40:27,0.95,6150,1040400
20240202,12:40:41,0.95,8750,1040400
20240202,12:40:43,0.95,600,1040400
20240202,12:40:45,0.95,250,1040400
20240202,12:40:48,0.95,250,1040400
20240202,12:40:55,0.95,1250,1040400
20240202,12:41:33,0.9,1800,1040400
20240202,12:41:34,0.9,200,1040400
20240202,12:41:56,0.95,50,1040350
20240202,12:42:04,0.9,850,1040350
20240202,12:42:07,0.9,200,1040350
20240202,12:42:09,0.9,1000,1040350
20240202,12:42:11,0.9,550,1040350
20240202,12:42:13,0.9,900,1040350
20240202,12:42:15,0.9,550,1040350
20240202,12:42:17,0.9,400,1040350
20240202,12:42:19,0.95,1800,1040350
20240202,12:42:21,0.9,100,1040350
20240202,12:42:22,0.9,25950,1040350
20240202,12:42:54,0.9,1550,1040350
20240202,12:42:55,0.95,1000,1040350
20240202,12:42:55,0.95,50,1040350
20240202,12:42:56,0.9,8750,1040350
20240202,12:43:13,0.9,900,1040350
20240202,12:43:15,0.9,900,1040350
20240202,12:43:16,0.9,1800,1040350
20240202,12:43:17,0.9,1800,1040350
20240202,12:43:18,0.9,1800,1040350
20240202,12:43:20,0.9,750,1040350
20240202,12:43:22,0.9,1800,1040350
20240202,12:43:23,0.9,18200,1040350
20240202,12:43:28,0.9,350,1040350
20240202,12:43:31,0.9,1000,1040350
20240202,12:43:31,0.9,250,1040350
20240202,12:43:42,0.9,7700,1040350
20240202,12:45:00,0.95,11100,1039450
20240202,12:45:06,0.95,1400,1039450
20240202,12:45:13,0.95,100,1039450
20240202,12:45:17,0.9,50,1039450
20240202,12:45:26,0.95,2500,1039450
20240202,12:45:29,0.9,400,1039450
20240202,12:45:43,0.9,2750,1039450
20240202,12:45:58,0.95,150,1039450
20240202,12:46:08,0.9,1800,1039450
20240202,12:48:01,0.9,2500,1039450
20240202,12:48:54,0.95,400,1038100
20240202,12:49:14,0.95,50,1038100
20240202,12:50:20,0.95,50,1038100
20240202,12:51:08,0.9,250,1038100
20240202,12:53:47,0.95,250,1038100
20240202,12:55:56,0.95,50,1038100
20240202,12:56:24,0.95,50,1038100
20240202,12:58:52,0.9,50,1038100
20240202,13:00:40,0.9,50,1038100
20240202,13:03:38,0.95,50,1038100
20240202,13:03:41,0.9,1500,1038100
20240202,13:04:43,0.9,50,1038100
20240202,13:05:52,0.9,50,1038100
20240202,13:06:03,0.9,100,1038100
20240202,13:06:47,0.95,1800,1038100
20240202,13:09:42,0.95,50,1038100
20240202,13:09:49,0.9,1000,1038100
20240202,13:10:04,0.95,50,1038100
20240202,13:10:21,0.95,50,1038100
20240202,13:10:37,0.9,50,1038100
20240202,13:11:15,0.95,100,1038100
20240202,13:11:59,0.9,50,1038100
20240202,13:12:14,0.95,50,1038100
20240202,13:12:17,0.9,50,1038100
20240202,13:12:29,0.9,50,1038100
20240202,13:13:57,0.9,800,1038100
20240202,13:14:15,0.9,250,1038100
20240202,13:14:26,0.9,100,1038100
20240202,13:15:10,0.95,100,1038200
20240202,13:15:23,0.9,1000,1038200
20240202,13:16:56,0.9,50,1038200
20240202,13:17:06,0.9,250,1038200
20240202,13:19:46,0.95,50,1038200
20240202,13:19:58,0.9,50,1038200
20240202,13:20:37,0.9,100,1038200
20240202,13:21:36,0.9,1300,1038200
20240202,13:21:43,0.9,50,1038100
20240202,13:22:16,0.9,100,1038100
20240202,13:24:11,0.9,3500,1036750
20240202,13:24:46,0.85,800,1036750
20240202,13:25:00,0.85,1750,1036750
20240202,13:25:11,0.85,100,1036750
20240202,13:25:35,0.85,50,1036750
20240202,13:26:36,0.9,50,1036750
20240202,13:27:19,0.85,50,1037800
20240202,13:27:36,0.85,800,1037800
20240202,13:27:53,0.9,500,1037800
20240202,13:29:42,0.9,50,1037800
20240202,13:29:54,0.9,50,1037250
20240202,13:30:10,0.9,50,1037250
20240202,13:30:43,0.9,20250,1037250
20240202,13:30:44,0.9,3000,1037250
20240202,13:30:56,0.95,50,1037250
20240202,13:31:11,0.9,50,1037250
20240202,13:32:53,0.95,50,1037250
20240202,13:33:00,0.95,50,1039300
20240202,13:33:06,0.95,50,1039300
20240202,13:33:22,0.95,3250,1039300
20240202,13:33:29,0.95,4800,1039300
20240202,13:33:32,0.9,750,1039300
20240202,13:33:33,0.95,1800,1039300
20240202,13:33:34,0.95,1800,1039300
20240202,13:33:35,0.95,1800,1039300
20240202,13:33:36,0.95,1800,1039300
20240202,13:33:37,0.95,17150,1039300
20240202,13:34:07,0.95,2250,1039300
20240202,13:34:10,0.95,18000,1039300
20240202,13:34:11,0.9,1800,1039300
20240202,13:34:45,0.95,150,1039300
20240202,13:36:07,0.95,50,1040600
20240202,13:36:14,0.95,50,1040600
20240202,13:36:16,0.95,50,1040600
20240202,13:36:18,0.95,1800,1040600
20240202,13:36:18,0.95,4900,1040600
20240202,13:37:07,0.95,5200,1040600
20240202,13:37:09,0.95,100,1040600
20240202,13:37:17,0.95,1800,1040600
20240202,13:37:19,0.95,1800,1040600
20240202,13:37:20,0.95,1800,1040600
20240202,13:37:22,0.95,1800,1040600
20240202,13:37:23,0.95,1800,1040600
20240202,13:37:24,0.95,1800,1040600
20240202,13:37:25,0.95,3600,1040600
20240202,13:37:26,0.95,1200,1040600
20240202,13:37:30,0.95,650,1040600
20240202,13:37:47,0.95,1800,1040600
20240202,13:37:49,0.95,1800,1040600
20240202,13:38:03,0.95,1800,1040600
20240202,13:38:04,0.95,1800,1040600
20240202,13:38:06,0.95,1800,1040600
20240202,13:38:08,0.95,1950,1040600
20240202,13:38:34,0.9,13800,1040600
20240202,13:38:48,0.9,50,1040600
20240202,13:39:01,0.9,500,1035650
20240202,13:39:18,0.9,50,1035650
20240202,13:39:25,0.9,50,1035650
20240202,13:39:28,0.85,50,1035650
20240202,13:40:04,0.85,500,1035650
20240202,13:40:08,0.85,100,1035650
20240202,13:40:21,0.9,3600,1035650
20240202,13:40:22,0.9,5400,1035650
20240202,13:40:26,0.85,400,1035650
20240202,13:40:35,0.9,50,1035650
20240202,13:40:36,0.9,1800,1035650
20240202,13:40:38,0.9,1800,1035650
20240202,13:40:51,0.85,2100,1035650
20240202,13:40:56,0.85,1850,1035650
20240202,13:40:58,0.9,500,1035650
20240202,13:42:54,0.9,12600,1036150
20240202,13:42:55,0.9,9700,1036150
20240202,13:43:01,0.9,1800,1036150
20240202,13:43:03,0.9,1800,1036150
20240202,13:43:03,0.9,900,1036150
20240202,13:43:10,0.9,18000,1036150
20240202,13:43:21,0.9,16700,1036150
20240202,13:43:48,0.9,2500,1036150
20240202,13:45:44,0.9,500,1037250
20240202,13:47:14,0.9,100,1037250
20240202,13:49:01,0.9,250,1037250
20240202,13:51:10,0.9,250,1036500
20240202,13:51:34,0.9,250,1036500
20240202,13:52:20,0.9,1000,1036500
20240202,13:52:21,0.9,500,1036500
20240202,13:52:45,0.9,50,1036500
20240202,13:53:31,0.9,50,1036500
20240202,13:53:53,0.9,500,1035400
20240202,13:54:04,0.9,50,1035400
20240202,13:55:19,0.9,50,1035400
20240202,13:55:30,0.85,500,1035400
20240202,13:56:08,0.9,1000,1035400
20240202,13:56:53,0.9,50,1035400
20240202,13:59:15,0.9,200,1035800
20240202,14:00:08,0.85,900,1035800
20240202,14:00:32,0.85,250,1036050
20240202,14:00:42,0.85,300,1036050
20240202,14:04:16,0.85,100,1036050
20240202,14:09:08,0.9,46950,1036050
20240202,14:10:14,0.9,250,1036050
20240202,14:11:45,0.9,250,1036050
20240202,14:12:42,0.9,1750,1043800
20240202,14:13:22,0.9,1700,1043800
20240202,14:14:20,0.9,900,1043800
20240202,14:15:14,0.95,50,1043800
20240202,14:16:42,0.95,150,1043800
20240202,14:19:37,0.95,500,1043800
20240202,14:24:32,0.95,1000,1043950
20240202,14:25:51,0.9,1000,1043950
20240202,14:25:52,0.9,700,1043950
20240202,14:26:57,0.9,50,1043100
20240202,14:26:58,0.9,50,1043100
20240202,14:26:59,0.9,50,1043100
20240202,14:27:01,0.9,1800,1043100
20240202,14:27:08,0.9,1800,1043100
20240202,14:27:12,0.9,1800,1043100
20240202,14:27:24,0.9,1800,1043100
20240202,14:27:32,0.9,1800,1043100
20240202,14:27:34,0.9,38250,1043100
20240202,14:27:48,0.85,100,1043100
20240202,14:27:54,0.85,23400,1043100
20240202,14:28:03,0.9,50,1043100
20240202,14:28:05,0.9,50,1043100
20240202,14:28:54,0.85,50,1043100
20240202,14:29:33,0.9,400,1043100
20240202,14:29:38,0.9,400,1043100
20240202,14:29:39,0.85,50,1043100
20240202,14:29:42,0.9,100,1043100
20240202,14:29:43,0.9,100,1043100
20240202,14:29:45,0.9,250,1043100
20240202,14:29:49,0.9,100,1043100
20240202,14:29:56,0.9,100,1035500
20240202,14:30:00,0.9,50,1035500
20240202,14:30:05,0.9,100,1035500
20240202,14:30:15,0.9,100,1035500
20240202,14:30:28,0.9,100,1035500
20240202,14:30:30,0.9,250,1035500
20240202,14:31:17,0.85,400,1035500
20240202,14:32:10,0.9,450,1035500
20240202,14:32:13,0.9,100,1035500
20240202,14:32:15,0.9,100,1035500
20240202,14:32:18,0.9,300,1035500
20240202,14:32:31,0.9,500,1035500
20240202,14:32:33,0.9,350,1035500
20240202,14:34:15,0.85,1800,1035900
20240202,14:34:16,0.85,1800,1035900
20240202,14:34:18,0.85,1800,1035900
20240202,14:34:47,0.85,4850,1035900
20240202,14:35:07,0.8,200,1035900
20240202,14:35:10,0.8,550,1035900
20240202,14:35:31,0.8,200,1035900
20240202,14:35:46,0.8,950,1035900
20240202,14:35:47,0.8,200,1035900
20240202,14:35:50,0.8,200,1035900
20240202,14:35:52,0.8,200,1035900
20240202,14:35:57,0.8,550,1035800
20240202,14:36:00,0.8,200,1035800
20240202,14:36:02,0.8,550,1035800
20240202,14:36:07,0.8,200,1035800
20240202,14:36:15,0.8,750,1035800
20240202,14:37:29,0.8,31400,1035800
20240202,14:37:42,0.85,200,1035800
20240202,14:38:48,0.85,1800,1035800
20240202,14:38:49,0.85,7200,1035800
20240202,14:39:14,0.85,50,1041750
20240202,14:39:27,0.85,300,1041750
20240202,14:42:05,0.85,3600,1041750
20240202,14:42:49,0.85,3600,1041900
20240202,14:43:25,0.85,1800,1041900
20240202,14:43:28,0.85,3600,1041900
20240202,14:44:13,0.85,3600,1041900
20240202,14:44:24,0.85,900,1041900
20240202,14:44:38,0.85,1800,1041900
20240202,14:45:00,0.85,150,1036750
20240202,14:45:03,0.85,50,1036750
20240202,14:46:00,0.85,200,1036750
20240202,14:47:15,0.8,17250,1036750
20240202,14:47:16,0.8,1300,1036750
20240202,14:47:38,0.85,50,1036750
20240202,14:47:44,0.8,1250,1036750
20240202,14:48:08,0.8,1800,1036100
20240202,14:48:58,0.8,50,1036100
20240202,14:51:01,0.85,250,1036100
20240202,14:51:05,0.8,100,1036100
20240202,14:51:15,0.75,21750,1036100
20240202,14:51:16,0.75,50,1036100
20240202,14:51:25,0.75,1800,1036100
20240202,14:51:26,0.75,2250,1036100
20240202,14:51:28,0.75,2250,1036100
20240202,14:51:29,0.7,1800,1036100
20240202,14:51:30,0.7,1800,1036100
20240202,14:51:33,0.7,50,1036100
20240202,14:51:36,0.75,1800,1036100
20240202,14:51:37,0.75,1800,1036100
20240202,14:51:39,0.75,1800,1036100
20240202,14:51:40,0.75,1800,1036100
20240202,14:51:43,0.7,1800,1036100
20240202,14:51:44,0.7,3100,1036100
20240202,14:51:45,0.7,1800,1036100
20240202,14:51:49,0.75,1800,1036100
20240202,14:51:55,0.75,1800,1036100
20240202,14:51:56,0.75,1800,1036100
20240202,14:51:58,0.75,50,1036100
20240202,14:52:00,0.75,1800,1036100
20240202,14:52:01,0.75,250,1036100
20240202,14:52:04,0.75,700,1036100
20240202,14:52:10,0.7,8000,1036100
20240202,14:52:30,0.7,1800,1036100
20240202,14:52:45,0.75,400,1036100
20240202,14:52:48,0.75,50,1036100
20240202,14:52:52,0.75,1800,1036100
20240202,14:52:57,0.7,300,1036100
20240202,14:53:00,0.7,250,1036100
20240202,14:53:01,0.75,250,1036100
20240202,14:53:19,0.7,250,1036100
20240202,14:53:23,0.7,1800,1036100
20240202,14:53:25,0.75,400,1036100
20240202,14:53:27,0.75,250,1036100
20240202,14:53:34,0.75,100,1036100
20240202,14:53:35,0.7,950,1036100
20240202,14:53:37,0.75,250,1036100
20240202,14:53:39,0.75,400,1036100
20240202,14:53:40,0.7,3850,1036100
20240202,14:53:41,0.7,2050,1036100
20240202,14:53:42,0.75,100,1036100
20240202,14:53:43,0.7,1800,1036100
20240202,14:53:44,0.75,500,1036100
20240202,14:53:47,0.75,350,1036100
20240202,14:53:49,0.7,300,1036100
20240202,14:54:16,0.75,200,1036100
20240202,14:54:56,0.7,250,1038650
20240202,14:55:02,0.7,600,1038650
20240202,14:55:06,0.7,1800,1038650
20240202,14:55:07,0.7,250,1038650
20240202,14:55:08,0.7,1800,1038650
20240202,14:55:15,0.7,1850,1038650
20240202,14:55:18,0.75,50,1038650
20240202,14:55:31,0.7,1800,1038650
20240202,14:55:33,0.7,1800,1038650
20240202,14:56:01,0.7,200,1038650
20240202,14:56:02,0.7,550,1038650
20240202,14:56:59,0.75,50,1038650
20240202,14:57:01,0.7,850,1036850
20240202,14:57:17,0.7,50,1036850
20240202,14:57:22,0.75,50,1036850
20240202,14:57:41,0.75,50,1036850
20240202,14:58:01,0.7,200,1036850
20240202,14:58:44,0.75,50,1036850
20240202,14:58:57,0.7,3600,1036850
20240202,14:58:58,0.7,100,1036850
20240202,14:59:10,0.7,27600,1036850
20240202,14:59:35,0.7,50,1036850
20240202,14:59:43,0.75,50,1036850
20240202,15:00:00,0.7,1200,1036850
20240202,15:00:03,0.7,22650,1040150
20240202,15:00:40,0.65,50,1040150
20240202,15:00:41,0.65,50,1040150
20240202,15:00:42,0.65,50,1040150
20240202,15:00:43,0.65,50,1040150
20240202,15:00:47,0.65,50,1040150
20240202,15:00:48,0.65,50,1040150
20240202,15:00:49,0.65,50,1040150
20240202,15:00:50,0.65,50,1040150
20240202,15:00:51,0.65,2750,1040150
20240202,15:00:52,0.65,100,1040150
20240202,15:00:53,0.65,50,1040150
20240202,15:00:54,0.65,50,1040150
20240202,15:00:55,0.65,50,1040150
20240202,15:00:56,0.65,50,1040150
20240202,15:00:57,0.65,50,1040150
20240202,15:00:59,0.65,50,1040150
20240202,15:01:00,0.65,50,1040150
20240202,15:01:01,0.65,50,1040150
20240202,15:01:02,0.65,50,1040150
20240202,15:01:03,0.65,50,1040150
20240202,15:01:04,0.65,50,1040150
20240202,15:01:05,0.65,100,1040150
20240202,15:01:06,0.65,50,1040150
20240202,15:01:07,0.65,50,1040150
20240202,15:01:08,0.65,50,1040150
20240202,15:01:09,0.65,50,1040150
20240202,15:01:10,0.65,50,1040150
20240202,15:01:11,0.65,50,1040150
20240202,15:01:12,0.65,550,1040150
20240202,15:01:14,0.65,50,1040150
20240202,15:01:15,0.65,50,1040150
20240202,15:01:16,0.65,50,1040150
20240202,15:01:17,0.65,50,1040150
20240202,15:01:20,0.65,50,1040150
20240202,15:02:16,0.65,1800,1040150
20240202,15:02:17,0.7,18000,1040150
20240202,15:02:19,0.7,1800,1040150
20240202,15:02:20,0.7,1800,1040150
20240202,15:02:21,0.7,1800,1040150
20240202,15:02:22,0.7,26300,1040150
20240202,15:02:36,0.7,250,1040150
20240202,15:02:55,0.75,500,1040150
20240202,15:02:57,0.75,100,1040150
20240202,15:02:58,0.75,50,1040150
20240202,15:02:59,0.75,100,1035700
20240202,15:03:00,0.75,150,1035700
20240202,15:03:11,0.7,250,1035700
20240202,15:03:17,0.75,650,1035700
20240202,15:03:26,0.75,18000,1035700
20240202,15:03:26,0.75,9000,1035700
20240202,15:03:27,0.75,36250,1035700
20240202,15:03:54,0.7,50,1035700
20240202,15:04:19,0.75,3100,1035700
20240202,15:04:25,0.75,250,1035700
20240202,15:04:31,0.7,50,1035700
20240202,15:05:13,0.75,250,1035700
20240202,15:05:51,0.75,3000,1035700
20240202,15:06:25,0.7,250,1001650
20240202,15:06:26,0.75,300,1001650
20240202,15:07:07,0.75,500,1001650
20240202,15:07:39,0.7,150,1001650
20240202,15:08:05,0.7,500,1001650
20240202,15:08:08,0.7,500,1001650
20240202,15:08:18,0.75,500,1001650
20240202,15:09:04,0.75,500,1001150
20240202,15:09:20,0.75,1800,1001150
20240202,15:09:21,0.75,50,1001150
20240202,15:10:28,0.7,1000,1001150
20240202,15:10:48,0.7,150,1001150
20240202,15:11:22,0.75,800,1001150
20240202,15:11:33,0.75,250,1001150
20240202,15:11:35,0.75,400,1001150
20240202,15:13:02,0.7,50,1000750
20240202,15:14:29,0.7,50,1000750
20240202,15:15:42,0.75,1000,1000750
20240202,15:15:47,0.75,500,1000750
20240202,15:15:59,0.7,1100,1000750
20240202,15:16:04,0.7,1100,1000750
20240202,15:17:09,0.75,1000,1000750
20240202,15:17:48,0.7,50,1000750
20240202,15:19:12,0.7,1800,1000750
20240202,15:19:38,0.7,50,1000750
20240202,15:19:51,0.75,800,1000750
20240202,15:19:59,0.7,1800,1000750
20240202,15:20:00,0.7,1800,1000750
20240202,15:20:02,0.7,150,1000750
20240202,15:20:30,0.75,2200,1000750
20240202,15:20:44,0.75,1600,1000750
20240202,15:21:20,0.7,250,1000750
20240202,15:21:21,0.7,250,1004850
20240202,15:21:41,0.7,300,1004850
20240202,15:21:51,0.75,300,1004850
20240202,15:22:10,0.7,5600,1004850
20240202,15:22:19,0.7,100,1004850
20240202,15:22:20,0.7,150,1004850
20240202,15:22:33,0.7,150,1004850
20240202,15:23:06,0.7,50,1004850
20240202,15:24:42,0.7,50,1004850
20240202,15:25:04,0.75,100,1005450
20240202,15:25:08,0.75,100,1005450
20240202,15:25:10,0.75,100,1005450
20240202,15:25:15,0.75,100,1005450
20240202,15:25:18,0.75,50,1005450
20240202,15:25:41,0.7,200,1005450
20240202,15:25:42,0.7,50,1005450
20240202,15:25:53,0.75,150,1005450
20240202,15:26:35,0.75,600,1005450
20240202,15:26:48,0.7,1800,1005450
20240202,15:26:57,0.7,9000,1005450
20240202,15:27:00,0.7,50,1005450
20240202,15:27:09,0.7,2000,1005250
20240202,15:27:10,0.7,24400,1005250
20240202,15:27:32,0.65,700,1005250
20240202,15:27:43,0.7,400,1005250
20240202,15:27:47,0.65,11550,1005250
20240202,15:27:59,0.65,500,1005250
20240202,15:28:10,0.65,50,1005250
20240202,15:28:13,0.65,50,1005250
20240202,15:28:16,0.65,1800,1005250
20240202,15:28:29,0.65,500,1005250
20240202,15:28:30,0.7,2000,1005250
20240202,15:28:37,0.65,1800,1005250
20240202,15:28:49,0.65,200,1005250
20240202,15:28:53,0.7,1800,1005250
20240202,15:28:54,0.65,5400,1005250
20240202,15:28:55,0.7,3600,1005250
20240202,15:28:56,0.7,7200,1005250
20240202,15:28:57,0.7,7200,1005250
20240202,15:28:59,0.7,3600,1005250
20240202,15:29:00,0.65,350,1005250
20240202,15:29:03,0.65,500,1005250
20240202,15:29:05,0.7,100,1005250
20240202,15:29:08,0.7,1800,1005250
20240202,15:29:10,0.7,200,1005250
20240202,15:29:14,0.7,100,1005250
20240202,15:29:22,0.7,3000,1005250
20240202,15:29:23,0.7,200,1005250
20240202,15:29:27,0.7,3600,1005250
20240202,15:29:34,0.7,1800,1005250
20240202,15:29:36,0.7,1800,1005250
20240202,15:29:37,0.7,700,1005250
20240202,15:29:40,0.7,250,1005250
20240202,15:29:54,0.7,100,1005250
20240202,15:29:57,0.7,1050,1005250
20240205,09:15:04,0.7,1,1005250
20240205,09:15:04,0.7,50,1005250
20240205,09:15:06,0.8,150,1007950
20240205,09:15:07,0.75,50,1007950
20240205,09:15:09,0.75,50,1007950
20240205,09:15:11,0.75,200,1007950
20240205,09:15:12,0.75,50,1007950
20240205,09:15:13,0.75,250,1007950
20240205,09:15:15,0.75,50,1007950
20240205,09:15:16,0.75,50,1007950
20240205,09:15:19,0.75,200,1007950
20240205,09:15:21,0.7,1500,1007950
20240205,09:15:23,0.7,1500,1007950
20240205,09:15:24,0.7,900,1007950
20240205,09:15:26,0.75,50,1007950
20240205,09:15:35,0.75,1250,1007950
20240205,09:15:36,0.7,1800,1007950
20240205,09:15:58,0.7,1200,1007950
20240205,09:16:03,0.65,3000,1007950
20240205,09:16:04,0.65,900,1007950
20240205,09:16:12,0.65,1750,1008150
20240205,09:16:13,0.7,100,1008150
20240205,09:16:52,0.7,50,1008150
20240205,09:17:31,0.65,50,1008150
20240205,09:17:44,0.65,50,1008150
20240205,09:17:46,0.65,50,1008150
20240205,09:18:13,0.7,50,1008150
20240205,09:18:15,0.7,50,1008150
20240205,09:18:41,0.65,50,1008150
20240205,09:18:57,0.7,100,1008150
20240205,09:19:14,0.65,50,1008150
20240205,09:19:41,0.65,10800,1008150
20240205,09:19:41,0.65,16700,1008150
20240205,09:19:49,0.65,1450,1008150
20240205,09:19:51,0.65,2300,1008150
20240205,09:19:53,0.65,50,1008150
20240205,09:20:02,0.65,50,1008150
20240205,09:20:04,0.65,250,1008150
20240205,09:20:20,0.65,50,1008150
20240205,09:20:27,0.65,50,1008150
20240205,09:20:31,0.65,500,1008150
20240205,09:20:44,0.65,1850,1008150
20240205,09:20:49,0.65,50,1008150
20240205,09:21:19,0.65,250,1008150
20240205,09:21:21,0.65,100,1008150
20240205,09:21:22,0.65,350,1008150
20240205,09:21:30,0.65,50,1008150
20240205,09:21:33,0.65,1800,1008150
20240205,09:21:33,0.65,3650,1008150
20240205,09:21:34,0.65,1000,1008150
20240205,09:21:35,0.65,1500,1008150
20240205,09:21:36,0.65,5350,1008150
20240205,09:23:22,0.65,500,1008250
20240205,09:23:33,0.7,50,1008250
20240205,09:23:46,0.7,50,1008250
20240205,09:23:47,0.65,5400,1008250
20240205,09:23:49,0.7,100,1008250
20240205,09:23:50,0.65,50,1008250
20240205,09:24:09,0.65,50,1008250
20240205,09:24:14,0.65,750,1008250
20240205,09:24:15,0.65,1000,1008250
20240205,09:24:21,0.65,50,1008250
20240205,09:24:44,0.65,800,1008250
20240205,09:25:13,0.7,10150,1008250
20240205,09:25:17,0.7,250,1005350
20240205,09:25:19,0.7,1800,1005350
20240205,09:28:07,0.65,21800,1005350
20240205,09:28:10,0.6,50,1005350
20240205,09:28:13,0.6,50,1003900
20240205,09:28:49,0.6,50,1003900
20240205,09:28:55,0.6,50,1003900
20240205,09:29:13,0.65,50,1003900
20240205,09:29:39,0.65,50,1003900
20240205,09:29:55,0.65,50,1003900
20240205,09:29:56,0.65,50,1003900
20240205,09:30:03,0.65,50,1003900
20240205,09:30:06,0.6,3500,1003900
20240205,09:30:11,0.65,100,1003900
20240205,09:30:14,0.6,1800,1003900
20240205,09:30:23,0.6,250,1003900
20240205,09:30:24,0.6,250,1003900
20240205,09:30:26,0.6,250,1003900
20240205,09:30:27,0.6,800,1003900
20240205,09:30:50,0.65,100,1003900
20240205,09:31:06,0.6,1800,1003900
20240205,09:31:22,0.6,9650,1003900
20240205,09:31:24,0.6,1800,1007500
20240205,09:31:29,0.6,1800,1007500
20240205,09:31:33,0.6,650,1007500
20240205,09:31:41,0.6,2750,1007500
20240205,09:31:41,0.6,50,1007500
20240205,09:32:11,0.6,50,1007500
20240205,09:32:13,0.6,50,1007500
20240205,09:32:22,0.6,200,1007500
20240205,09:32:30,0.6,50,1007500
20240205,09:32:40,0.6,50,1007500
20240205,09:32:57,0.55,50,1007500
20240205,09:33:07,0.55,50,1007500
20240205,09:33:25,0.55,50,1007500
20240205,09:33:30,0.6,150,1007500
20240205,09:34:49,0.6,1000,1005850
20240205,09:34:53,0.6,150,1005850
20240205,09:35:30,0.6,50,1005850
20240205,09:35:41,0.6,3600,1005850
20240205,09:35:42,0.6,6300,1005850
20240205,09:35:43,0.55,1000,1005850
20240205,09:36:06,0.6,50,1005850
20240205,09:36:10,0.55,300,1005850
20240205,09:36:35,0.6,3000,1005850
20240205,09:37:00,0.6,700,1005850
20240205,09:37:08,0.6,1500,1005850
20240205,09:37:23,0.6,100,1009800
20240205,09:41:03,0.6,1000,1009800
20240205,09:43:09,0.6,1150,1009700
20240205,09:43:17,0.65,5400,1007550
20240205,09:43:18,0.65,9000,1007550
20240205,09:43:41,0.65,50,1007550
20240205,09:43:46,0.6,50,1007550
20240205,09:43:49,0.65,200,1007550
20240205,09:43:56,0.65,800,1007550
20240205,09:43:57,0.65,1800,1007550
20240205,09:43:59,0.65,1800,1007550
20240205,09:44:09,0.65,100,1007550
20240205,09:44:26,0.65,50,1007550
20240205,09:44:32,0.6,200,1007550
20240205,09:44:35,0.6,50,1007550
20240205,09:45:50,0.6,1150,1007550
20240205,09:46:19,0.6,1500,1009050
20240205,09:46:21,0.6,1500,1009050
20240205,09:46:22,0.6,1500,1009050
20240205,09:47:08,0.6,50,1009050
20240205,09:47:45,0.6,1000,1009050
20240205,09:49:40,0.65,50,1005850
20240205,09:49:54,0.65,300,1005850
20240205,09:50:33,0.6,150,1005850
20240205,09:50:54,0.65,3600,1005850
20240205,09:50:55,0.65,1800,1005850
20240205,09:50:56,0.65,2550,1005850
20240205,09:50:57,0.6,50,1005850
20240205,09:50:58,0.65,1800,1005850
20240205,09:51:18,0.65,200,1005850
20240205,09:51:19,0.65,150,1005850
20240205,09:51:20,0.65,50,1005850
20240205,09:51:34,0.6,1250,1005850
20240205,09:51:38,0.7,50,1005850
20240205,09:52:53,0.7,50,1008600
20240205,09:52:54,0.65,50,1008600
20240205,09:54:04,0.7,50,1008600
20240205,09:54:32,0.7,1800,1008600
20240205,09:54:32,0.65,50,1008600
20240205,09:56:36,0.7,50,1008500
20240205,09:56:38,0.7,50,1008500
20240205,09:57:07,0.7,150,1008500
20240205,09:57:39,0.65,1800,1008500
20240205,09:57:40,0.65,1800,1008500
20240205,09:57:41,0.65,50,1008500
20240205,09:57:42,0.65,100,1008500
20240205,09:59:05,0.65,350,1008500
20240205,09:59:10,0.6,50,1005150
20240205,09:59:23,0.65,50,1005150
20240205,10:00:57,0.6,50,1005150
20240205,10:01:56,0.6,400,1005100
20240205,10:01:59,0.65,250,1005100
20240205,10:02:29,0.65,50,1005100
20240205,10:03:38,0.6,1800,1005100
20240205,10:03:50,0.6,1000,1005100
20240205,10:04:54,0.65,50,1005500
20240205,10:04:55,0.6,50,1005500
20240205,10:05:01,0.6,50,1005500
20240205,10:05:22,0.6,3600,1005500
20240205,10:05:23,0.6,7950,1005500
20240205,10:05:48,0.6,50,1005500
20240205,10:06:26,0.6,750,1005500
20240205,10:07:46,0.6,1000,1005500
20240205,10:08:57,0.55,50,1005500
20240205,10:09:04,0.55,50,1005500
20240205,10:11:04,0.55,50,1005750
20240205,10:11:28,0.6,50,1005750
20240205,10:12:38,0.6,50,1005750
20240205,10:12:41,0.55,50,1005750
20240205,10:13:34,0.6,50,1005750
20240205,10:13:46,0.55,50,1005850
20240205,10:17:28,0.6,50,1005900
20240205,10:17:29,0.6,50,1005900
20240205,10:17:54,0.55,1800,1005900
20240205,10:19:06,0.55,1500,1005900
20240205,10:19:08,0.55,1800,1005900
20240205,10:19:29,0.55,1400,1007800
20240205,10:19:39,0.6,100,1007800
20240205,10:19:49,0.6,50,1007800
20240205,10:20:04,0.6,300,1007800
20240205,10:20:14,0.55,250,1007800
20240205,10:20:26,0.55,50,1007800
20240205,10:20:27,0.55,50,1007800
20240205,10:20:30,0.55,1500,1007800
20240205,10:20:31,0.55,2100,1007800
20240205,10:20:42,0.55,3300,1007800
20240205,10:20:50,0.6,300,1007800
20240205,10:20:52,0.55,500,1007800
20240205,10:21:47,0.55,250,1007800
20240205,10:22:15,0.55,2250,1007800
20240205,10:22:43,0.55,50,1008250
20240205,10:22:53,0.55,450,1008250
20240205,10:22:58,0.55,850,1008250
20240205,10:23:03,0.5,50,1008250
20240205,10:23:04,0.5,100,1008250
20240205,10:23:52,0.5,150,1008250
20240205,10:23:52,0.5,50,1008250
20240205,10:23:57,0.5,250,1008250
20240205,10:24:29,0.5,50,1008250
20240205,10:24:54,0.5,50,1008250
20240205,10:25:19,0.55,50,1008250
20240205,10:25:25,0.5,50,1009600
20240205,10:25:38,0.5,450,1009600
20240205,10:27:23,0.5,50,1009600
20240205,10:28:07,0.55,100,1009600
20240205,10:30:09,0.55,350,1009600
20240205,10:30:23,0.55,50,1009600
20240205,10:30:28,0.5,50,1009600
20240205,10:30:44,0.55,50,1009600
20240205,10:30:49,0.5,50,1009600
20240205,10:33:42,0.55,500,1009650
20240205,10:34:01,0.55,50,1009650
20240205,10:34:15,0.55,50,1009650
20240205,10:34:16,0.55,50,1009650
20240205,10:34:17,0.55,50,1009650
20240205,10:34:42,0.55,1500,1009650
20240205,10:34:43,0.55,2600,1009650
20240205,10:34:57,0.55,350,1009650
20240205,10:36:32,0.6,150,1009650
20240205,10:36:39,0.55,350,1009650
20240205,10:37:09,0.55,300,1009650
20240205,10:37:22,0.55,50,1011100
20240205,10:37:24,0.55,250,1011100
20240205,10:37:29,0.55,350,1011100
20240205,10:37:37,0.6,200,1011100
20240205,10:37:57,0.6,50,1011100
20240205,10:38:07,0.55,400,1011100
20240205,10:40:19,0.55,50,1011100
20240205,10:40:53,0.6,50,1010050
20240205,10:42:13,0.6,50,1010050
20240205,10:42:23,0.55,50,1010050
20240205,10:43:38,0.6,50,1010050
20240205,10:44:22,0.6,50,1010000
20240205,10:44:27,0.6,50,1010000
20240205,10:44:32,0.55,50,1010000
20240205,10:44:52,0.6,250,1010000
20240205,10:45:02,0.55,50,1010000
20240205,10:46:28,0.6,50,1010000
20240205,10:46:29,0.55,50,1010000
20240205,10:46:50,0.55,50,1010000
20240205,10:47:17,0.6,50,1010000
20240205,10:48:00,0.55,50,1010000
20240205,10:48:35,0.6,50,1010000
20240205,10:49:06,0.55,50,1010000
20240205,10:50:21,0.6,50,1010000
20240205,10:50:30,0.6,50,1010000
20240205,10:52:37,0.55,150,1010000
20240205,10:52:41,0.55,50,1010000
20240205,10:53:22,0.55,50,1010000
20240205,10:55:34,0.55,150,1010000
20240205,10:56:33,0.6,50,1010000
20240205,10:56:38,0.6,800,1010000
20240205,10:57:13,0.55,200,1010000
20240205,10:59:11,0.55,50,1010000
20240205,10:59:37,0.55,50,1010350
20240205,11:02:34,0.6,200,1010350
20240205,11:03:28,0.55,200,1010350
20240205,11:06:34,0.6,50,1010350
20240205,11:06:39,0.6,50,1010350
20240205,11:07:37,0.6,150,1010400
20240205,11:08:21,0.6,50,1010400
20240205,11:08:23,0.55,50,1010400
20240205,11:09:46,0.6,50,1010400
20240205,11:10:06,0.6,50,1010400
20240205,11:13:01,0.6,50,1010400
20240205,11:13:13,0.55,50,1010600
20240205,11:14:11,0.6,50,1010600
20240205,11:14:19,0.55,50,1010550
20240205,11:15:31,0.55,250,1010550
20240205,11:18:54,0.55,350,1010250
20240205,11:19:06,0.6,50,1010250
20240205,11:19:33,0.6,50,1010250
20240205,11:19:34,0.6,1800,1009900
20240205,11:19:37,0.55,50,1009900
20240205,11:19:50,0.6,50,1009900
20240205,11:20:12,0.6,3600,1009900
20240205,11:20:31,0.6,50,1009900
20240205,11:21:05,0.55,50,1009900
20240205,11:21:05,0.6,150,1009900
20240205,11:21:54,0.55,150,1009900
20240205,11:22:48,0.6,50,1004450
20240205,11:23:07,0.6,50,1004450
20240205,11:23:21,0.55,50,1004450
20240205,11:23:38,0.55,50,1004450
20240205,11:24:01,0.6,50,1004450
20240205,11:29:04,0.6,50,1004350
20240205,11:31:24,0.6,100,1004350
20240205,11:31:55,0.6,150,1004350
20240205,11:33:24,0.55,100,1004350
20240205,11:35:56,0.6,3600,1004350
20240205,11:35:58,0.6,1800,1004100
20240205,11:36:00,0.6,1800,1004100
20240205,11:36:02,0.6,1800,1004100
20240205,11:36:16,0.6,100,1004100
20240205,11:37:46,0.6,50,1002300
20240205,11:37:47,0.6,50,1002300
20240205,11:38:01,0.6,1800,1002300
20240205,11:38:18,0.55,100,1002300
20240205,11:38:27,0.6,3600,1002300
20240205,11:38:29,0.6,1500,1002300
20240205,11:38:50,0.6,750,1002300
20240205,11:38:51,0.6,250,1002300
20240205,11:39:04,0.65,50,1002300
20240205,11:39:05,0.65,50,1002300
20240205,11:39:07,0.65,1800,1002300
20240205,11:39:53,0.65,50,1002300
20240205,11:41:35,0.65,50,1002300
20240205,11:41:36,0.65,50,998450
20240205,11:42:11,0.65,50,998450
20240205,11:42:15,0.65,50,998450
20240205,11:43:22,0.65,50,998450
20240205,11:43:24,0.65,50,998450
20240205,11:43:25,0.65,50,998450
20240205,11:43:48,0.6,50,998450
20240205,11:44:12,0.6,250,998850
20240205,11:44:34,0.6,300,998850
20240205,11:45:29,0.65,400,998850
20240205,11:46:04,0.6,400,998850
20240205,11:46:10,0.65,50,998850
20240205,11:46:26,0.6,250,998850
20240205,11:46:57,0.6,1800,998850
20240205,11:46:57,0.6,100,997800
20240205,11:47:00,0.65,50,997800
20240205,11:52:52,0.6,100,995900
20240205,11:54:17,0.65,50,995900
20240205,11:54:20,0.65,1800,995900
20240205,11:55:09,0.65,1800,995900
20240205,11:55:52,0.65,1800,995800
20240205,11:56:36,0.6,2750,995800
20240205,11:57:02,0.6,50,995800
20240205,11:58:15,0.65,1800,995800
20240205,11:58:16,0.65,1500,995800
20240205,11:58:18,0.65,2250,995800
20240205,11:58:20,0.65,2250,995800
20240205,11:58:26,0.65,100,995800
20240205,11:58:53,0.65,1450,993500
20240205,11:59:37,0.65,1800,993500
20240205,12:00:13,0.65,2550,993500
20240205,12:00:15,0.65,1000,993500
20240205,12:02:41,0.65,4450,993600
20240205,12:02:42,0.65,100,993600
20240205,12:02:56,0.65,700,993600
20240205,12:03:09,0.65,1500,993600
20240205,12:03:10,0.65,1500,993600
20240205,12:03:11,0.65,950,993600
20240205,12:03:38,0.65,1000,993600
20240205,12:07:20,0.6,50,992600
20240205,12:08:48,0.65,250,992550
20240205,12:09:28,0.65,50,992550
20240205,12:09:32,0.65,50,992550
20240205,12:09:34,0.6,150,992550
20240205,12:09:40,0.6,50,992550
20240205,12:10:47,0.65,50,992400
20240205,12:10:58,0.6,3000,992400
20240205,12:11:09,0.6,50,992400
20240205,12:12:22,0.65,50,992400
20240205,12:12:33,0.55,50,992400
20240205,12:13:17,0.65,300,992400
20240205,12:13:26,0.65,350,992400
20240205,12:13:32,0.65,50,992400
20240205,12:15:06,0.55,50,992400
20240205,12:15:38,0.65,50,992400
20240205,12:16:10,0.65,150,992400
20240205,12:16:29,0.65,50,992400
20240205,12:16:33,0.65,50,992400
20240205,12:16:47,0.55,1150,992400
20240205,12:17:44,0.6,50,992400
20240205,12:17:46,0.6,550,992400
20240205,12:18:15,0.65,4350,992400
20240205,12:18:40,0.65,50,992400
20240205,12:18:52,0.65,1500,992400
20240205,12:18:59,0.65,1500,992400
20240205,12:19:14,0.7,2950,992400
20240205,12:19:16,0.65,100,992400
20240205,12:19:18,0.65,50,992400
20240205,12:20:28,0.7,50,992400
20240205,12:20:38,0.7,1800,995950
20240205,12:20:42,0.65,50,995950
20240205,12:21:32,0.65,200,995950
20240205,12:23:32,0.7,250,996350
20240205,12:23:43,0.7,800,996350
20240205,12:23:49,0.75,50,996350
20240205,12:23:52,0.65,3000,996350
20240205,12:24:12,0.7,50,996350
20240205,12:25:57,0.65,100,992400
20240205,12:31:22,0.65,250,992400
20240205,12:32:17,0.65,50,992300
20240205,12:32:21,0.65,650,992050
20240205,12:33:04,0.65,250,992050
20240205,12:34:10,0.7,50,992050
20240205,12:34:43,0.65,50,992050
20240205,12:34:54,0.65,1000,992000
20240205,12:34:55,0.65,950,992000
20240205,12:36:10,0.65,900,992000
20240205,12:46:30,0.65,50,994000
20240205,12:46:33,0.6,50,994000
20240205,12:47:01,0.65,750,994050
20240205,12:47:59,0.65,50,994050
20240205,12:49:47,0.65,250,994750
20240205,12:54:52,0.65,50,994750
20240205,12:55:52,0.6,50,994750
20240205,12:55:58,0.65,50,994750
20240205,12:56:12,0.6,50,994750
20240205,12:56:13,0.6,50,994750
20240205,13:00:21,0.65,50,994750
20240205,13:01:17,0.65,1800,994750
20240205,13:01:37,0.65,1800,994750
20240205,13:01:40,0.65,50,994750
20240205,13:02:28,0.65,250,994750
20240205,13:02:29,0.65,50,993150
20240205,13:02:31,0.65,50,993150
20240205,13:04:42,0.7,50,993150
20240205,13:04:43,0.7,50,992950
20240205,13:04:44,0.7,50,992950
20240205,13:04:45,0.7,50,992950
20240205,13:04:46,0.7,100,992950
20240205,13:04:47,0.7,50,992950
20240205,13:04:48,0.7,50,992950
20240205,13:04:49,0.7,50,992950
20240205,13:04:50,0.7,50,992950
20240205,13:04:52,0.7,50,992950
20240205,13:05:22,0.7,50,992950
20240205,13:06:51,0.7,200,992950
20240205,13:06:53,0.65,50,992950
20240205,13:13:24,0.7,50,992900
20240205,13:13:26,0.7,50,992900
20240205,13:16:08,0.65,50,992900
20240205,13:16:57,0.65,100,992900
20240205,13:17:46,0.65,350,992900
20240205,13:17:47,0.65,350,992900
20240205,13:17:48,0.65,350,992900
20240205,13:18:16,0.65,100,992900
20240205,13:18:26,0.65,1650,992900
20240205,13:18:31,0.65,500,992900
20240205,13:20:42,0.65,50,992300
20240205,13:20:44,0.65,50,992300
20240205,13:20:47,0.65,50,992300
20240205,13:23:02,0.65,50,992300
20240205,13:26:19,0.6,50,992300
20240205,13:30:40,0.65,3600,992300
20240205,13:30:40,0.7,6150,992300
20240205,13:30:41,0.8,11550,992300
20240205,13:30:42,0.85,5500,992300
20240205,13:30:57,0.7,250,992300
20240205,13:32:59,0.7,50,992300
20240205,13:34:59,0.65,1500,997700
20240205,13:35:34,0.65,1500,997700
20240205,13:37:20,0.6,50,997700
20240205,13:37:33,0.65,100,997700
20240205,13:39:46,0.65,50,997700
20240205,13:39:50,0.65,100,996400
20240205,13:39:54,0.7,100,996400
20240205,13:41:53,0.65,300,996400
20240205,13:46:40,0.6,50,996250
20240205,13:51:37,0.65,50,996050
20240205,13:57:57,0.6,50,996050
20240205,14:02:43,0.65,50,996050
20240205,14:02:45,0.65,450,996050
20240205,14:04:58,0.65,50,996500
20240205,14:07:10,0.7,100,996500
20240205,14:07:10,0.7,50,996500
20240205,14:07:11,0.75,500,996500
20240205,14:07:21,0.65,50,996500
20240205,14:09:17,0.65,3600,996250
20240205,14:09:17,0.55,21200,996250
20240205,14:09:18,0.65,1850,996250
20240205,14:09:34,0.65,950,996250
20240205,14:09:37,0.65,2000,996250
20240205,14:10:07,0.65,200,996250
20240205,14:10:37,0.65,1600,996250
20240205,14:10:43,0.65,2650,996250
20240205,14:10:50,0.65,2000,996250
20240205,14:11:04,0.65,550,988100
20240205,14:11:06,0.65,50,988100
20240205,14:11:09,0.65,500,988100
20240205,14:11:18,0.65,250,988100
20240205,14:11:22,0.65,250,988100
20240205,14:11:30,0.65,150,988100
20240205,14:11:31,0.65,9250,988100
20240205,14:11:37,0.7,100,988100
20240205,14:12:17,0.65,350,988100
20240205,14:12:21,0.65,1400,988100
20240205,14:12:23,0.65,50,988100
20240205,14:12:34,0.65,1350,988100
20240205,14:13:16,0.6,550,988100
20240205,14:13:25,0.65,750,988100
20240205,14:14:07,0.65,1300,988100
20240205,14:16:14,0.65,1800,989150
20240205,14:16:25,0.65,1100,989150
20240205,14:16:27,0.65,50,989150
20240205,14:18:04,0.65,100,992050
20240205,14:19:48,0.7,2250,992050
20240205,14:21:29,0.7,800,990550
20240205,14:21:29,0.75,3150,990550
20240205,14:22:01,0.75,500,990550
20240205,14:22:49,0.75,150,990550
20240205,14:22:57,0.7,50,989700
20240205,14:23:02,0.7,50,989700
20240205,14:23:32,0.75,50,989700
20240205,14:23:41,0.75,600,989700
20240205,14:24:03,0.75,150,989700
20240205,14:24:31,0.75,100,989700
20240205,14:26:55,0.75,300,989600
20240205,14:27:54,0.7,1900,989600
20240205,14:28:04,0.75,50,989600
20240205,14:28:32,0.7,50,989600
20240205,14:28:38,0.7,750,989600
20240205,14:29:08,0.7,1800,989600
20240205,14:29:12,0.7,250,990700
20240205,14:29:13,0.7,50,990700
20240205,14:29:20,0.65,50,990700
20240205,14:32:02,0.7,150,990700
20240205,14:32:28,0.65,2250,990700
20240205,14:32:38,0.7,100,990700
20240205,14:33:07,0.7,500,990700
20240205,14:33:41,0.7,50,990700
20240205,14:33:48,0.65,50,990700
20240205,14:33:51,0.7,350,990700
20240205,14:34:38,0.7,300,990700
20240205,14:34:41,0.7,400,990700
20240205,14:35:07,0.7,150,988450
20240205,14:35:15,0.65,1800,988450
20240205,14:35:17,0.65,2500,988450
20240205,14:35:37,0.65,50,988450
20240205,14:35:38,0.65,250,988450
20240205,14:35:42,0.65,4050,988450
20240205,14:35:58,0.6,50,988450
20240205,14:36:00,0.65,250,988450
20240205,14:36:19,0.6,100,988450
20240205,14:36:30,0.6,50,988450
20240205,14:36:35,0.6,1800,988450
20240205,14:36:45,0.65,250,988450
20240205,14:36:48,0.6,50,988450
20240205,14:37:14,0.6,500,988450
20240205,14:37:28,0.6,650,988450
20240205,14:37:30,0.6,1500,988450
20240205,14:37:31,0.6,450,988450
20240205,14:38:01,0.6,500,987200
20240205,14:38:40,0.6,250,987200
20240205,14:39:11,0.55,1200,987200
20240205,14:39:30,0.55,450,987200
20240205,14:39:31,0.55,550,987200
20240205,14:40:06,0.6,1300,987200
20240205,14:40:17,0.6,2200,987200
20240205,14:40:48,0.5,500,987200
20240205,14:40:49,0.55,50,987200
20240205,14:41:30,0.55,200,987400
20240205,14:41:30,0.55,50,987400
20240205,14:41:47,0.55,50,987400
20240205,14:42:42,0.55,250,987400
20240205,14:42:56,0.5,1800,987400
20240205,14:43:10,0.55,250,987400
20240205,14:43:37,0.55,100,987400
20240205,14:43:55,0.5,250,987400
20240205,14:43:56,0.5,250,987400
20240205,14:44:02,0.5,250,988200
20240205,14:44:08,0.5,50,988200
20240205,14:44:56,0.55,50,988200
20240205,14:45:14,0.5,2300,988200
20240205,14:46:02,0.55,3000,988200
20240205,14:46:03,0.55,1500,988200
20240205,14:46:04,0.55,3300,988200
20240205,14:46:06,0.55,700,988200
20240205,14:46:08,0.55,150,988200
20240205,14:46:09,0.55,250,988200
20240205,14:47:19,0.5,50,988200
