date,time,tick_price,volume,open_interest
20231229,09:15:05,1.6,1,74700
20231229,09:15:05,1.45,150,74700
20231229,09:15:06,1.35,550,74700
20231229,09:15:07,1.35,500,74700
20231229,09:15:09,1.45,950,74700
20231229,09:15:10,1.4,100,74700
20231229,09:15:12,1.45,650,74700
20231229,09:15:13,1.4,350,74700
20231229,09:15:14,1.4,1000,74700
20231229,09:15:16,1.4,2100,74700
20231229,09:15:17,1.45,1000,74700
20231229,09:15:19,1.45,500,74700
20231229,09:15:22,1.5,1600,74700
20231229,09:15:23,1.55,200,74700
20231229,09:15:24,1.45,1700,74700
20231229,09:15:25,1.45,1100,74700
20231229,09:15:27,1.5,600,74700
20231229,09:15:30,1.5,2100,74700
20231229,09:15:31,1.45,3650,74700
20231229,09:15:32,1.45,150,74700
20231229,09:15:33,1.45,100,74700
20231229,09:15:35,1.45,2550,74700
20231229,09:15:36,1.45,600,74700
20231229,09:15:37,1.45,2550,74700
20231229,09:15:39,1.45,2550,74700
20231229,09:15:41,1.45,900,74700
20231229,09:15:42,1.45,2800,74700
20231229,09:15:43,1.45,3350,74700
20231229,09:15:44,1.45,2150,74700
20231229,09:15:49,1.45,7050,74700
20231229,09:15:50,1.45,1500,74700
20231229,09:15:52,1.45,1850,74700
20231229,09:15:56,1.4,7700,74700
20231229,09:15:57,1.4,150,74700
20231229,09:15:58,1.35,1800,74700
20231229,09:15:59,1.35,600,74700
20231229,09:16:00,1.3,4400,74700
20231229,09:16:02,1.3,3000,74700
20231229,09:16:03,1.3,50,74700
20231229,09:16:04,1.3,2100,74700
20231229,09:16:08,1.35,100,74700
20231229,09:16:11,1.35,500,74700
20231229,09:16:13,1.3,250,74700
20231229,09:16:16,1.35,1800,74700
20231229,09:16:17,1.35,50,74700
20231229,09:16:18,1.35,350,74700
20231229,09:16:19,1.4,5350,74700
20231229,09:16:22,1.4,150,74700
20231229,09:16:24,1.4,50,74700
20231229,09:16:25,1.4,50,74700
20231229,09:16:26,1.4,50,74700
20231229,09:16:31,1.4,20750,74700
20231229,09:16:32,1.4,300,74700
20231229,09:16:33,1.35,1450,74700
20231229,09:16:34,1.4,900,74700
20231229,09:16:35,1.35,100,74700
20231229,09:16:37,1.4,1250,74700
20231229,09:16:38,1.4,3450,74700
20231229,09:16:39,1.45,2300,74700
20231229,09:16:41,1.4,50,74700
20231229,09:16:42,1.45,50,74700
20231229,09:16:45,1.45,50,74700
20231229,09:16:46,1.45,50,74700
20231229,09:16:47,1.45,14400,74700
20231229,09:16:48,1.45,19500,74700
20231229,09:16:49,1.45,4700,74700
20231229,09:16:51,1.45,8250,74700
20231229,09:16:52,1.45,300,74700
20231229,09:16:53,1.45,1150,74700
20231229,09:16:56,1.45,300,74700
20231229,09:16:58,1.45,4700,74700
20231229,09:17:00,1.45,50,74700
20231229,09:17:01,1.4,850,74700
20231229,09:17:05,1.45,50,74700
20231229,09:17:10,1.45,1000,74700
20231229,09:17:11,1.45,5250,74700
20231229,09:17:12,1.45,1850,74700
20231229,09:17:13,1.45,350,74700
20231229,09:17:14,1.45,250,74700
20231229,09:17:15,1.45,650,74700
20231229,09:17:18,1.45,250,74700
20231229,09:17:19,1.45,3450,74700
20231229,09:17:24,1.45,200,74700
20231229,09:17:30,1.4,18950,74700
20231229,09:17:31,1.4,5750,74700
20231229,09:17:32,1.4,5300,74700
20231229,09:17:33,1.4,5450,74700
20231229,09:17:35,1.4,350,74700
20231229,09:17:36,1.4,4600,74700
20231229,09:17:37,1.4,100,74700
20231229,09:17:38,1.4,3200,74700
20231229,09:17:41,1.35,150,74700
20231229,09:17:43,1.4,200,74700
20231229,09:17:45,1.4,1800,74700
20231229,09:17:49,1.4,250,74700
20231229,09:17:52,1.35,1800,74700
20231229,09:17:54,1.4,50,74700
20231229,09:17:57,1.4,7550,74700
20231229,09:17:58,1.4,100,74700
20231229,09:17:59,1.4,14050,74700
20231229,09:18:03,1.4,250,74700
20231229,09:18:05,1.4,550,74700
20231229,09:18:07,1.35,9900,74700
20231229,09:18:09,1.4,4000,74700
20231229,09:18:13,1.4,350,74700
20231229,09:18:19,1.35,14500,74700
20231229,09:18:21,1.35,1700,74700
20231229,09:18:24,1.35,500,74700
20231229,09:18:32,1.35,1600,74700
20231229,09:18:41,1.35,250,74700
20231229,09:18:44,1.35,50,74700
20231229,09:18:45,1.35,300,74700
20231229,09:18:49,1.35,50,74700
20231229,09:18:56,1.35,250,74700
20231229,09:18:57,1.35,1850,74700
20231229,09:19:00,1.35,50,74700
20231229,09:19:02,1.3,1150,74700
20231229,09:19:03,1.3,500,74700
20231229,09:19:11,1.35,1050,74700
20231229,09:19:12,1.35,300,74700
20231229,09:19:13,1.3,10550,74700
20231229,09:19:14,1.3,3550,74700
20231229,09:19:15,1.3,1300,74700
20231229,09:19:16,1.3,450,74700
20231229,09:19:24,1.3,5200,74700
20231229,09:19:25,1.3,50,74700
20231229,09:19:32,1.25,6700,74700
20231229,09:19:33,1.25,750,74700
20231229,09:19:34,1.25,2200,74700
20231229,09:19:35,1.2,100,74700
20231229,09:19:37,1.2,50,74700
20231229,09:19:39,1.2,250,74700
20231229,09:19:44,1.2,200,74700
20231229,09:19:46,1.2,3000,74700
20231229,09:19:47,1.2,8250,74700
20231229,09:19:47,1.2,9550,74700
20231229,09:19:48,1.2,1450,74700
20231229,09:19:51,1.25,50,74700
20231229,09:19:53,1.25,50,74700
20231229,09:19:55,1.2,3550,74700
20231229,09:19:55,1.15,900,74700
20231229,09:20:02,1.15,850,74700
20231229,09:20:05,1.2,250,74700
20231229,09:20:06,1.2,50,74700
20231229,09:20:08,1.2,100,75100
20231229,09:20:15,1.15,50,75100
20231229,09:20:20,1.2,50,75100
20231229,09:20:21,1.2,1800,75100
20231229,09:20:36,1.2,50,75100
20231229,09:20:37,1.2,3850,75100
20231229,09:20:42,1.2,2400,75100
20231229,09:20:43,1.2,3700,75100
20231229,09:20:44,1.2,15650,75100
20231229,09:20:54,1.2,200,75100
20231229,09:21:01,1.15,9800,75100
20231229,09:21:01,1.2,50,75100
20231229,09:21:07,1.15,7450,75100
20231229,09:21:08,1.2,1000,75100
20231229,09:21:10,1.15,19800,75100
20231229,09:21:12,1.2,100,75100
20231229,09:21:20,1.2,50,75100
20231229,09:21:35,1.2,50,75100
20231229,09:21:38,1.2,50,75100
20231229,09:21:41,1.2,300,75100
20231229,09:21:42,1.2,100,75100
20231229,09:21:46,1.2,50,75100
20231229,09:21:51,1.2,50,75100
20231229,09:21:56,1.2,100,75100
20231229,09:21:59,1.15,850,75100
20231229,09:22:01,1.2,50,75100
20231229,09:22:03,1.2,200,75100
20231229,09:22:05,1.2,1050,75100
20231229,09:22:15,1.2,100,75100
20231229,09:22:16,1.2,1000,75100
20231229,09:22:19,1.2,50,75100
20231229,09:22:20,1.2,50,75100
20231229,09:22:27,1.2,50,75100
20231229,09:22:36,1.2,50,75100
20231229,09:22:41,1.2,500,75100
20231229,09:22:44,1.2,50,75100
20231229,09:22:51,1.2,50,75100
20231229,09:23:00,1.15,1450,75100
20231229,09:23:02,1.2,50,75100
20231229,09:23:03,1.15,500,75100
20231229,09:23:07,1.2,300,91150
20231229,09:23:12,1.2,50,91150
20231229,09:23:16,1.2,200,91150
20231229,09:23:21,1.2,50,91150
20231229,09:23:39,1.15,350,91150
20231229,09:23:40,1.2,100,91150
20231229,09:23:45,1.2,200,91150
20231229,09:23:52,1.15,150,91150
20231229,09:23:58,1.2,50,91150
20231229,09:24:04,1.15,150,91150
20231229,09:24:09,1.2,50,91150
20231229,09:24:12,1.2,100,91150
20231229,09:24:13,1.2,50,91150
20231229,09:24:16,1.15,100,91150
20231229,09:24:24,1.2,50,91150
20231229,09:24:28,1.2,50,91150
20231229,09:24:33,1.2,100,91150
20231229,09:24:45,1.2,100,91150
20231229,09:24:46,1.15,50,91150
20231229,09:24:47,1.2,100,91150
20231229,09:24:52,1.2,50,91150
20231229,09:24:55,1.2,350,91150
20231229,09:24:56,1.2,50,91150
20231229,09:25:02,1.15,100,91150
20231229,09:25:04,1.2,300,91150
20231229,09:25:05,1.2,300,91150
20231229,09:25:06,1.15,250,91150
20231229,09:25:07,1.2,300,91150
20231229,09:25:08,1.2,1400,91150
20231229,09:25:10,1.2,850,91150
20231229,09:25:12,1.2,300,91150
20231229,09:25:13,1.2,50,91150
20231229,09:25:14,1.15,50,91150
20231229,09:25:18,1.2,50,91150
20231229,09:25:27,1.2,50,91150
20231229,09:25:32,1.2,200,91150
20231229,09:25:33,1.2,50,91150
20231229,09:25:39,1.2,50,91150
20231229,09:25:41,1.2,50,91150
20231229,09:25:43,1.2,100,91150
20231229,09:25:45,1.15,32100,91150
20231229,09:25:47,1.2,50,91150
20231229,09:25:50,1.15,33850,91150
20231229,09:25:51,1.2,50,91150
20231229,09:25:56,1.15,12450,91150
20231229,09:25:58,1.15,250,91150
20231229,09:26:06,1.15,100,91150
20231229,09:26:20,1.15,250,139600
20231229,09:26:21,1.15,100,139600
20231229,09:26:22,1.15,100,139600
20231229,09:26:29,1.15,50,139600
20231229,09:26:30,1.15,250,139600
20231229,09:26:32,1.15,300,139600
20231229,09:26:37,1.15,250,139600
20231229,09:26:42,1.1,1800,139600
20231229,09:26:48,1.1,50,139600
20231229,09:26:55,1.1,1050,139600
20231229,09:26:58,1.15,150,139600
20231229,09:26:59,1.15,50,139600
20231229,09:27:03,1.15,50,139600
20231229,09:27:09,1.1,50,139600
20231229,09:27:12,1.15,200,139600
20231229,09:27:14,1.15,800,139600
20231229,09:27:15,1.15,550,139600
20231229,09:27:17,1.15,950,139600
20231229,09:27:19,1.15,200,139600
20231229,09:27:20,1.15,200,139600
20231229,09:27:21,1.1,1000,139600
20231229,09:27:22,1.1,3000,139600
20231229,09:27:23,1.1,3000,139600
20231229,09:27:24,1.1,4000,139600
20231229,09:27:26,1.15,550,139600
20231229,09:27:29,1.15,50,139600
20231229,09:27:31,1.15,800,139600
20231229,09:27:32,1.15,550,139600
20231229,09:27:34,1.15,1300,139600
20231229,09:27:35,1.15,1000,139600
20231229,09:27:36,1.15,50,139600
20231229,09:27:37,1.15,1400,139600
20231229,09:27:38,1.15,1050,139600
20231229,09:27:39,1.15,50,139600
20231229,09:27:40,1.15,2100,139600
20231229,09:27:42,1.1,4350,139600
20231229,09:27:46,1.15,50,139600
20231229,09:27:47,1.15,100,139600
20231229,09:27:49,1.1,1250,139600
20231229,09:28:04,1.15,400,139600
20231229,09:28:05,1.1,700,139600
20231229,09:28:07,1.15,100,139600
20231229,09:28:08,1.15,150,139600
20231229,09:28:09,1.15,150,139600
20231229,09:28:10,1.15,200,139600
20231229,09:28:12,1.15,100,139600
20231229,09:28:14,1.15,150,139600
20231229,09:28:15,1.15,50,139600
20231229,09:28:18,1.15,1800,139600
20231229,09:28:20,1.15,250,139600
20231229,09:28:21,1.15,50,139600
20231229,09:28:25,1.1,50,139600
20231229,09:28:27,1.15,50,139600
20231229,09:28:28,1.1,1000,139600
20231229,09:28:29,1.1,2100,139600
20231229,09:28:30,1.1,3000,139600
20231229,09:28:31,1.1,4450,139600
20231229,09:28:34,1.15,50,139600
20231229,09:28:37,1.15,750,139600
20231229,09:28:38,1.15,200,139600
20231229,09:28:39,1.15,500,139600
20231229,09:28:43,1.15,250,139600
20231229,09:28:44,1.15,200,139600
20231229,09:28:45,1.15,300,139600
20231229,09:28:47,1.1,50,139600
20231229,09:28:52,1.1,50,139600
20231229,09:28:53,1.15,1800,139600
20231229,09:28:55,1.15,100,139600
20231229,09:28:59,1.15,50,139600
20231229,09:29:01,1.1,150,139600
20231229,09:29:02,1.15,250,139600
20231229,09:29:03,1.15,250,139600
20231229,09:29:04,1.15,400,139600
20231229,09:29:05,1.15,200,139600
20231229,09:29:06,1.15,900,139600
20231229,09:29:07,1.15,1450,139600
20231229,09:29:08,1.15,350,167250
20231229,09:29:17,1.15,50,167250
20231229,09:29:18,1.15,200,167250
20231229,09:29:21,1.15,100,167250
20231229,09:29:24,1.15,100,167250
20231229,09:29:30,1.1,200,167250
20231229,09:29:31,1.15,1150,167250
20231229,09:29:36,1.1,250,167250
20231229,09:29:45,1.15,200,167250
20231229,09:29:55,1.1,50,167250
20231229,09:29:57,1.15,400,167250
20231229,09:30:02,1.15,50,167250
20231229,09:30:03,1.15,250,167250
20231229,09:30:04,1.1,150,167250
20231229,09:30:08,1.15,100,167250
20231229,09:30:10,1.15,50,167250
20231229,09:30:18,1.15,250,167250
20231229,09:30:19,1.15,50,167250
20231229,09:30:21,1.15,50,167250
20231229,09:30:24,1.15,50,167250
20231229,09:30:26,1.15,1550,167250
20231229,09:30:28,1.15,50,167250
20231229,09:30:32,1.15,200,167250
20231229,09:30:34,1.15,150,167250
20231229,09:30:40,1.15,500,167250
20231229,09:30:41,1.15,50,167250
20231229,09:30:49,1.1,250,167250
20231229,09:30:58,1.1,50,167250
20231229,09:31:01,1.15,50,167250
20231229,09:31:03,1.15,100,167250
20231229,09:31:04,1.15,1950,167250
20231229,09:31:05,1.15,200,167250
20231229,09:31:06,1.15,100,167250
20231229,09:31:07,1.15,250,167250
20231229,09:31:08,1.15,200,167250
20231229,09:31:09,1.15,250,167250
20231229,09:31:10,1.15,100,167250
20231229,09:31:11,1.15,150,167250
20231229,09:31:15,1.15,450,167250
20231229,09:31:19,1.15,50,167250
20231229,09:31:22,1.15,50,167250
20231229,09:31:27,1.15,18800,167250
20231229,09:31:28,1.15,100,167250
20231229,09:31:30,1.15,100,167250
20231229,09:31:31,1.15,1800,167250
20231229,09:31:32,1.15,8100,167250
20231229,09:31:33,1.15,33700,167250
20231229,09:31:34,1.15,300,167250
20231229,09:31:36,1.15,250,167250
20231229,09:31:39,1.2,100,167250
20231229,09:31:45,1.15,300,167250
20231229,09:31:45,1.15,250,167250
20231229,09:31:47,1.2,550,167250
20231229,09:31:47,1.15,950,167250
20231229,09:31:49,1.15,350,167250
20231229,09:31:50,1.2,100,167250
20231229,09:31:53,1.15,1000,167250
20231229,09:31:55,1.15,2000,167250
20231229,09:31:56,1.15,3000,167250
20231229,09:31:57,1.15,22150,167250
20231229,09:32:02,1.15,100,167250
20231229,09:32:04,1.15,50,167250
20231229,09:32:04,1.15,200,167250
20231229,09:32:05,1.15,100,167250
20231229,09:32:06,1.15,100,167250
20231229,09:32:07,1.15,100,167250
20231229,09:32:08,1.15,300,234600
20231229,09:32:17,1.15,400,234600
20231229,09:32:19,1.15,2000,234600
20231229,09:32:21,1.15,50,234600
20231229,09:32:31,1.15,4050,234600
20231229,09:32:32,1.15,300,234600
20231229,09:32:33,1.15,1800,234600
20231229,09:32:34,1.15,1800,234600
20231229,09:32:35,1.15,1800,234600
20231229,09:32:36,1.15,1800,234600
20231229,09:32:37,1.15,1850,234600
20231229,09:32:38,1.15,1800,234600
20231229,09:32:39,1.15,1800,234600
20231229,09:32:40,1.15,6750,234600
20231229,09:32:41,1.2,27500,234600
20231229,09:32:43,1.2,1750,234600
20231229,09:32:48,1.15,50,234600
20231229,09:32:54,1.2,250,234600
20231229,09:32:59,1.2,150,234600
20231229,09:33:03,1.2,350,234600
20231229,09:33:04,1.2,550,234600
20231229,09:33:05,1.2,350,234600
20231229,09:33:06,1.15,1800,234600
20231229,09:33:07,1.2,100,234600
20231229,09:33:09,1.2,1250,234600
20231229,09:33:09,1.15,1100,234600
20231229,09:33:11,1.2,100,234600
20231229,09:33:15,1.2,100,234600
20231229,09:33:17,1.2,50,234600
20231229,09:33:20,1.2,50,234600
20231229,09:33:27,1.2,500,234600
20231229,09:33:28,1.15,350,234600
20231229,09:33:29,1.2,50,234600
20231229,09:33:30,1.15,250,234600
20231229,09:33:35,1.2,50,234600
20231229,09:33:43,1.2,200,234600
20231229,09:33:53,1.2,50,234600
20231229,09:33:53,1.2,100,234600
20231229,09:33:57,1.2,50,234600
20231229,09:33:58,1.2,50,234600
20231229,09:34:05,1.15,50,234600
20231229,09:34:06,1.2,100,234600
20231229,09:34:09,1.2,100,234600
20231229,09:34:13,1.15,250,234600
20231229,09:34:19,1.15,1550,234600
20231229,09:34:21,1.2,50,234600
20231229,09:34:23,1.2,100,234600
20231229,09:34:29,1.2,400,234600
20231229,09:34:30,1.2,100,234600
20231229,09:34:33,1.15,300,234600
20231229,09:34:36,1.2,50,234600
20231229,09:34:41,1.2,450,234600
20231229,09:34:42,1.2,50,234600
20231229,09:34:43,1.15,50,234600
20231229,09:34:43,1.2,200,234600
20231229,09:34:47,1.2,100,234600
20231229,09:34:48,1.2,150,234600
20231229,09:34:51,1.15,5000,234600
20231229,09:34:52,1.15,800,234600
20231229,09:34:53,1.15,550,234600
20231229,09:34:53,1.15,1350,234600
20231229,09:34:55,1.2,50,234600
20231229,09:34:56,1.2,100,234600
20231229,09:34:58,1.2,350,234600
20231229,09:34:59,1.15,500,234600
20231229,09:35:00,1.15,250,234600
20231229,09:35:01,1.15,300,234600
20231229,09:35:03,1.15,350,234600
20231229,09:35:04,1.15,1500,234600
20231229,09:35:09,1.2,50,267650
20231229,09:35:18,1.15,50,267650
20231229,09:35:19,1.2,250,267650
20231229,09:35:20,1.2,100,267650
20231229,09:35:21,1.2,50,267650
20231229,09:35:23,1.15,200,267650
20231229,09:35:25,1.2,50,267650
20231229,09:35:26,1.2,9000,267650
20231229,09:35:28,1.15,1600,267650
20231229,09:35:30,1.2,100,267650
20231229,09:35:31,1.2,200,267650
20231229,09:35:33,1.2,750,267650
20231229,09:35:49,1.15,1500,267650
20231229,09:35:50,1.15,50,267650
20231229,09:35:54,1.2,100,267650
20231229,09:35:57,1.15,750,267650
20231229,09:36:04,1.15,800,267650
20231229,09:36:05,1.15,50,267650
20231229,09:36:07,1.2,300,267650
20231229,09:36:08,1.2,50,267650
20231229,09:36:13,1.2,100,267650
20231229,09:36:16,1.15,5950,267650
20231229,09:36:17,1.1,50,267650
20231229,09:36:23,1.15,50,267650
20231229,09:36:26,1.15,500,267650
20231229,09:36:29,1.15,100,267650
20231229,09:36:33,1.15,50,267650
20231229,09:36:37,1.15,250,267650
20231229,09:36:43,1.15,50,267650
20231229,09:36:46,1.1,400,267650
20231229,09:36:50,1.1,50,267650
20231229,09:36:55,1.15,50,267650
20231229,09:36:58,1.15,5000,267650
20231229,09:37:01,1.1,100,267650
20231229,09:37:03,1.15,50,267650
20231229,09:37:14,1.15,1800,267650
20231229,09:37:17,1.15,2600,267650
20231229,09:37:23,1.15,50,267650
20231229,09:37:29,1.1,50,267650
20231229,09:37:30,1.1,1400,267650
20231229,09:37:31,1.1,3000,267650
20231229,09:37:32,1.1,2500,267650
20231229,09:37:33,1.1,1000,267650
20231229,09:37:34,1.1,3100,267650
20231229,09:37:35,1.1,3000,267650
20231229,09:37:36,1.1,4000,267650
20231229,09:37:37,1.1,2050,267650
20231229,09:37:38,1.1,3000,267650
20231229,09:37:39,1.1,17800,267650
20231229,09:37:40,1.1,9700,267650
20231229,09:37:41,1.1,1500,267650
20231229,09:37:56,1.15,50,267650
20231229,09:37:58,1.15,100,267650
20231229,09:38:13,1.1,1500,314750
20231229,09:38:14,1.1,1000,314750
20231229,09:38:16,1.1,1500,314750
20231229,09:38:17,1.1,500,314750
20231229,09:38:20,1.15,50,314750
20231229,09:38:24,1.15,300,314750
20231229,09:38:27,1.15,50,314750
20231229,09:38:32,1.1,350,314750
20231229,09:38:35,1.1,1000,314750
20231229,09:38:43,1.15,50,314750
20231229,09:38:44,1.15,50,314750
20231229,09:38:52,1.15,150,314750
20231229,09:38:55,1.1,50,314750
20231229,09:39:00,1.1,50,314750
20231229,09:39:01,1.1,200,314750
20231229,09:39:09,1.15,50,314750
20231229,09:39:10,1.15,50,314750
20231229,09:39:44,1.1,600,314750
20231229,09:39:47,1.1,500,314750
20231229,09:39:55,1.1,100,314750
20231229,09:39:56,1.1,50,314750
20231229,09:40:02,1.1,15000,314750
20231229,09:40:03,1.15,1250,314750
20231229,09:40:07,1.15,350,314750
20231229,09:40:09,1.15,150,314750
20231229,09:40:10,1.15,50,314750
20231229,09:40:21,1.1,20750,314750
20231229,09:40:22,1.1,100,314750
20231229,09:40:23,1.1,21250,314750
20231229,09:40:24,1.1,10850,314750
20231229,09:40:25,1.1,50,314750
20231229,09:40:33,1.1,50,314750
20231229,09:40:35,1.1,1800,314750
20231229,09:40:36,1.1,50,314750
20231229,09:40:37,1.1,1800,314750
20231229,09:40:38,1.1,1800,314750
20231229,09:40:39,1.1,2000,314750
20231229,09:40:40,1.05,2100,314750
20231229,09:40:47,1.1,10350,314750
20231229,09:40:48,1.1,3500,314750
20231229,09:40:49,1.1,10200,314750
20231229,09:40:54,1.1,500,314750
20231229,09:40:55,1.05,500,314750
20231229,09:40:56,1.1,50,314750
20231229,09:40:58,1.1,50,314750
20231229,09:40:59,1.1,50,314750
20231229,09:41:00,1.1,50,314750
20231229,09:41:02,1.1,1900,314750
20231229,09:41:03,1.1,2550,314750
20231229,09:41:04,1.1,14600,314750
20231229,09:41:05,1.1,1800,314750
20231229,09:41:22,1.15,50,327650
20231229,09:41:26,1.15,50,327650
20231229,09:41:27,1.15,50,327650
20231229,09:41:32,1.1,50,327650
20231229,09:41:46,1.15,250,327650
20231229,09:41:56,1.1,100,327650
20231229,09:41:57,1.15,500,327650
20231229,09:41:58,1.15,150,327650
20231229,09:42:06,1.15,200,327650
20231229,09:42:08,1.1,550,327650
20231229,09:42:10,1.1,4500,327650
20231229,09:42:11,1.1,500,327650
20231229,09:42:11,1.15,500,327650
20231229,09:42:13,1.1,1700,327650
20231229,09:42:15,1.1,3000,327650
20231229,09:42:15,1.1,16500,327650
20231229,09:42:19,1.1,200,327650
20231229,09:42:21,1.1,8550,327650
20231229,09:42:23,1.05,15300,327650
20231229,09:42:23,1.1,50,327650
20231229,09:42:33,1.1,7600,327650
20231229,09:42:35,1.05,500,327650
20231229,09:42:36,1.05,5300,327650
20231229,09:42:37,1.05,2500,327650
20231229,09:42:38,1.05,3550,327650
20231229,09:42:40,1.05,1000,327650
20231229,09:42:41,1.05,50,327650
20231229,09:42:46,1.1,50,327650
20231229,09:42:50,1.05,50,327650
20231229,09:42:52,1.1,50,327650
20231229,09:42:56,1.1,1850,327650
20231229,09:42:57,1.1,1800,327650
20231229,09:42:59,1.1,250,327650
20231229,09:43:03,1.1,50,327650
20231229,09:43:03,1.1,1900,327650
20231229,09:43:04,1.1,100,327650
20231229,09:43:05,1.1,50,327650
20231229,09:43:06,1.1,100,327650
20231229,09:43:07,1.1,50,327650
20231229,09:43:08,1.1,100,327650
20231229,09:43:09,1.1,400,327650
20231229,09:43:11,1.1,150,327650
20231229,09:43:12,1.1,1800,327650
20231229,09:43:13,1.05,500,327650
20231229,09:43:15,1.1,1800,327650
20231229,09:43:17,1.1,18250,327650
20231229,09:43:17,1.1,3500,327650
20231229,09:43:19,1.1,1000,327650
20231229,09:43:36,1.1,350,327650
20231229,09:43:37,1.15,1900,327650
20231229,09:43:38,1.1,4300,327650
20231229,09:43:39,1.15,3800,327650
20231229,09:43:40,1.15,4800,327650
20231229,09:43:41,1.1,4300,327650
20231229,09:43:42,1.15,2800,327650
20231229,09:43:43,1.15,1800,327650
20231229,09:43:44,1.15,2100,327650
20231229,09:43:45,1.15,1800,327650
20231229,09:43:46,1.15,1800,327650
20231229,09:43:48,1.15,1800,327650
20231229,09:43:52,1.15,550,327650
20231229,09:43:54,1.1,200,327650
20231229,09:43:58,1.1,200,327650
20231229,09:43:59,1.15,200,327650
20231229,09:44:01,1.1,2200,327650
20231229,09:44:02,1.1,3150,327650
20231229,09:44:03,1.15,700,327650
20231229,09:44:04,1.15,2100,327650
20231229,09:44:05,1.1,2850,327650
20231229,09:44:07,1.15,3850,327650
20231229,09:44:07,1.1,3850,327650
20231229,09:44:08,1.1,2300,327650
20231229,09:44:09,1.1,3000,378300
20231229,09:44:10,1.1,2000,378300
20231229,09:44:11,1.1,3200,378300
20231229,09:44:12,1.1,3000,378300
20231229,09:44:13,1.1,2050,378300
20231229,09:44:15,1.1,1100,378300
20231229,09:44:16,1.15,100,378300
20231229,09:44:24,1.1,450,378300
20231229,09:44:27,1.15,50,378300
20231229,09:44:28,1.15,50,378300
20231229,09:44:35,1.15,50,378300
20231229,09:44:35,1.1,9000,378300
20231229,09:44:37,1.1,3000,378300
20231229,09:44:37,1.1,1500,378300
20231229,09:44:39,1.1,29450,378300
20231229,09:44:40,1.1,5600,378300
20231229,09:44:46,1.1,100,378300
20231229,09:44:49,1.15,1800,378300
20231229,09:44:50,1.15,1800,378300
20231229,09:44:51,1.15,1800,378300
20231229,09:44:52,1.15,2000,378300
20231229,09:44:54,1.15,1800,378300
20231229,09:44:55,1.15,1800,378300
20231229,09:44:56,1.15,1800,378300
20231229,09:44:57,1.15,1800,378300
20231229,09:44:58,1.15,1800,378300
20231229,09:44:58,1.15,1850,378300
20231229,09:45:00,1.15,1800,378300
20231229,09:45:01,1.15,1800,378300
20231229,09:45:04,1.1,500,378300
20231229,09:45:06,1.15,1000,378300
20231229,09:45:09,1.1,200,378300
20231229,09:45:23,1.15,1800,378300
20231229,09:45:24,1.15,2000,378300
20231229,09:45:25,1.15,1800,378300
20231229,09:45:26,1.15,1850,378300
20231229,09:45:27,1.15,1800,378300
20231229,09:45:29,1.15,1800,378300
20231229,09:45:30,1.15,1800,378300
20231229,09:45:31,1.15,1800,378300
20231229,09:45:32,1.15,1800,378300
20231229,09:45:34,1.15,1800,378300
20231229,09:45:35,1.15,34450,378300
20231229,09:45:36,1.15,3450,378300
20231229,09:45:38,1.15,6000,378300
20231229,09:45:40,1.15,50,378300
20231229,09:45:43,1.15,50,378300
20231229,09:45:45,1.15,50,378300
20231229,09:45:51,1.15,550,378300
20231229,09:45:58,1.1,200,378300
20231229,09:46:01,1.15,300,378300
20231229,09:46:03,1.1,200,378300
20231229,09:46:06,1.1,200,378300
20231229,09:46:10,1.15,50,378300
20231229,09:46:11,1.15,50,378300
20231229,09:46:12,1.15,50,378300
20231229,09:46:14,1.15,50,378300
20231229,09:46:19,1.1,50,378300
20231229,09:46:25,1.1,200,378300
20231229,09:46:27,1.15,50,378300
20231229,09:46:33,1.1,150,378300
20231229,09:46:35,1.15,1800,378300
20231229,09:46:37,1.15,100,378300
20231229,09:46:43,1.15,500,378300
20231229,09:46:47,1.15,50,378300
20231229,09:46:49,1.1,200,378300
20231229,09:46:53,1.1,300,378300
20231229,09:47:00,1.15,150,378300
20231229,09:47:04,1.15,100,378300
20231229,09:47:06,1.15,50,378300
20231229,09:47:10,1.15,300,395650
20231229,09:47:15,1.15,50,395650
20231229,09:47:29,1.15,50,395650
20231229,09:47:30,1.15,50,395650
20231229,09:47:31,1.15,50,395650
20231229,09:47:32,1.15,50,395650
20231229,09:47:33,1.15,50,395650
20231229,09:47:34,1.15,50,395650
20231229,09:47:35,1.15,50,395650
20231229,09:47:36,1.15,50,395650
20231229,09:47:37,1.15,50,395650
20231229,09:47:38,1.15,24400,395650
20231229,09:47:39,1.2,2050,395650
20231229,09:47:40,1.15,4050,395650
20231229,09:47:41,1.15,3550,395650
20231229,09:47:42,1.15,20650,395650
20231229,09:47:43,1.15,50,395650
20231229,09:47:44,1.15,11900,395650
20231229,09:47:45,1.15,10700,395650
20231229,09:47:46,1.15,100,395650
20231229,09:47:47,1.15,100,395650
20231229,09:47:48,1.15,100,395650
20231229,09:47:49,1.15,100,395650
20231229,09:47:50,1.15,50,395650
20231229,09:47:51,1.15,50,395650
20231229,09:47:52,1.15,50,395650
20231229,09:47:53,1.15,50,395650
20231229,09:47:54,1.15,50,395650
20231229,09:47:55,1.15,50,395650
20231229,09:47:56,1.15,50,395650
20231229,09:47:57,1.15,50,395650
20231229,09:47:58,1.15,50,395650
20231229,09:47:59,1.15,50,395650
20231229,09:48:00,1.15,100,395650
20231229,09:48:01,1.15,50,395650
20231229,09:48:02,1.15,50,395650
20231229,09:48:03,1.15,350,395650
20231229,09:48:04,1.15,50,395650
20231229,09:48:05,1.15,50,395650
20231229,09:48:06,1.15,50,395650
20231229,09:48:07,1.15,50,395650
20231229,09:48:08,1.15,100,395650
20231229,09:48:09,1.15,100,395650
20231229,09:48:10,1.15,150,395650
20231229,09:48:19,1.1,200,395650
20231229,09:48:20,1.15,50,395650
20231229,09:48:21,1.15,50,395650
20231229,09:48:22,1.15,50,395650
20231229,09:48:23,1.15,150,395650
20231229,09:48:24,1.15,150,395650
20231229,09:48:25,1.15,150,395650
20231229,09:48:26,1.1,450,395650
20231229,09:48:27,1.15,200,395650
20231229,09:48:28,1.15,300,395650
20231229,09:48:29,1.15,50,395650
20231229,09:48:30,1.15,50,395650
20231229,09:48:31,1.15,50,395650
20231229,09:48:32,1.15,50,395650
20231229,09:48:33,1.15,50,395650
20231229,09:48:34,1.15,50,395650
20231229,09:48:35,1.15,50,395650
20231229,09:48:36,1.15,50,395650
20231229,09:48:37,1.15,50,395650
20231229,09:48:38,1.15,300,395650
20231229,09:48:39,1.15,650,395650
20231229,09:48:40,1.15,200,395650
20231229,09:48:41,1.15,250,395650
20231229,09:48:42,1.15,50,395650
20231229,09:48:43,1.15,100,395650
20231229,09:48:44,1.15,350,395650
20231229,09:48:45,1.15,50,395650
20231229,09:48:46,1.15,550,395650
20231229,09:48:47,1.15,50,395650
20231229,09:48:48,1.15,50,395650
20231229,09:48:49,1.15,50,395650
20231229,09:48:50,1.15,50,395650
20231229,09:48:51,1.15,300,395650
20231229,09:48:52,1.15,100,395650
20231229,09:48:53,1.15,50,395650
20231229,09:48:54,1.15,50,395650
20231229,09:48:55,1.15,50,395650
20231229,09:48:56,1.15,50,395650
20231229,09:48:57,1.1,250,395650
20231229,09:48:58,1.15,50,395650
20231229,09:48:59,1.15,550,395650
20231229,09:49:00,1.15,200,395650
20231229,09:49:01,1.15,200,395650
20231229,09:49:02,1.1,250,395650
20231229,09:49:05,1.15,50,395650
20231229,09:49:06,1.1,50,395650
20231229,09:49:08,1.15,300,395650
20231229,09:49:09,1.15,250,395650
20231229,09:49:10,1.15,50,395650
20231229,09:49:11,1.15,300,395650
20231229,09:49:12,1.15,250,395650
20231229,09:49:14,1.1,1500,395650
20231229,09:49:22,1.1,500,395650
20231229,09:49:23,1.15,50,395650
20231229,09:49:24,1.15,7250,395650
20231229,09:49:25,1.2,52500,395650
20231229,09:49:27,1.15,1950,395650
20231229,09:49:28,1.15,100,395650
20231229,09:49:29,1.15,50,395650
20231229,09:49:30,1.15,50,395650
20231229,09:49:31,1.15,50,395650
20231229,09:49:32,1.15,100,395650
20231229,09:49:33,1.15,1850,395650
20231229,09:49:34,1.15,5450,395650
20231229,09:49:35,1.15,4700,395650
20231229,09:49:36,1.15,3050,395650
20231229,09:49:37,1.15,14250,395650
20231229,09:49:38,1.15,50,395650
20231229,09:49:39,1.15,50,395650
20231229,09:49:40,1.15,50,395650
20231229,09:49:41,1.15,50,395650
20231229,09:49:42,1.15,50,395650
20231229,09:49:43,1.15,50,395650
20231229,09:49:44,1.15,50,395650
20231229,09:49:45,1.15,150,395650
20231229,09:49:46,1.15,50,395650
20231229,09:49:47,1.15,50,395650
20231229,09:49:48,1.15,100,395650
20231229,09:49:49,1.15,50,395650
20231229,09:49:50,1.15,50,395650
20231229,09:49:51,1.15,50,395650
20231229,09:49:52,1.15,50,395650
20231229,09:49:53,1.15,50,395650
20231229,09:49:54,1.15,50,395650
20231229,09:49:55,1.15,1850,395650
20231229,09:49:56,1.15,13950,395650
20231229,09:49:57,1.15,2650,395650
20231229,09:49:59,1.15,400,395650
20231229,09:50:00,1.15,750,395650
20231229,09:50:01,1.15,300,395650
20231229,09:50:02,1.1,500,395650
20231229,09:50:03,1.15,1650,395650
20231229,09:50:04,1.15,5250,395650
20231229,09:50:05,1.15,7850,395650
20231229,09:50:06,1.15,2550,395650
20231229,09:50:07,1.15,3050,395650
20231229,09:50:08,1.15,11150,395650
20231229,09:50:10,1.15,10450,433550
20231229,09:50:13,1.15,150,433550
20231229,09:50:15,1.1,50,433550
20231229,09:50:18,1.1,50,433550
20231229,09:50:19,1.15,3600,433550
20231229,09:50:23,1.1,100,433550
20231229,09:50:36,1.1,100,433550
20231229,09:50:39,1.15,250,433550
20231229,09:50:40,1.15,1800,433550
20231229,09:50:41,1.15,3650,433550
20231229,09:50:43,1.15,25400,433550
20231229,09:50:48,1.2,50,433550
20231229,09:50:53,1.15,2000,433550
20231229,09:50:54,1.15,500,433550
20231229,09:50:56,1.2,350,433550
20231229,09:50:59,1.15,550,433550
20231229,09:51:00,1.15,2500,433550
20231229,09:51:01,1.15,16550,433550
20231229,09:51:02,1.15,6100,433550
20231229,09:51:03,1.15,1850,433550
20231229,09:51:04,1.15,50,433550
20231229,09:51:05,1.15,50,433550
20231229,09:51:06,1.1,3600,433550
20231229,09:51:07,1.15,1900,433550
20231229,09:51:08,1.15,4800,433550
20231229,09:51:09,1.15,11050,433550
20231229,09:51:10,1.15,3300,433550
20231229,09:51:11,1.15,3950,433550
20231229,09:51:18,1.15,50,433550
20231229,09:51:19,1.15,50,433550
20231229,09:51:20,1.15,2000,433550
20231229,09:51:21,1.15,13050,433550
20231229,09:51:28,1.15,1500,433550
20231229,09:51:32,1.15,300,433550
20231229,09:51:36,1.2,50,433550
20231229,09:51:42,1.2,50,433550
20231229,09:51:44,1.2,50,433550
20231229,09:51:52,1.15,1500,433550
20231229,09:51:53,1.15,250,433550
20231229,09:51:54,1.2,250,433550
20231229,09:51:55,1.2,50,433550
20231229,09:51:56,1.2,50,433550
20231229,09:51:57,1.2,50,433550
20231229,09:51:58,1.2,50,433550
20231229,09:51:59,1.15,250,433550
20231229,09:52:00,1.15,2350,433550
20231229,09:52:01,1.2,200,433550
20231229,09:52:02,1.2,200,433550
20231229,09:52:03,1.2,200,433550
20231229,09:52:06,1.2,50,433550
20231229,09:52:06,1.15,850,433550
20231229,09:52:07,1.2,50,433550
20231229,09:52:08,1.15,200,433550
20231229,09:52:09,1.2,850,433550
20231229,09:52:10,1.2,50,433550
20231229,09:52:11,1.2,50,433550
20231229,09:52:12,1.2,50,433550
20231229,09:52:13,1.2,50,433550
20231229,09:52:14,1.2,50,433550
20231229,09:52:15,1.2,50,433550
20231229,09:52:16,1.2,50,433550
20231229,09:52:17,1.2,50,433550
20231229,09:52:18,1.2,50,433550
20231229,09:52:19,1.2,50,433550
20231229,09:52:20,1.2,50,433550
20231229,09:52:21,1.2,50,433550
20231229,09:52:22,1.2,50,433550
20231229,09:52:23,1.2,50,433550
20231229,09:52:24,1.2,50,433550
20231229,09:52:26,1.2,50,433550
20231229,09:52:27,1.2,50,433550
20231229,09:52:28,1.2,50,433550
20231229,09:52:29,1.2,50,433550
20231229,09:52:30,1.2,50,433550
20231229,09:52:35,1.2,50,433550
20231229,09:52:37,1.2,50,433550
20231229,09:52:39,1.2,50,433550
20231229,09:52:40,1.2,50,433550
20231229,09:52:41,1.15,3100,433550
20231229,09:52:42,1.15,2550,433550
20231229,09:52:43,1.15,3050,433550
20231229,09:52:44,1.15,8300,433550
20231229,09:52:45,1.15,4550,433550
20231229,09:52:46,1.15,1550,433550
20231229,09:52:47,1.15,2700,433550
20231229,09:52:48,1.15,28900,433550
20231229,09:52:49,1.15,2000,433550
20231229,09:52:50,1.15,200,433550
20231229,09:52:53,1.15,200,433550
20231229,09:52:55,1.2,50,433550
20231229,09:52:55,1.15,100,433550
20231229,09:52:56,1.2,50,433550
20231229,09:52:57,1.2,50,433550
20231229,09:52:58,1.15,150,433550
20231229,09:52:59,1.2,100,433550
20231229,09:53:00,1.2,100,433550
20231229,09:53:01,1.15,100,433550
20231229,09:53:02,1.2,50,433550
20231229,09:53:03,1.2,50,433550
20231229,09:53:08,1.15,900,433550
20231229,09:53:13,1.15,1800,473950
20231229,09:53:14,1.15,300,473950
20231229,09:53:15,1.15,400,473950
20231229,09:53:17,1.15,550,473950
20231229,09:53:19,1.2,150,473950
20231229,09:53:27,1.2,50,473950
20231229,09:53:33,1.15,2500,473950
20231229,09:53:33,1.15,1500,473950
20231229,09:53:34,1.15,2650,473950
20231229,09:53:35,1.15,1000,473950
20231229,09:53:38,1.15,1500,473950
20231229,09:53:41,1.2,1800,473950
20231229,09:53:42,1.2,1800,473950
20231229,09:53:43,1.2,1800,473950
20231229,09:53:44,1.15,1850,473950
20231229,09:53:45,1.2,1800,473950
20231229,09:53:46,1.15,1850,473950
20231229,09:53:47,1.2,49700,473950
20231229,09:53:48,1.2,20100,473950
20231229,09:53:50,1.2,1800,473950
20231229,09:53:51,1.2,12950,473950
20231229,09:53:52,1.2,1800,473950
20231229,09:53:55,1.2,150,473950
20231229,09:53:56,1.2,100,473950
20231229,09:53:57,1.2,100,473950
20231229,09:53:58,1.2,50,473950
20231229,09:53:59,1.2,50,473950
20231229,09:54:01,1.15,1100,473950
20231229,09:54:03,1.2,50,473950
20231229,09:54:05,1.2,1000,473950
20231229,09:54:16,1.15,1000,473950
20231229,09:54:17,1.15,2000,473950
20231229,09:54:18,1.15,3500,473950
20231229,09:54:19,1.15,2000,473950
20231229,09:54:26,1.15,1500,473950
20231229,09:54:28,1.15,2500,473950
20231229,09:54:28,1.15,1000,473950
20231229,09:54:31,1.15,2000,473950
20231229,09:54:34,1.15,3000,473950
20231229,09:54:36,1.15,500,473950
20231229,09:54:41,1.15,550,473950
20231229,09:54:42,1.2,50,473950
20231229,09:54:43,1.2,50,473950
20231229,09:54:44,1.2,50,473950
20231229,09:54:45,1.2,200,473950
20231229,09:54:46,1.2,200,473950
20231229,09:54:47,1.2,200,473950
20231229,09:54:48,1.2,200,473950
20231229,09:54:49,1.2,50,473950
20231229,09:54:50,1.2,50,473950
20231229,09:54:51,1.2,50,473950
20231229,09:54:52,1.2,50,473950
20231229,09:54:53,1.15,550,473950
20231229,09:54:54,1.2,50,473950
20231229,09:54:55,1.2,100,473950
20231229,09:54:56,1.2,50,473950
20231229,09:54:57,1.2,350,473950
20231229,09:54:58,1.2,100,473950
20231229,09:54:59,1.2,250,473950
20231229,09:55:00,1.2,200,473950
20231229,09:55:01,1.2,200,473950
20231229,09:55:02,1.2,300,473950
20231229,09:55:03,1.2,350,473950
20231229,09:55:04,1.2,650,473950
20231229,09:55:05,1.2,1200,473950
20231229,09:55:06,1.2,700,473950
20231229,09:55:07,1.2,400,473950
20231229,09:55:08,1.2,1300,473950
20231229,09:55:09,1.2,750,473950
20231229,09:55:10,1.2,50,473950
20231229,09:55:11,1.2,50,473950
20231229,09:55:12,1.2,100,473950
20231229,09:55:13,1.2,50,473950
20231229,09:55:14,1.2,50,473950
20231229,09:55:15,1.15,250,473950
20231229,09:55:16,1.2,100,473950
20231229,09:55:17,1.2,50,473950
20231229,09:55:18,1.2,50,473950
20231229,09:55:19,1.2,50,473950
20231229,09:55:20,1.2,50,473950
20231229,09:55:21,1.2,100,473950
20231229,09:55:25,1.2,50,473950
20231229,09:55:27,1.2,50,473950
20231229,09:55:29,1.2,50,473950
20231229,09:55:31,1.2,50,473950
20231229,09:55:32,1.15,1050,473950
20231229,09:55:33,1.15,1050,473950
20231229,09:55:35,1.15,2150,473950
20231229,09:55:36,1.2,3550,473950
20231229,09:55:36,1.15,1550,473950
20231229,09:55:38,1.15,4550,473950
20231229,09:55:38,1.15,1000,473950
20231229,09:55:39,1.15,1000,473950
20231229,09:55:40,1.15,600,473950
20231229,09:55:42,1.2,5200,473950
20231229,09:55:43,1.2,3500,473950
20231229,09:55:44,1.2,2550,473950
20231229,09:55:44,1.15,1000,473950
20231229,09:55:46,1.2,4850,473950
20231229,09:55:46,1.15,2000,473950
20231229,09:55:48,1.15,25850,473950
20231229,09:55:48,1.15,250,473950
20231229,09:55:50,1.15,300,473950
20231229,09:55:53,1.15,500,473950
20231229,09:55:54,1.15,30550,473950
20231229,09:55:56,1.15,4000,473950
20231229,09:55:57,1.15,5800,473950
20231229,09:55:58,1.2,4400,473950
20231229,09:55:59,1.2,3550,473950
20231229,09:56:00,1.15,9650,473950
20231229,09:56:05,1.15,50,473950
20231229,09:56:07,1.15,50,473950
20231229,09:56:12,1.15,100,555600
20231229,09:56:14,1.15,7250,555600
20231229,09:56:14,1.2,50,555600
20231229,09:56:15,1.2,50,555600
20231229,09:56:16,1.2,50,555600
20231229,09:56:18,1.2,1850,555600
20231229,09:56:18,1.2,50,555600
20231229,09:56:19,1.2,100,555600
20231229,09:56:20,1.2,50,555600
20231229,09:56:21,1.2,50,555600
20231229,09:56:22,1.2,100,555600
20231229,09:56:24,1.2,50,555600
20231229,09:56:26,1.2,1950,555600
20231229,09:56:27,1.2,1100,555600
20231229,09:56:28,1.2,50,555600
20231229,09:56:29,1.2,50,555600
20231229,09:56:31,1.2,50,555600
20231229,09:56:32,1.2,100,555600
20231229,09:56:38,1.2,50,555600
20231229,09:56:40,1.15,1800,555600
20231229,09:56:41,1.15,24100,555600
20231229,09:56:42,1.15,1500,555600
20231229,09:56:48,1.15,50,555600
20231229,09:56:50,1.1,100,555600
20231229,09:56:52,1.1,550,555600
20231229,09:56:56,1.1,550,555600
20231229,09:57:00,1.1,450,555600
20231229,09:57:03,1.15,600,555600
20231229,09:57:05,1.1,100,555600
20231229,09:57:06,1.15,500,555600
20231229,09:57:07,1.15,100,555600
20231229,09:57:08,1.15,50,555600
20231229,09:57:09,1.15,600,555600
20231229,09:57:13,1.1,500,555600
20231229,09:57:16,1.1,450,555600
20231229,09:57:17,1.15,5400,555600
20231229,09:57:17,1.15,200,555600
20231229,09:57:20,1.1,600,555600
20231229,09:57:24,1.1,200,555600
20231229,09:57:34,1.15,50,555600
20231229,09:57:37,1.15,1700,555600
20231229,09:57:38,1.1,50,555600
20231229,09:57:41,1.15,50,555600
20231229,09:57:47,1.15,150,555600
20231229,09:57:53,1.1,50,555600
20231229,09:57:54,1.15,50,555600
20231229,09:58:01,1.15,50,555600
20231229,09:58:03,1.15,150,555600
20231229,09:58:04,1.15,300,555600
20231229,09:58:05,1.15,350,555600
20231229,09:58:06,1.15,350,555600
20231229,09:58:07,1.15,100,555600
20231229,09:58:08,1.15,300,555600
20231229,09:58:09,1.15,600,555600
20231229,09:58:10,1.15,100,555600
20231229,09:58:12,1.15,50,555600
20231229,09:58:13,1.15,100,555600
20231229,09:58:14,1.15,100,555600
20231229,09:58:15,1.15,200,555600
20231229,09:58:16,1.15,200,555600
20231229,09:58:17,1.15,150,555600
20231229,09:58:18,1.15,3250,555600
20231229,09:58:19,1.15,9300,555600
20231229,09:58:20,1.2,37000,555600
20231229,09:58:21,1.2,50,555600
20231229,09:58:23,1.2,100,555600
20231229,09:58:25,1.2,100,555600
20231229,09:58:28,1.2,100,555600
20231229,09:58:29,1.15,2700,555600
20231229,09:58:31,1.15,100,555600
20231229,09:58:33,1.15,100,555600
20231229,09:58:34,1.15,43900,555600
20231229,09:58:36,1.2,100,555600
20231229,09:58:38,1.2,100,555600
20231229,09:58:40,1.2,50,555600
20231229,09:58:41,1.2,50,555600
20231229,09:58:42,1.2,50,555600
20231229,09:58:43,1.2,150,555600
20231229,09:58:44,1.2,100,555600
20231229,09:58:45,1.2,150,555600
20231229,09:58:46,1.2,50,555600
20231229,09:58:47,1.2,250,555600
20231229,09:58:48,1.2,50,555600
20231229,09:58:49,1.2,100,555600
20231229,09:58:50,1.2,50,555600
20231229,09:58:51,1.2,200,555600
20231229,09:58:52,1.2,50,555600
20231229,09:58:53,1.2,50,555600
20231229,09:58:54,1.2,100,555600
20231229,09:58:55,1.2,1100,555600
20231229,09:58:56,1.2,3000,555600
20231229,09:58:57,1.2,1150,555600
20231229,09:58:58,1.2,50,555600
20231229,09:58:59,1.2,100,555600
20231229,09:59:00,1.2,50,555600
20231229,09:59:02,1.2,100,555600
20231229,09:59:03,1.2,50,555600
20231229,09:59:04,1.2,100,555600
20231229,09:59:07,1.2,50,555600
20231229,09:59:08,1.15,5550,555600
20231229,09:59:09,1.2,150,555600
20231229,09:59:10,1.2,150,555600
20231229,09:59:11,1.2,150,555600
20231229,09:59:12,1.2,200,561650
20231229,09:59:13,1.2,150,561650
20231229,09:59:14,1.2,150,561650
20231229,09:59:15,1.2,200,561650
20231229,09:59:16,1.2,150,561650
20231229,09:59:18,1.2,2850,561650
20231229,09:59:30,1.15,100,561650
20231229,09:59:33,1.2,100,561650
20231229,09:59:35,1.2,50,561650
20231229,09:59:36,1.2,50,561650
20231229,09:59:37,1.2,1900,561650
20231229,09:59:38,1.2,150,561650
20231229,09:59:39,1.2,50,561650
20231229,09:59:40,1.2,50,561650
20231229,09:59:41,1.2,100,561650
20231229,09:59:43,1.2,50,561650
20231229,09:59:44,1.2,50,561650
20231229,09:59:46,1.2,100,561650
20231229,09:59:48,1.2,50,561650
20231229,09:59:49,1.2,50,561650
20231229,09:59:51,1.2,100,561650
20231229,09:59:53,1.2,50,561650
20231229,09:59:54,1.2,50,561650
20231229,09:59:56,1.2,100,561650
20231229,09:59:57,1.2,100,561650
20231229,09:59:58,1.15,15150,561650
20231229,09:59:59,1.15,3050,561650
20231229,10:00:00,1.15,2500,561650
20231229,10:00:01,1.15,3100,561650
20231229,10:00:03,1.2,100,561650
20231229,10:00:04,1.2,16450,561650
20231229,10:00:05,1.2,550,561650
20231229,10:00:06,1.2,50,561650
20231229,10:00:07,1.2,50,561650
20231229,10:00:08,1.2,50,561650
20231229,10:00:09,1.2,50,561650
20231229,10:00:11,1.2,50,561650
20231229,10:00:12,1.2,50,561650
20231229,10:00:13,1.2,50,561650
20231229,10:00:14,1.2,50,561650
20231229,10:00:16,1.2,50,561650
20231229,10:00:17,1.2,50,561650
20231229,10:00:18,1.2,50,561650
20231229,10:00:20,1.2,50,561650
20231229,10:00:21,1.2,50,561650
20231229,10:00:22,1.2,50,561650
20231229,10:00:23,1.2,50,561650
20231229,10:00:24,1.2,50,561650
20231229,10:00:26,1.2,550,561650
20231229,10:00:27,1.2,50,561650
20231229,10:00:28,1.2,50,561650
20231229,10:00:29,1.2,50,561650
20231229,10:00:31,1.2,50,561650
20231229,10:00:32,1.2,50,561650
20231229,10:00:33,1.2,50,561650
20231229,10:00:35,1.2,50,561650
20231229,10:00:36,1.2,50,561650
20231229,10:00:37,1.2,50,561650
20231229,10:00:38,1.2,50,561650
20231229,10:00:39,1.2,50,561650
20231229,10:00:41,1.2,50,561650
20231229,10:00:42,1.2,50,561650
20231229,10:00:43,1.2,50,561650
20231229,10:00:44,1.2,200,561650
20231229,10:00:45,1.2,50,561650
20231229,10:00:46,1.2,50,561650
20231229,10:00:47,1.2,50,561650
20231229,10:00:48,1.2,50,561650
20231229,10:00:49,1.2,50,561650
20231229,10:00:51,1.2,50,561650
20231229,10:00:52,1.2,50,561650
20231229,10:00:53,1.2,100,561650
20231229,10:00:54,1.15,5000,561650
20231229,10:00:55,1.2,50,561650
20231229,10:00:56,1.2,50,561650
20231229,10:00:57,1.2,50,561650
20231229,10:00:58,1.2,50,561650
20231229,10:00:59,1.2,50,561650
20231229,10:01:00,1.2,150,561650
20231229,10:01:01,1.2,50,561650
20231229,10:01:02,1.2,50,561650
20231229,10:01:03,1.2,100,561650
20231229,10:01:04,1.2,350,561650
20231229,10:01:05,1.2,100,561650
20231229,10:01:06,1.2,550,561650
20231229,10:01:07,1.2,200,561650
20231229,10:01:08,1.2,450,561650
20231229,10:01:09,1.2,350,561650
20231229,10:01:10,1.2,50,561650
20231229,10:01:11,1.2,50,561650
20231229,10:01:12,1.2,50,561650
20231229,10:01:13,1.2,50,561650
20231229,10:01:14,1.15,850,561650
20231229,10:01:16,1.2,50,561650
20231229,10:01:18,1.2,50,561650
20231229,10:01:21,1.2,50,561650
20231229,10:01:23,1.2,100,561650
20231229,10:01:25,1.2,2000,561650
20231229,10:01:26,1.2,20500,561650
20231229,10:01:27,1.2,500,561650
20231229,10:01:28,1.2,28700,561650
20231229,10:01:30,1.2,250,561650
20231229,10:01:34,1.2,250,561650
20231229,10:01:54,1.15,3000,561650
20231229,10:01:55,1.15,1500,561650
20231229,10:01:56,1.15,2800,561650
20231229,10:01:57,1.15,3000,561650
20231229,10:01:58,1.15,15200,561650
20231229,10:01:59,1.15,3500,561650
20231229,10:02:00,1.15,21750,561650
20231229,10:02:01,1.15,1500,561650
20231229,10:02:02,1.15,550,561650
20231229,10:02:03,1.15,400,561650
20231229,10:02:04,1.15,200,561650
20231229,10:02:05,1.15,100,561650
20231229,10:02:06,1.15,100,561650
20231229,10:02:07,1.15,650,561650
20231229,10:02:08,1.15,650,561650
20231229,10:02:09,1.1,150,561650
20231229,10:02:11,1.15,250,561650
20231229,10:02:14,1.15,250,579650
20231229,10:02:16,1.15,28700,579650
20231229,10:02:17,1.15,17550,579650
20231229,10:02:19,1.15,4550,579650
20231229,10:02:20,1.15,50,579650
20231229,10:02:21,1.15,8300,579650
20231229,10:02:22,1.15,5600,579650
20231229,10:02:23,1.15,100,579650
20231229,10:02:25,1.15,750,579650
20231229,10:02:25,1.15,1650,579650
20231229,10:02:26,1.15,100,579650
20231229,10:02:29,1.15,1800,579650
20231229,10:02:38,1.15,250,579650
20231229,10:02:43,1.15,50,579650
20231229,10:02:45,1.15,250,579650
20231229,10:02:48,1.15,50,579650
20231229,10:02:51,1.15,250,579650
20231229,10:02:54,1.1,50,579650
20231229,10:03:04,1.15,200,579650
20231229,10:03:06,1.15,400,579650
20231229,10:03:07,1.15,700,579650
20231229,10:03:08,1.15,250,579650
20231229,10:03:09,1.15,50,579650
20231229,10:03:13,1.15,1800,579650
20231229,10:03:15,1.1,50,579650
20231229,10:03:16,1.1,50,579650
20231229,10:03:17,1.15,50,579650
20231229,10:03:35,1.15,50,579650
20231229,10:03:36,1.15,50,579650
20231229,10:03:37,1.15,50,579650
20231229,10:03:38,1.15,100,579650
20231229,10:03:39,1.15,50,579650
20231229,10:03:40,1.15,50,579650
20231229,10:03:41,1.15,50,579650
20231229,10:03:42,1.15,50,579650
20231229,10:03:43,1.15,50,579650
20231229,10:03:46,1.15,50,579650
20231229,10:03:47,1.15,50,579650
20231229,10:03:48,1.1,100,579650
20231229,10:03:49,1.15,50,579650
20231229,10:03:50,1.15,50,579650
20231229,10:03:51,1.15,50,579650
20231229,10:03:52,1.15,50,579650
20231229,10:03:53,1.15,50,579650
20231229,10:03:54,1.15,200,579650
20231229,10:03:55,1.15,200,579650
20231229,10:03:56,1.15,200,579650
20231229,10:03:57,1.15,200,579650
20231229,10:03:58,1.15,200,579650
20231229,10:03:59,1.15,200,579650
20231229,10:04:00,1.15,200,579650
20231229,10:04:01,1.15,200,579650
20231229,10:04:02,1.15,200,579650
20231229,10:04:03,1.15,200,579650
20231229,10:04:05,1.15,50,579650
20231229,10:04:06,1.15,50,579650
20231229,10:04:07,1.15,50,579650
20231229,10:04:08,1.15,50,579650
20231229,10:04:09,1.15,50,579650
20231229,10:04:10,1.15,50,579650
20231229,10:04:11,1.15,50,579650
20231229,10:04:12,1.15,50,579650
20231229,10:04:13,1.15,50,579650
20231229,10:04:14,1.15,50,579650
20231229,10:04:15,1.15,50,579650
20231229,10:04:16,1.15,100,579650
20231229,10:04:17,1.1,50,579650
20231229,10:04:18,1.15,100,579650
20231229,10:04:30,1.15,1800,579650
20231229,10:04:31,1.15,4050,579650
20231229,10:04:32,1.15,1800,579650
20231229,10:04:35,1.15,600,579650
20231229,10:04:37,1.15,32250,579650
20231229,10:04:38,1.15,4000,579650
20231229,10:04:40,1.15,4600,579650
20231229,10:04:40,1.15,1500,579650
20231229,10:04:41,1.15,2500,579650
20231229,10:04:42,1.15,4000,579650
20231229,10:04:43,1.15,3150,579650
20231229,10:04:44,1.15,3000,579650
20231229,10:04:45,1.15,3000,579650
20231229,10:04:46,1.15,2100,579650
20231229,10:04:47,1.15,3000,579650
20231229,10:04:48,1.15,3000,579650
20231229,10:04:49,1.15,2000,579650
20231229,10:04:58,1.15,50,579650
20231229,10:04:59,1.15,1000,579650
20231229,10:05:01,1.2,100,579650
20231229,10:05:01,1.2,200,579650
20231229,10:05:02,1.2,350,579650
20231229,10:05:04,1.2,100,579650
20231229,10:05:05,1.2,500,579650
20231229,10:05:06,1.2,450,579650
20231229,10:05:07,1.2,200,579650
20231229,10:05:09,1.2,100,579650
20231229,10:05:15,1.15,500,626100
20231229,10:05:16,1.2,2250,626100
20231229,10:05:18,1.15,1500,626100
20231229,10:05:19,1.2,25950,626100
20231229,10:05:21,1.2,9000,626100
20231229,10:05:21,1.2,4000,626100
20231229,10:05:22,1.2,8650,626100
20231229,10:05:23,1.15,9250,626100
20231229,10:05:25,1.2,4150,626100
20231229,10:05:29,1.15,1800,626100
20231229,10:05:30,1.2,1550,626100
20231229,10:05:31,1.15,3900,626100
20231229,10:05:37,1.15,1800,626100
20231229,10:05:38,1.2,50,626100
20231229,10:05:41,1.15,3350,626100
20231229,10:05:43,1.2,450,626100
20231229,10:05:44,1.15,1800,626100
20231229,10:05:45,1.2,1800,626100
20231229,10:05:47,1.2,1000,626100
20231229,10:05:49,1.2,13500,626100
20231229,10:05:50,1.2,4150,626100
20231229,10:05:51,1.2,5250,626100
20231229,10:05:52,1.2,8000,626100
20231229,10:05:53,1.2,7100,626100
20231229,10:05:55,1.2,100,626100
20231229,10:05:59,1.15,1800,626100
20231229,10:06:07,1.2,500,626100
20231229,10:06:19,1.15,2050,626100
20231229,10:06:21,1.15,1800,626100
20231229,10:06:23,1.15,1800,626100
20231229,10:06:25,1.15,1800,626100
20231229,10:06:26,1.15,1800,626100
20231229,10:06:29,1.15,2300,626100
20231229,10:06:34,1.2,300,626100
20231229,10:06:37,1.15,500,626100
20231229,10:06:43,1.15,1850,626100
20231229,10:06:44,1.15,1800,626100
20231229,10:06:47,1.15,1900,626100
20231229,10:06:56,1.2,200,626100
20231229,10:06:56,1.2,100,626100
20231229,10:07:01,1.2,200,626100
20231229,10:07:02,1.15,1500,626100
20231229,10:07:03,1.15,1500,626100
20231229,10:07:06,1.2,5400,626100
20231229,10:07:09,1.15,2000,626100
20231229,10:07:09,1.15,2500,626100
20231229,10:07:11,1.15,3000,626100
20231229,10:07:21,1.2,400,626100
20231229,10:07:24,1.2,50,626100
20231229,10:07:28,1.2,250,626100
20231229,10:07:30,1.2,41000,626100
20231229,10:07:33,1.25,100,626100
20231229,10:07:41,1.2,1500,626100
20231229,10:07:42,1.2,500,626100
20231229,10:07:44,1.2,3650,626100
20231229,10:07:46,1.2,1000,626100
20231229,10:07:47,1.2,1000,626100
20231229,10:07:48,1.2,2000,626100
20231229,10:07:50,1.25,3000,626100
20231229,10:07:51,1.2,1500,626100
20231229,10:07:52,1.2,2500,626100
20231229,10:07:53,1.2,3050,626100
20231229,10:07:54,1.2,2500,626100
20231229,10:07:55,1.2,2000,626100
20231229,10:07:56,1.2,3550,626100
20231229,10:07:57,1.2,12500,626100
20231229,10:07:57,1.25,7150,626100
20231229,10:07:59,1.2,5000,626100
20231229,10:08:00,1.2,5500,626100
20231229,10:08:01,1.2,200,626100
20231229,10:08:01,1.25,600,626100
20231229,10:08:02,1.2,1200,626100
20231229,10:08:04,1.2,1400,626100
20231229,10:08:05,1.2,2000,626100
20231229,10:08:06,1.2,200,626100
20231229,10:08:07,1.25,2350,626100
20231229,10:08:08,1.25,5850,626100
20231229,10:08:08,1.25,3450,626100
20231229,10:08:10,1.25,550,626100
20231229,10:08:11,1.25,3300,626100
20231229,10:08:13,1.25,5400,722250
20231229,10:08:14,1.25,3700,722250
20231229,10:08:15,1.25,2750,722250
20231229,10:08:16,1.25,50,722250
20231229,10:08:17,1.2,50,722250
20231229,10:08:18,1.3,7800,722250
20231229,10:08:19,1.3,1800,722250
20231229,10:08:20,1.25,2600,722250
20231229,10:08:21,1.3,2400,722250
20231229,10:08:23,1.25,850,722250
20231229,10:08:24,1.25,600,722250
20231229,10:08:26,1.25,1350,722250
20231229,10:08:31,1.25,450,722250
20231229,10:08:35,1.25,6900,722250
20231229,10:08:37,1.2,600,722250
20231229,10:08:38,1.3,6000,722250
20231229,10:08:39,1.25,50,722250
20231229,10:08:40,1.25,1800,722250
20231229,10:08:41,1.25,2550,722250
20231229,10:08:43,1.25,1600,722250
20231229,10:08:44,1.25,50,722250
20231229,10:08:44,1.3,150,722250
20231229,10:08:45,1.25,50,722250
20231229,10:08:47,1.25,100,722250
20231229,10:08:48,1.25,50,722250
20231229,10:08:49,1.25,1250,722250
20231229,10:08:51,1.25,100,722250
20231229,10:08:52,1.25,50,722250
20231229,10:08:53,1.25,50,722250
20231229,10:08:54,1.25,200,722250
20231229,10:08:55,1.25,200,722250
20231229,10:08:56,1.25,1200,722250
20231229,10:08:57,1.25,650,722250
20231229,10:08:58,1.25,50,722250
20231229,10:08:59,1.3,700,722250
20231229,10:09:00,1.3,250,722250
20231229,10:09:01,1.25,50,722250
20231229,10:09:02,1.25,350,722250
20231229,10:09:03,1.25,50,722250
20231229,10:09:04,1.25,50,722250
20231229,10:09:05,1.25,50,722250
20231229,10:09:06,1.25,1250,722250
20231229,10:09:07,1.25,50,722250
20231229,10:09:08,1.25,50,722250
20231229,10:09:09,1.25,50,722250
20231229,10:09:10,1.3,4400,722250
20231229,10:09:11,1.25,19250,722250
20231229,10:09:12,1.25,750,722250
20231229,10:09:13,1.25,50,722250
20231229,10:09:14,1.25,50,722250
20231229,10:09:15,1.25,50,722250
20231229,10:09:16,1.3,300,722250
20231229,10:09:17,1.3,1800,722250
20231229,10:09:19,1.3,1800,722250
20231229,10:09:20,1.3,2650,722250
20231229,10:09:24,1.3,50,722250
20231229,10:09:28,1.3,5400,722250
20231229,10:09:29,1.35,450,722250
20231229,10:09:32,1.3,1850,722250
20231229,10:09:35,1.4,15250,722250
20231229,10:09:36,1.4,1100,722250
20231229,10:09:37,1.35,100,722250
20231229,10:09:38,1.4,4000,722250
20231229,10:09:41,1.4,7150,722250
20231229,10:09:42,1.35,150,722250
20231229,10:09:43,1.4,1800,722250
20231229,10:09:45,1.4,3600,722250
20231229,10:09:46,1.4,1800,722250
20231229,10:09:49,1.4,1800,722250
20231229,10:09:54,1.35,50,722250
20231229,10:09:56,1.4,50,722250
20231229,10:10:03,1.4,50,722250
20231229,10:10:11,1.4,50,722250
20231229,10:10:15,1.4,6800,722250
20231229,10:10:21,1.4,4200,722250
20231229,10:10:25,1.35,200,722250
20231229,10:10:29,1.35,50,722250
20231229,10:10:30,1.35,50,722250
20231229,10:10:31,1.35,100,722250
20231229,10:10:32,1.35,100,722250
20231229,10:10:33,1.35,50,722250
20231229,10:10:34,1.35,100,722250
20231229,10:10:35,1.35,50,722250
20231229,10:10:36,1.35,50,722250
20231229,10:10:37,1.35,200,722250
20231229,10:10:38,1.35,200,722250
20231229,10:10:39,1.35,200,722250
20231229,10:10:42,1.35,2250,722250
20231229,10:10:47,1.35,50,722250
20231229,10:10:49,1.35,500,722250
20231229,10:10:50,1.35,500,722250
20231229,10:10:52,1.4,2450,722250
20231229,10:10:54,1.4,50,722250
20231229,10:10:55,1.35,150,722250
20231229,10:10:58,1.4,50,722250
20231229,10:10:59,1.35,250,722250
20231229,10:11:00,1.35,300,722250
20231229,10:11:01,1.35,2900,722250
20231229,10:11:02,1.35,250,722250
20231229,10:11:03,1.35,300,722250
20231229,10:11:04,1.35,500,722250
20231229,10:11:05,1.35,250,722250
20231229,10:11:06,1.35,1500,722250
20231229,10:11:17,1.4,50,722250
20231229,10:11:22,1.35,600,747850
20231229,10:11:24,1.35,1000,747850
20231229,10:11:25,1.35,1800,747850
20231229,10:11:26,1.35,1800,747850
20231229,10:11:27,1.35,11300,747850
20231229,10:12:02,1.3,3450,747850
20231229,10:12:03,1.35,450,747850
20231229,10:12:05,1.3,1800,747850
20231229,10:12:06,1.3,13950,747850
20231229,10:12:07,1.3,1900,747850
20231229,10:12:11,1.35,50,747850
20231229,10:12:13,1.35,33750,747850
20231229,10:12:18,1.4,4300,747850
20231229,10:12:21,1.35,550,747850
20231229,10:12:22,1.4,100,747850
20231229,10:12:26,1.35,450,747850
20231229,10:12:27,1.35,50,747850
20231229,10:12:28,1.4,300,747850
20231229,10:12:30,1.4,24900,747850
20231229,10:12:31,1.4,1150,747850
20231229,10:12:33,1.45,9650,747850
20231229,10:12:39,1.45,9350,747850
20231229,10:12:45,1.4,50,747850
20231229,10:12:52,1.45,31300,747850
20231229,10:12:55,1.45,400,747850
20231229,10:12:56,1.45,200,747850
20231229,10:12:59,1.5,100,747850
20231229,10:13:00,1.45,300,747850
20231229,10:13:01,1.5,650,747850
20231229,10:13:08,1.45,1500,747850
20231229,10:13:09,1.5,50,747850
20231229,10:13:10,1.5,400,747850
20231229,10:13:15,1.45,10100,747850
20231229,10:13:17,1.5,1800,747850
20231229,10:13:18,1.45,1750,747850
20231229,10:13:24,1.5,10700,747850
20231229,10:13:25,1.5,50,747850
20231229,10:13:26,1.5,8950,747850
20231229,10:13:27,1.55,4050,747850
20231229,10:13:29,1.6,41250,747850
20231229,10:13:30,1.6,2300,747850
20231229,10:13:35,1.55,7200,747850
20231229,10:13:45,1.6,50,747850
20231229,10:13:48,1.55,1000,747850
20231229,10:13:49,1.55,6200,747850
20231229,10:13:50,1.55,3000,747850
20231229,10:13:51,1.55,2000,747850
20231229,10:13:52,1.55,6600,747850
20231229,10:13:53,1.55,6350,747850
20231229,10:13:54,1.55,3000,747850
20231229,10:13:55,1.55,2850,747850
20231229,10:13:56,1.55,3000,747850
20231229,10:13:57,1.55,5400,747850
20231229,10:13:58,1.55,4400,747850
20231229,10:13:59,1.5,2400,747850
20231229,10:14:04,1.5,7400,747850
20231229,10:14:09,1.5,3050,747850
20231229,10:14:10,1.5,2950,747850
20231229,10:14:11,1.45,100,747850
20231229,10:14:12,1.5,450,747850
20231229,10:14:13,1.5,750,747850
20231229,10:14:23,1.5,3550,819400
20231229,10:14:24,1.55,5750,819400
20231229,10:14:25,1.5,1000,819400
20231229,10:14:26,1.55,50,819400
20231229,10:14:32,1.55,50,819400
20231229,10:14:33,1.5,50,819400
20231229,10:14:43,1.55,10500,819400
20231229,10:14:45,1.55,50,819400
20231229,10:14:46,1.55,50,819400
20231229,10:14:47,1.55,50,819400
20231229,10:14:48,1.55,100,819400
20231229,10:14:49,1.55,50,819400
20231229,10:14:50,1.55,50,819400
20231229,10:14:51,1.55,850,819400
20231229,10:14:52,1.55,2100,819400
20231229,10:14:53,1.55,400,819400
20231229,10:14:54,1.55,50,819400
20231229,10:14:56,1.55,1800,819400
20231229,10:14:57,1.55,5300,819400
20231229,10:14:58,1.6,10600,819400
20231229,10:14:59,1.55,3000,819400
20231229,10:15:00,1.55,3000,819400
20231229,10:15:01,1.55,5700,819400
20231229,10:15:02,1.55,2350,819400
20231229,10:15:03,1.55,4750,819400
20231229,10:15:04,1.55,3000,819400
20231229,10:15:05,1.55,5450,819400
20231229,10:15:06,1.55,3000,819400
20231229,10:15:07,1.55,1500,819400
20231229,10:15:08,1.55,4000,819400
20231229,10:15:09,1.55,3000,819400
20231229,10:15:10,1.55,2500,819400
20231229,10:15:11,1.55,3500,819400
20231229,10:15:12,1.55,3150,819400
20231229,10:15:13,1.55,5000,819400
20231229,10:15:14,1.55,2500,819400
20231229,10:15:15,1.55,4300,819400
20231229,10:15:16,1.55,3000,819400
20231229,10:15:17,1.55,3500,819400
20231229,10:15:18,1.55,2000,819400
20231229,10:15:19,1.55,2500,819400
20231229,10:15:20,1.55,3000,819400
20231229,10:15:21,1.55,500,819400
20231229,10:15:22,1.6,550,819400
20231229,10:15:23,1.6,250,819400
20231229,10:15:30,1.55,1000,819400
20231229,10:15:31,1.55,9000,819400
20231229,10:15:33,1.55,1000,819400
20231229,10:15:34,1.55,10600,819400
20231229,10:15:40,1.5,150,819400
20231229,10:15:43,1.5,50,819400
20231229,10:15:49,1.55,5900,819400
20231229,10:15:53,1.55,100,819400
20231229,10:15:57,1.5,2450,819400
20231229,10:16:10,1.55,3600,819400
20231229,10:16:17,1.55,50,819400
20231229,10:16:22,1.5,300,819400
20231229,10:16:24,1.5,300,819400
20231229,10:16:30,1.55,50,819400
20231229,10:16:32,1.55,100,819400
20231229,10:16:34,1.5,250,819400
20231229,10:16:38,1.5,4800,819400
20231229,10:16:46,1.5,1850,819400
20231229,10:16:50,1.5,250,819400
20231229,10:17:01,1.5,600,819400
20231229,10:17:12,1.45,2050,819400
20231229,10:17:21,1.4,100,898550
20231229,10:17:22,1.4,200,898550
20231229,10:17:25,1.4,50,898550
20231229,10:17:30,1.4,50,898550
20231229,10:17:31,1.4,50,898550
20231229,10:17:33,1.4,400,898550
20231229,10:17:36,1.45,200,898550
20231229,10:17:37,1.4,50,898550
20231229,10:17:50,1.4,4800,898550
20231229,10:17:51,1.4,5400,898550
20231229,10:18:06,1.4,2100,898550
20231229,10:18:07,1.4,100,898550
20231229,10:18:08,1.4,100,898550
20231229,10:18:09,1.4,6050,898550
20231229,10:18:09,1.4,250,898550
20231229,10:18:10,1.4,2000,898550
20231229,10:18:16,1.4,1800,898550
20231229,10:18:17,1.4,50,898550
20231229,10:18:20,1.4,350,898550
20231229,10:18:28,1.35,1100,898550
20231229,10:18:28,1.35,50,898550
20231229,10:18:30,1.4,50,898550
20231229,10:18:34,1.35,1000,898550
20231229,10:18:43,1.4,50,898550
20231229,10:19:00,1.35,100,898550
20231229,10:19:01,1.4,250,898550
20231229,10:19:16,1.4,100,898550
20231229,10:19:21,1.4,50,898550
20231229,10:19:33,1.4,50,898550
20231229,10:19:39,1.4,100,898550
20231229,10:19:43,1.4,50,898550
20231229,10:19:49,1.35,1850,898550
20231229,10:19:51,1.35,50,898550
20231229,10:19:52,1.35,150,898550
20231229,10:19:57,1.35,1000,898550
20231229,10:19:58,1.35,2800,898550
20231229,10:19:59,1.35,5100,898550
20231229,10:20:03,1.3,900,898550
20231229,10:20:05,1.3,450,898550
20231229,10:20:26,1.3,50,900300
20231229,10:20:37,1.35,250,900300
20231229,10:20:38,1.35,350,900300
20231229,10:20:46,1.3,500,900300
20231229,10:20:47,1.35,18650,900300
20231229,10:20:52,1.35,6250,900300
20231229,10:20:53,1.35,16050,900300
20231229,10:20:55,1.35,250,900300
20231229,10:20:56,1.35,2900,900300
20231229,10:20:57,1.35,3500,900300
20231229,10:20:58,1.35,650,900300
20231229,10:20:59,1.35,1300,900300
20231229,10:21:00,1.35,1550,900300
20231229,10:21:12,1.4,50,900300
20231229,10:21:13,1.35,6000,900300
20231229,10:21:28,1.35,5950,900300
20231229,10:21:35,1.3,12000,900300
20231229,10:21:44,1.3,50,900300
20231229,10:21:47,1.3,50,900300
20231229,10:21:56,1.3,2850,900300
20231229,10:21:57,1.3,12450,900300
20231229,10:21:58,1.3,700,900300
20231229,10:22:01,1.3,2900,900300
20231229,10:22:02,1.25,250,900300
20231229,10:22:03,1.3,1000,900300
20231229,10:22:07,1.3,100,900300
20231229,10:22:08,1.25,1650,900300
20231229,10:22:11,1.25,1050,900300
20231229,10:22:15,1.25,13250,900300
20231229,10:22:16,1.2,3100,900300
20231229,10:22:17,1.2,300,900300
20231229,10:22:18,1.25,3400,900300
20231229,10:22:19,1.25,1200,900300
20231229,10:22:25,1.25,2000,900300
20231229,10:22:26,1.25,250,900300
20231229,10:22:33,1.25,1750,900300
20231229,10:22:41,1.25,800,900300
20231229,10:22:41,1.2,1800,900300
20231229,10:22:43,1.25,850,900300
20231229,10:22:47,1.2,450,900300
20231229,10:22:54,1.25,250,900300
20231229,10:22:57,1.25,3350,900300
20231229,10:22:58,1.25,250,900300
20231229,10:23:02,1.25,4250,900300
20231229,10:23:13,1.25,300,900300
20231229,10:23:14,1.25,5100,900300
20231229,10:23:15,1.3,50,900300
20231229,10:23:19,1.25,9650,897450
20231229,10:23:22,1.25,5300,897450
20231229,10:23:25,1.25,4750,897450
20231229,10:23:26,1.25,7200,897450
20231229,10:23:27,1.25,300,897450
20231229,10:23:34,1.25,300,897450
20231229,10:23:36,1.3,1000,897450
20231229,10:23:37,1.25,5750,897450
20231229,10:23:38,1.2,3250,897450
20231229,10:23:39,1.25,250,897450
20231229,10:23:47,1.2,400,897450
20231229,10:23:52,1.2,50,897450
20231229,10:23:54,1.2,100,897450
20231229,10:23:55,1.2,100,897450
20231229,10:23:56,1.2,50,897450
20231229,10:23:57,1.2,50,897450
20231229,10:23:58,1.2,50,897450
20231229,10:24:00,1.2,600,897450
20231229,10:24:01,1.2,50,897450
20231229,10:24:02,1.2,200,897450
20231229,10:24:03,1.2,350,897450
20231229,10:24:05,1.2,400,897450
20231229,10:24:06,1.2,50,897450
20231229,10:24:07,1.2,50,897450
20231229,10:24:08,1.2,50,897450
20231229,10:24:10,1.2,50,897450
20231229,10:24:11,1.2,550,897450
20231229,10:24:12,1.2,50,897450
20231229,10:24:13,1.2,50,897450
20231229,10:24:14,1.2,50,897450
20231229,10:24:15,1.2,50,897450
20231229,10:24:17,1.2,1150,897450
20231229,10:24:30,1.25,50,897450
20231229,10:24:32,1.2,50,897450
20231229,10:24:41,1.2,50,897450
20231229,10:24:42,1.2,50,897450
20231229,10:24:44,1.2,100,897450
20231229,10:24:45,1.2,50,897450
20231229,10:24:46,1.2,200,897450
20231229,10:24:47,1.2,200,897450
20231229,10:24:49,1.2,400,897450
20231229,10:24:50,1.2,200,897450
20231229,10:24:51,1.2,50,897450
20231229,10:24:52,1.25,200,897450
20231229,10:24:53,1.2,200,897450
20231229,10:24:54,1.2,50,897450
20231229,10:24:55,1.2,50,897450
20231229,10:24:56,1.2,50,897450
20231229,10:24:57,1.2,3800,897450
20231229,10:24:58,1.2,50,897450
20231229,10:24:59,1.2,2000,897450
20231229,10:25:00,1.2,9200,897450
20231229,10:25:01,1.2,200,897450
20231229,10:25:02,1.2,200,897450
20231229,10:25:03,1.25,50,897450
20231229,10:25:05,1.2,50,897450
20231229,10:25:06,1.2,50,897450
20231229,10:25:07,1.2,6450,897450
20231229,10:25:08,1.2,50,897450
20231229,10:25:09,1.2,50,897450
20231229,10:25:10,1.2,50,897450
20231229,10:25:11,1.15,3700,897450
20231229,10:25:12,1.2,450,897450
20231229,10:25:13,1.15,100,897450
20231229,10:25:14,1.15,50,897450
20231229,10:25:15,1.15,50,897450
20231229,10:25:17,1.2,50,897450
20231229,10:25:18,1.2,100,897450
20231229,10:25:23,1.15,50,897450
20231229,10:25:24,1.15,50,897450
20231229,10:25:25,1.15,50,897450
20231229,10:25:26,1.15,100,897450
20231229,10:25:27,1.15,50,897450
20231229,10:25:28,1.15,50,897450
20231229,10:25:29,1.15,200,897450
20231229,10:25:30,1.15,200,897450
20231229,10:25:31,1.15,200,897450
20231229,10:25:32,1.15,200,897450
20231229,10:25:33,1.15,100,897450
20231229,10:25:34,1.15,50,897450
20231229,10:25:35,1.15,50,897450
20231229,10:25:36,1.2,1850,897450
20231229,10:25:37,1.2,1850,897450
20231229,10:25:38,1.2,3700,897450
20231229,10:25:39,1.15,200,897450
20231229,10:25:40,1.15,150,897450
20231229,10:25:41,1.2,2300,897450
20231229,10:25:47,1.2,50,897450
20231229,10:25:50,1.15,150,897450
20231229,10:25:51,1.15,150,897450
20231229,10:25:56,1.15,1800,897450
20231229,10:26:01,1.2,28800,897450
20231229,10:26:04,1.2,1700,897450
20231229,10:26:08,1.2,200,897450
20231229,10:26:09,1.2,150,897450
20231229,10:26:10,1.15,3650,897450
20231229,10:26:11,1.15,50,897450
20231229,10:26:13,1.15,50,897450
20231229,10:26:15,1.2,1950,899400
20231229,10:26:16,1.2,1950,899400
20231229,10:26:17,1.2,1950,899400
20231229,10:26:18,1.15,1800,899400
20231229,10:26:25,1.2,100,899400
20231229,10:26:34,1.2,50,899400
20231229,10:26:35,1.15,150,899400
20231229,10:26:36,1.15,150,899400
20231229,10:26:37,1.15,150,899400
20231229,10:26:45,1.15,200,899400
20231229,10:26:46,1.15,150,899400
20231229,10:26:47,1.15,150,899400
20231229,10:26:48,1.15,150,899400
20231229,10:26:51,1.2,50,899400
20231229,10:26:52,1.15,150,899400
20231229,10:26:53,1.15,150,899400
20231229,10:26:55,1.2,50,899400
20231229,10:26:57,1.2,50,899400
20231229,10:26:58,1.15,1950,899400
20231229,10:26:59,1.15,3750,899400
20231229,10:27:00,1.15,150,899400
20231229,10:27:01,1.15,150,899400
20231229,10:27:02,1.15,150,899400
20231229,10:27:03,1.15,150,899400
20231229,10:27:04,1.15,150,899400
20231229,10:27:06,1.2,1350,899400
20231229,10:27:07,1.15,4000,899400
20231229,10:27:11,1.15,50,899400
20231229,10:27:12,1.15,150,899400
20231229,10:27:13,1.15,150,899400
20231229,10:27:15,1.2,200,899400
20231229,10:27:18,1.2,100,899400
20231229,10:27:20,1.15,50,899400
20231229,10:27:21,1.2,50,899400
20231229,10:27:24,1.2,1050,899400
20231229,10:27:25,1.2,100,899400
20231229,10:27:28,1.2,450,899400
20231229,10:27:29,1.2,1800,899400
20231229,10:27:30,1.15,1950,899400
20231229,10:27:31,1.2,1950,899400
20231229,10:27:32,1.15,150,899400
20231229,10:27:57,1.2,50,899400
20231229,10:28:07,1.15,150,899400
20231229,10:28:08,1.15,150,899400
20231229,10:28:09,1.15,150,899400
20231229,10:28:09,1.2,50,899400
20231229,10:28:15,1.2,50,899400
20231229,10:28:16,1.2,150,899400
20231229,10:28:18,1.15,50,899400
20231229,10:28:19,1.2,150,899400
20231229,10:28:23,1.2,50,899400
20231229,10:28:24,1.15,50,899400
20231229,10:28:25,1.15,50,899400
20231229,10:28:26,1.15,4900,899400
20231229,10:28:27,1.15,150,899400
20231229,10:28:28,1.15,150,899400
20231229,10:28:48,1.2,50,899400
20231229,10:28:50,1.15,50,899400
20231229,10:28:51,1.2,200,899400
20231229,10:29:03,1.2,150,899400
20231229,10:29:10,1.2,50,899400
20231229,10:29:16,1.15,1800,897250
20231229,10:29:30,1.2,750,897250
20231229,10:29:40,1.2,150,897250
20231229,10:29:42,1.2,50,897250
20231229,10:29:45,1.2,900,897250
20231229,10:29:47,1.2,50,897250
20231229,10:29:49,1.15,50,897250
20231229,10:29:59,1.15,250,897250
20231229,10:30:02,1.15,850,897250
20231229,10:30:04,1.15,400,897250
20231229,10:30:04,1.15,300,897250
20231229,10:30:05,1.15,250,897250
20231229,10:30:07,1.15,300,897250
20231229,10:30:08,1.2,50,897250
20231229,10:30:09,1.2,50,897250
20231229,10:30:15,1.2,150,897250
20231229,10:30:16,1.2,150,897250
20231229,10:30:18,1.2,1100,897250
20231229,10:30:19,1.2,950,897250
20231229,10:30:22,1.15,300,897250
20231229,10:30:23,1.15,2150,897250
20231229,10:30:27,1.15,50,897250
20231229,10:30:27,1.15,300,897250
20231229,10:30:28,1.15,5650,897250
20231229,10:30:30,1.15,250,897250
20231229,10:30:38,1.15,250,897250
20231229,10:30:40,1.15,16550,897250
20231229,10:30:43,1.15,150,897250
20231229,10:30:44,1.15,13300,897250
20231229,10:30:47,1.15,100,897250
20231229,10:30:52,1.15,50,897250
20231229,10:30:54,1.15,200,897250
20231229,10:30:57,1.15,100,897250
20231229,10:30:59,1.15,100,897250
20231229,10:31:01,1.15,400,897250
20231229,10:31:06,1.15,1800,897250
20231229,10:31:24,1.15,50,897250
20231229,10:31:29,1.15,200,897250
20231229,10:31:30,1.1,1800,897250
20231229,10:32:04,1.15,5000,897250
20231229,10:32:05,1.15,1800,897250
20231229,10:32:20,1.15,100,899050
20231229,10:32:21,1.15,1850,899050
20231229,10:32:27,1.1,50,899050
20231229,10:32:48,1.15,50,899050
20231229,10:32:51,1.15,50,899050
20231229,10:32:59,1.15,50,899050
20231229,10:33:03,1.15,50,899050
20231229,10:33:04,1.1,850,899050
20231229,10:33:05,1.15,3500,899050
20231229,10:33:06,1.15,200,899050
20231229,10:33:07,1.15,450,899050
20231229,10:33:08,1.15,450,899050
20231229,10:33:09,1.15,150,899050
20231229,10:33:10,1.15,1950,899050
20231229,10:33:12,1.15,50,899050
20231229,10:33:13,1.15,100,899050
20231229,10:33:16,1.1,450,899050
20231229,10:33:17,1.1,250,899050
20231229,10:33:19,1.15,200,899050
20231229,10:33:20,1.15,350,899050
20231229,10:33:26,1.1,800,899050
20231229,10:33:27,1.1,11600,899050
20231229,10:33:28,1.1,250,899050
20231229,10:33:30,1.1,14200,899050
20231229,10:33:31,1.1,1250,899050
20231229,10:33:33,1.1,6200,899050
20231229,10:33:35,1.1,3600,899050
20231229,10:33:37,1.1,7250,899050
20231229,10:33:39,1.1,2700,899050
20231229,10:33:40,1.1,400,899050
20231229,10:33:43,1.1,450,899050
20231229,10:33:44,1.1,2800,899050
20231229,10:33:46,1.1,250,899050
20231229,10:33:53,1.1,2650,899050
20231229,10:33:56,1.15,100,899050
20231229,10:33:58,1.1,250,899050
20231229,10:34:02,1.15,50,899050
20231229,10:34:04,1.1,14400,899050
20231229,10:34:05,1.1,27100,899050
20231229,10:34:06,1.1,5000,899050
20231229,10:34:12,1.1,100,899050
20231229,10:34:13,1.1,1100,899050
20231229,10:34:15,1.1,200,899050
20231229,10:34:17,1.1,1800,899050
20231229,10:34:19,1.1,12750,899050
20231229,10:34:24,1.15,50,899050
20231229,10:34:35,1.1,1000,899050
20231229,10:34:36,1.15,950,899050
20231229,10:34:42,1.15,50,899050
20231229,10:34:51,1.1,750,899050
20231229,10:34:53,1.15,100,899050
20231229,10:35:01,1.1,1200,899050
20231229,10:35:02,1.15,400,899050
20231229,10:35:03,1.15,450,899050
20231229,10:35:04,1.15,300,899050
20231229,10:35:05,1.15,500,899050
20231229,10:35:06,1.15,7200,899050
20231229,10:35:07,1.15,200,899050
20231229,10:35:08,1.15,1200,899050
20231229,10:35:09,1.15,41750,899050
20231229,10:35:10,1.15,7650,899050
20231229,10:35:11,1.15,5550,899050
20231229,10:35:12,1.15,7900,899050
20231229,10:35:13,1.15,6250,899050
20231229,10:35:14,1.15,2050,899050
20231229,10:35:15,1.15,4650,899050
20231229,10:35:16,1.15,3600,899050
20231229,10:35:17,1.15,4750,907750
20231229,10:35:18,1.15,2750,907750
20231229,10:35:19,1.15,2150,907750
20231229,10:35:32,1.15,50,907750
20231229,10:35:35,1.1,3600,907750
20231229,10:35:40,1.1,50,907750
20231229,10:35:55,1.15,50,907750
20231229,10:36:01,1.15,50,907750
20231229,10:36:07,1.15,50,907750
20231229,10:36:13,1.1,250,907750
20231229,10:36:14,1.15,50,907750
20231229,10:36:34,1.15,50,907750
20231229,10:36:34,1.1,5000,907750
20231229,10:36:36,1.1,8500,907750
20231229,10:36:39,1.15,150,907750
20231229,10:36:44,1.15,150,907750
20231229,10:36:51,1.1,250,907750
20231229,10:36:55,1.15,50,907750
20231229,10:37:01,1.1,600,907750
20231229,10:37:02,1.15,100,907750
20231229,10:37:14,1.15,50,907750
20231229,10:37:15,1.15,50,907750
20231229,10:37:20,1.15,1800,907750
20231229,10:37:22,1.15,1800,907750
20231229,10:37:25,1.15,50,907750
20231229,10:37:27,1.15,50,907750
20231229,10:37:29,1.15,100,907750
20231229,10:37:56,1.1,6000,907750
20231229,10:37:57,1.1,100,907750
20231229,10:38:02,1.15,100,907750
20231229,10:38:07,1.15,2000,907750
20231229,10:38:09,1.15,50,907750
20231229,10:38:17,1.1,50,905200
20231229,10:38:19,1.15,350,905200
20231229,10:38:25,1.15,50,905200
20231229,10:38:29,1.15,50,905200
20231229,10:38:33,1.1,300,905200
20231229,10:38:36,1.15,200,905200
20231229,10:38:42,1.15,50,905200
20231229,10:38:44,1.15,50,905200
20231229,10:38:58,1.15,450,905200
20231229,10:39:01,1.1,1800,905200
20231229,10:39:07,1.15,50,905200
20231229,10:39:09,1.1,5400,905200
20231229,10:39:11,1.15,2000,905200
20231229,10:39:12,1.15,1000,905200
20231229,10:39:13,1.15,2000,905200
20231229,10:39:18,1.1,1800,905200
20231229,10:39:19,1.1,5400,905200
20231229,10:39:26,1.15,50,905200
20231229,10:39:32,1.1,100,905200
20231229,10:39:34,1.15,1700,905200
20231229,10:39:39,1.1,1800,905200
20231229,10:39:44,1.1,250,905200
20231229,10:39:46,1.15,50,905200
20231229,10:39:47,1.1,450,905200
20231229,10:39:48,1.1,1800,905200
20231229,10:39:50,1.15,600,905200
20231229,10:39:53,1.1,4950,905200
20231229,10:39:53,1.1,9600,905200
20231229,10:39:54,1.1,1500,905200
20231229,10:39:55,1.1,18550,905200
20231229,10:40:03,1.1,50,905200
20231229,10:40:04,1.1,200,905200
20231229,10:40:05,1.1,150,905200
20231229,10:40:07,1.1,1950,905200
20231229,10:40:07,1.1,50,905200
20231229,10:40:09,1.1,50,905200
20231229,10:40:10,1.1,50,905200
20231229,10:40:12,1.1,50,905200
20231229,10:40:14,1.1,500,905200
20231229,10:40:18,1.1,5400,905200
20231229,10:40:24,1.1,50,905200
20231229,10:40:39,1.1,50,905200
20231229,10:40:42,1.1,50,905200
20231229,10:40:49,1.1,1800,905200
20231229,10:40:50,1.1,50,905200
20231229,10:40:50,1.1,1800,905200
20231229,10:40:51,1.1,2600,905200
20231229,10:40:57,1.1,50,905200
20231229,10:41:00,1.1,50,905200
20231229,10:41:00,1.1,1800,905200
20231229,10:41:02,1.1,100,905200
20231229,10:41:08,1.1,50,905200
20231229,10:41:14,1.05,50,905200
20231229,10:41:15,1.1,400,905200
20231229,10:41:17,1.05,300,907550
20231229,10:41:18,1.05,300,907550
20231229,10:41:20,1.05,600,907550
20231229,10:41:24,1.05,300,907550
20231229,10:41:26,1.05,50,907550
20231229,10:41:32,1.1,50,907550
20231229,10:41:43,1.1,50,907550
20231229,10:41:44,1.1,100,907550
20231229,10:41:46,1.05,50,907550
20231229,10:41:49,1.1,50,907550
20231229,10:41:52,1.05,1750,907550
20231229,10:41:54,1.1,50,907550
20231229,10:42:08,1.05,50,907550
20231229,10:42:09,1.1,1800,907550
20231229,10:42:28,1.1,50,907550
20231229,10:42:32,1.1,600,907550
20231229,10:42:42,1.1,150,907550
20231229,10:42:50,1.1,250,907550
20231229,10:42:53,1.1,9000,907550
20231229,10:42:54,1.1,150,907550
20231229,10:43:21,1.1,50,907550
20231229,10:43:23,1.1,1200,907550
20231229,10:43:27,1.1,7000,907550
20231229,10:43:28,1.1,30450,907550
20231229,10:43:29,1.1,250,907550
20231229,10:43:31,1.15,50,907550
20231229,10:43:33,1.15,50,907550
20231229,10:43:34,1.1,50,907550
20231229,10:43:35,1.1,100,907550
20231229,10:43:39,1.15,50,907550
20231229,10:43:40,1.15,50,907550
20231229,10:43:44,1.1,3850,907550
20231229,10:43:49,1.1,9750,907550
20231229,10:43:56,1.1,50,907550
20231229,10:43:59,1.1,100,907550
20231229,10:44:01,1.05,200,907550
20231229,10:44:06,1.1,50,907550
20231229,10:44:12,1.1,50,907550
20231229,10:44:13,1.1,50,907550
20231229,10:44:14,1.1,50,907550
20231229,10:44:15,1.1,13300,907550
20231229,10:44:16,1.1,800,907550
20231229,10:44:22,1.1,450,909050
20231229,10:44:24,1.1,250,909050
20231229,10:44:25,1.1,800,909050
20231229,10:44:29,1.1,100,909050
20231229,10:44:44,1.1,50,909050
20231229,10:44:47,1.15,100,909050
20231229,10:44:55,1.15,50,909050
20231229,10:44:58,1.1,50,909050
20231229,10:45:10,1.15,50,909050
20231229,10:45:11,1.15,50,909050
20231229,10:45:18,1.15,50,909050
20231229,10:45:24,1.15,750,909050
20231229,10:45:29,1.1,50,909050
20231229,10:45:52,1.15,50,909050
20231229,10:45:53,1.15,400,909050
20231229,10:45:55,1.15,50,909050
20231229,10:46:00,1.15,50,909050
20231229,10:46:02,1.1,5400,909050
20231229,10:46:11,1.15,50,909050
20231229,10:46:15,1.1,50,909050
20231229,10:46:29,1.15,200,909050
20231229,10:46:33,1.15,50,909050
20231229,10:46:34,1.1,250,909050
20231229,10:46:35,1.1,250,909050
20231229,10:46:37,1.1,50,909050
20231229,10:46:39,1.15,1600,909050
20231229,10:46:42,1.1,250,909050
20231229,10:46:44,1.1,1550,909050
20231229,10:47:02,1.15,600,909050
20231229,10:47:12,1.15,450,909050
20231229,10:47:23,1.15,50,912200
20231229,10:47:26,1.15,50,912200
20231229,10:47:39,1.1,50,912200
20231229,10:47:41,1.15,50,912200
20231229,10:47:47,1.15,50,912200
20231229,10:47:49,1.15,50,912200
20231229,10:48:00,1.15,500,912200
20231229,10:48:10,1.15,50,912200
20231229,10:48:17,1.15,50,912200
20231229,10:48:18,1.15,50,912200
20231229,10:48:21,1.15,1000,912200
20231229,10:48:31,1.1,50,912200
20231229,10:48:33,1.15,2000,912200
20231229,10:48:48,1.15,50,912200
20231229,10:48:51,1.1,500,912200
20231229,10:49:02,1.15,50,912200
20231229,10:49:11,1.1,50,912200
20231229,10:49:19,1.15,50,912200
20231229,10:49:23,1.1,450,912200
20231229,10:49:39,1.15,100,912200
20231229,10:49:50,1.15,1050,912200
20231229,10:50:05,1.1,50,912200
20231229,10:50:10,1.15,50,912200
20231229,10:50:11,1.15,50,912200
20231229,10:50:17,1.1,100,912200
20231229,10:50:21,1.15,50,912300
20231229,10:50:24,1.15,50,912300
20231229,10:50:32,1.1,400,912300
20231229,10:50:33,1.15,200,912300
20231229,10:50:34,1.15,1100,912300
20231229,10:50:40,1.15,300,912300
20231229,10:50:41,1.1,100,912300
20231229,10:50:43,1.1,1500,912300
20231229,10:50:47,1.15,5400,912300
20231229,10:51:00,1.1,50,912300
20231229,10:51:20,1.1,100,912300
20231229,10:51:31,1.15,150,912300
20231229,10:51:42,1.15,400,912300
20231229,10:51:42,1.1,100,912300
20231229,10:51:54,1.15,50,912300
20231229,10:52:02,1.1,200,912300
20231229,10:52:02,1.1,50,912300
20231229,10:52:07,1.15,50,912300
20231229,10:52:13,1.1,150,912300
20231229,10:52:25,1.1,50,912300
20231229,10:52:29,1.15,900,912300
20231229,10:52:49,1.15,50,912300
20231229,10:53:06,1.15,350,912300
20231229,10:53:25,1.15,350,912300
20231229,10:53:33,1.15,50,912300
20231229,10:53:35,1.15,500,912300
20231229,10:53:36,1.15,50,912300
20231229,10:53:53,1.15,1500,912300
20231229,10:54:03,1.1,50,912300
20231229,10:54:06,1.15,100,912300
20231229,10:54:12,1.15,300,912300
20231229,10:54:25,1.1,150,912300
20231229,10:54:26,1.1,150,912300
20231229,10:54:27,1.1,150,912300
20231229,10:54:28,1.1,2250,912300
20231229,10:54:31,1.1,50,912300
20231229,10:54:34,1.1,50,912300
20231229,10:54:41,1.1,200,912300
20231229,10:54:42,1.1,150,912300
20231229,10:54:53,1.15,50,912300
20231229,10:55:05,1.15,50,912300
20231229,10:55:07,1.15,50,912300
20231229,10:55:28,1.15,50,912300
20231229,10:55:31,1.15,1800,912300
20231229,10:55:33,1.1,100,912300
20231229,10:55:36,1.15,50,912300
20231229,10:55:41,1.15,50,912300
20231229,10:55:52,1.15,50,912300
20231229,10:55:54,1.15,150,912300
20231229,10:56:18,1.1,900,912300
20231229,10:56:29,1.1,50,912300
20231229,10:56:33,1.15,50,912300
20231229,10:56:37,1.15,100,912300
20231229,10:56:43,1.15,50,912300
20231229,10:57:01,1.15,50,912300
20231229,10:57:11,1.1,350,912300
20231229,10:57:15,1.1,100,912300
20231229,10:57:19,1.15,50,912300
20231229,10:57:29,1.1,50,912300
20231229,10:57:43,1.15,250,912300
20231229,10:57:45,1.15,50,912300
20231229,10:58:04,1.15,50,912300
20231229,10:58:30,1.1,50,912300
20231229,10:58:45,1.1,50,912300
20231229,10:58:59,1.15,50,912300
20231229,10:59:44,1.1,1800,912300
20231229,10:59:45,1.15,200,912300
20231229,11:00:04,1.15,50,912300
20231229,11:00:10,1.15,50,912300
20231229,11:00:15,1.15,50,912300
20231229,11:00:20,1.1,50,912300
20231229,11:00:36,1.1,50,912300
20231229,11:00:38,1.15,50,912300
20231229,11:00:44,1.15,50,912300
20231229,11:01:05,1.1,400,912300
20231229,11:01:32,1.1,50,912300
20231229,11:01:32,1.15,150,912300
20231229,11:01:41,1.1,100,912300
20231229,11:01:41,1.1,3600,912300
20231229,11:01:42,1.15,50,912300
20231229,11:01:51,1.15,100,912300
20231229,11:01:55,1.15,50,912300
20231229,11:02:12,1.15,150,912300
20231229,11:02:22,1.15,100,912300
20231229,11:02:43,1.15,50,913350
20231229,11:02:51,1.1,50,913350
20231229,11:02:55,1.15,2800,913350
20231229,11:02:57,1.1,450,913350
20231229,11:03:17,1.15,50,913350
20231229,11:03:26,1.1,2800,913350
20231229,11:03:42,1.15,100,913350
20231229,11:04:01,1.1,350,913350
20231229,11:04:02,1.1,50,913350
20231229,11:04:16,1.1,600,913350
20231229,11:04:17,1.1,200,913350
20231229,11:04:18,1.15,100,913350
20231229,11:04:31,1.15,150,913350
20231229,11:04:55,1.1,14850,913350
20231229,11:04:56,1.05,34250,913350
20231229,11:04:57,1.1,100,913350
20231229,11:04:58,1.1,250,913350
20231229,11:04:59,1.1,50,913350
20231229,11:05:00,1.1,100,913350
20231229,11:05:01,1.1,550,913350
20231229,11:05:02,1.1,50,913350
20231229,11:05:03,1.1,50,913350
20231229,11:05:05,1.1,100,913350
20231229,11:05:07,1.1,50,913350
20231229,11:05:08,1.1,50,913350
20231229,11:05:10,1.1,100,913350
20231229,11:05:12,1.1,50,913350
20231229,11:05:13,1.1,50,913350
20231229,11:05:14,1.1,50,913350
20231229,11:05:15,1.1,50,913350
20231229,11:05:17,1.1,750,913350
20231229,11:05:18,1.1,50,913350
20231229,11:05:20,1.1,100,913350
20231229,11:05:23,1.1,50,917950
20231229,11:05:24,1.1,50,917950
20231229,11:05:27,1.1,50,917950
20231229,11:05:30,1.1,100,917950
20231229,11:05:32,1.1,50,917950
20231229,11:05:33,1.1,50,917950
20231229,11:05:34,1.1,400,917950
20231229,11:05:35,1.1,400,917950
20231229,11:05:36,1.1,200,917950
20231229,11:05:39,1.1,100,917950
20231229,11:05:41,1.1,50,917950
20231229,11:05:42,1.1,50,917950
20231229,11:05:43,1.1,50,917950
20231229,11:05:50,1.05,1800,917950
20231229,11:05:51,1.05,9000,917950
20231229,11:05:52,1.05,8700,917950
20231229,11:06:02,1.1,50,917950
20231229,11:06:09,1.1,50,917950
20231229,11:06:11,1.1,250,917950
20231229,11:06:17,1.1,300,917950
20231229,11:06:18,1.1,250,917950
20231229,11:06:20,1.05,6900,917950
20231229,11:06:21,1.1,550,917950
20231229,11:06:24,1.1,50,917950
20231229,11:06:28,1.05,50,917950
20231229,11:06:39,1.05,1800,917950
20231229,11:06:41,1.05,1800,917950
20231229,11:06:42,1.1,50,917950
20231229,11:06:43,1.05,1800,917950
20231229,11:06:45,1.05,1850,917950
20231229,11:06:46,1.1,50,917950
20231229,11:06:47,1.1,1850,917950
20231229,11:06:48,1.1,50,917950
20231229,11:06:51,1.05,1850,917950
20231229,11:06:52,1.1,50,917950
20231229,11:06:53,1.1,50,917950
20231229,11:06:55,1.1,50,917950
20231229,11:06:56,1.05,900,917950
20231229,11:06:57,1.1,50,917950
20231229,11:06:58,1.1,50,917950
20231229,11:07:00,1.1,50,917950
20231229,11:07:01,1.1,50,917950
20231229,11:07:02,1.1,50,917950
20231229,11:07:03,1.1,50,917950
20231229,11:07:05,1.1,50,917950
20231229,11:07:06,1.1,50,917950
20231229,11:07:11,1.1,50,917950
20231229,11:07:31,1.1,50,917950
20231229,11:07:46,1.05,150,917950
20231229,11:07:58,1.05,50,917950
20231229,11:08:10,1.1,50,917950
20231229,11:08:12,1.1,50,917950
20231229,11:08:13,1.1,50,917950
20231229,11:08:15,1.05,150,917950
20231229,11:08:16,1.1,50,917950
20231229,11:08:17,1.1,50,917950
20231229,11:08:18,1.1,50,917950
20231229,11:08:20,1.1,50,917950
20231229,11:08:20,1.1,1800,917950
20231229,11:08:21,1.1,50,916600
20231229,11:08:23,1.1,100,916600
20231229,11:08:25,1.1,50,916600
20231229,11:08:25,1.1,1800,916600
20231229,11:08:26,1.1,1850,916600
20231229,11:08:27,1.1,1800,916600
20231229,11:08:28,1.1,3700,916600
20231229,11:08:29,1.1,1800,916600
20231229,11:08:30,1.1,1850,916600
20231229,11:08:31,1.1,50,916600
20231229,11:08:32,1.1,50,916600
20231229,11:08:33,1.1,50,916600
20231229,11:08:34,1.1,1800,916600
20231229,11:08:35,1.1,1850,916600
20231229,11:08:36,1.1,1850,916600
20231229,11:08:37,1.1,3600,916600
20231229,11:08:38,1.1,2000,916600
20231229,11:08:39,1.1,1800,916600
20231229,11:08:40,1.1,100,916600
20231229,11:08:41,1.1,50,916600
20231229,11:08:54,1.1,50,916600
20231229,11:09:03,1.1,300,916600
20231229,11:09:06,1.05,2550,916600
20231229,11:09:08,1.1,150,916600
20231229,11:09:20,1.1,50,916600
20231229,11:09:25,1.1,50,916600
20231229,11:09:26,1.1,50,916600
20231229,11:09:29,1.1,50,916600
20231229,11:09:31,1.1,300,916600
20231229,11:09:35,1.1,50,916600
20231229,11:09:36,1.1,50,916600
20231229,11:09:37,1.1,50,916600
20231229,11:09:38,1.1,50,916600
20231229,11:09:39,1.05,150,916600
20231229,11:09:40,1.1,50,916600
20231229,11:09:43,1.1,50,916600
20231229,11:09:45,1.1,50,916600
20231229,11:09:46,1.1,50,916600
20231229,11:09:47,1.1,50,916600
20231229,11:09:49,1.1,50,916600
20231229,11:09:50,1.1,100,916600
20231229,11:09:51,1.1,50,916600
20231229,11:09:53,1.1,50,916600
20231229,11:09:54,1.1,50,916600
20231229,11:09:55,1.1,50,916600
20231229,11:09:57,1.1,50,916600
20231229,11:09:58,1.1,50,916600
20231229,11:10:00,1.1,50,916600
20231229,11:10:01,1.1,50,916600
20231229,11:10:04,1.1,50,916600
20231229,11:10:05,1.1,50,916600
20231229,11:10:06,1.1,50,916600
20231229,11:10:07,1.1,150,916600
20231229,11:10:08,1.1,50,916600
20231229,11:10:11,1.1,50,916600
20231229,11:10:12,1.1,150,916600
20231229,11:10:13,1.1,50,916600
20231229,11:10:14,1.1,50,916600
20231229,11:10:24,1.1,50,916600
20231229,11:10:32,1.05,50,916600
20231229,11:10:37,1.1,50,916600
20231229,11:10:48,1.1,500,916600
20231229,11:10:51,1.05,50,916600
20231229,11:10:54,1.1,100,916600
20231229,11:11:06,1.05,50,916600
20231229,11:11:32,1.05,850,918050
20231229,11:11:38,1.1,50,918050
20231229,11:11:48,1.1,50,918050
20231229,11:11:51,1.05,50,918050
20231229,11:11:54,1.1,100,918050
20231229,11:11:55,1.1,50,918050
20231229,11:11:56,1.1,50,918050
20231229,11:11:59,1.1,50,918050
20231229,11:12:13,1.1,200,918050
20231229,11:12:20,1.05,50,918050
20231229,11:12:35,1.1,150,918050
20231229,11:12:40,1.1,50,918050
20231229,11:12:42,1.1,50,918050
20231229,11:12:43,1.1,50,918050
20231229,11:12:44,1.1,50,918050
20231229,11:12:45,1.1,50,918050
20231229,11:12:47,1.1,50,918050
20231229,11:12:50,1.1,50,918050
20231229,11:12:51,1.1,50,918050
20231229,11:12:52,1.1,50,918050
20231229,11:12:53,1.1,50,918050
20231229,11:12:54,1.1,50,918050
20231229,11:12:55,1.1,50,918050
20231229,11:12:57,1.1,50,918050
20231229,11:12:58,1.1,50,918050
20231229,11:12:59,1.1,50,918050
20231229,11:13:00,1.1,50,918050
20231229,11:13:02,1.1,50,918050
20231229,11:13:03,1.1,50,918050
20231229,11:13:04,1.1,50,918050
20231229,11:13:05,1.1,50,918050
20231229,11:13:07,1.1,50,918050
20231229,11:13:08,1.1,50,918050
20231229,11:13:13,1.1,50,918050
20231229,11:13:17,1.05,1800,918050
20231229,11:13:24,1.1,450,918050
20231229,11:13:40,1.1,50,918050
20231229,11:13:43,1.1,300,918050
20231229,11:13:43,1.1,50,918050
20231229,11:13:45,1.1,100,918050
20231229,11:13:47,1.1,50,918050
20231229,11:13:48,1.05,150,918050
20231229,11:13:50,1.1,50,918050
20231229,11:13:52,1.1,50,918050
20231229,11:13:53,1.1,50,918050
20231229,11:13:55,1.1,50,918050
20231229,11:13:58,1.1,50,918050
20231229,11:14:00,1.1,50,918050
20231229,11:14:02,1.1,50,918050
20231229,11:14:03,1.1,50,918050
20231229,11:14:03,1.1,150,918050
20231229,11:14:05,1.1,50,918050
20231229,11:14:07,1.1,50,918050
20231229,11:14:08,1.1,50,918050
20231229,11:14:10,1.1,50,918050
20231229,11:14:11,1.1,50,918050
20231229,11:14:12,1.1,50,918050
20231229,11:14:13,1.1,50,918050
20231229,11:14:15,1.1,50,918050
20231229,11:14:35,1.05,1350,915200
20231229,11:15:53,1.1,50,915200
20231229,11:16:05,1.1,100,915200
20231229,11:16:07,1.05,1000,915200
20231229,11:16:17,1.1,50,915200
20231229,11:16:19,1.1,550,915200
20231229,11:16:20,1.05,500,915200
20231229,11:16:30,1.1,50,915200
20231229,11:16:32,1.1,50,915200
20231229,11:16:33,1.1,500,915200
20231229,11:16:34,1.05,750,915200
20231229,11:16:56,1.1,50,915200
20231229,11:17:11,1.1,50,915200
20231229,11:17:28,1.1,50,915200
20231229,11:17:31,1.1,50,914550
20231229,11:17:44,1.1,50,914550
20231229,11:17:45,1.1,50,914550
20231229,11:17:50,1.1,50,914550
20231229,11:17:52,1.1,200,914550
20231229,11:18:34,1.05,150,914550
20231229,11:18:36,1.1,50,914550
20231229,11:18:50,1.1,100,914550
20231229,11:19:21,1.1,50,914550
20231229,11:19:37,1.1,50,914550
20231229,11:19:38,1.1,50,914550
20231229,11:19:52,1.05,100,914550
20231229,11:19:53,1.1,50,914550
20231229,11:19:58,1.1,100,914550
20231229,11:20:16,1.05,200,914550
20231229,11:20:21,1.1,450,914550
20231229,11:20:23,1.1,300,914550
20231229,11:20:24,1.1,500,914550
20231229,11:20:26,1.05,2000,914550
20231229,11:20:32,1.1,50,914550
20231229,11:20:36,1.05,50,914550
20231229,11:20:48,1.1,50,914550
20231229,11:20:58,1.05,50,914550
20231229,11:21:00,1.1,50,914550
20231229,11:21:01,1.05,500,914550
20231229,11:21:06,1.1,50,914550
20231229,11:21:12,1.1,50,914550
20231229,11:21:30,1.1,300,914550
20231229,11:21:39,1.1,50,914550
20231229,11:21:40,1.1,50,914550
20231229,11:21:45,1.1,50,914550
20231229,11:21:49,1.1,50,914550
20231229,11:21:59,1.1,100,914550
20231229,11:22:20,1.05,1100,914550
20231229,11:22:24,1.05,100,914550
20231229,11:22:31,1.1,200,914550
20231229,11:23:01,1.1,50,914550
20231229,11:23:05,1.1,50,914550
20231229,11:23:07,1.1,350,914550
20231229,11:23:08,1.1,50,914550
20231229,11:23:13,1.1,300,914550
20231229,11:23:26,1.1,1200,914550
20231229,11:23:32,1.1,1800,914550
20231229,11:23:41,1.05,50,914550
20231229,11:23:43,1.1,100,914550
20231229,11:24:06,1.1,50,914550
20231229,11:24:16,1.1,250,914550
20231229,11:24:39,1.1,50,914550
20231229,11:24:57,1.1,1800,914550
20231229,11:24:59,1.05,50,914550
20231229,11:25:18,1.05,250,914550
20231229,11:25:33,1.1,200,914550
20231229,11:25:44,1.1,50,914550
20231229,11:26:15,1.1,50,914550
20231229,11:26:20,1.05,100,914550
20231229,11:26:21,1.1,50,914550
20231229,11:26:22,1.05,50,914550
20231229,11:26:30,1.1,100,914550
20231229,11:26:31,1.05,200,915200
20231229,11:26:39,1.1,50,915200
20231229,11:26:45,1.05,250,915200
20231229,11:26:47,1.1,50,915200
20231229,11:26:49,1.05,1200,915200
20231229,11:26:55,1.1,50,915200
20231229,11:26:56,1.1,250,915200
20231229,11:27:26,1.1,100,915200
20231229,11:28:27,1.1,50,915200
20231229,11:28:34,1.05,500,915200
20231229,11:28:35,1.05,100,915200
20231229,11:28:38,1.05,100,915200
20231229,11:28:39,1.05,600,915200
20231229,11:28:43,1.05,600,915200
20231229,11:28:46,1.1,50,915200
20231229,11:28:48,1.05,600,915200
20231229,11:28:56,1.05,600,915200
20231229,11:29:10,1.1,50,915200
20231229,11:29:50,1.1,50,915200
20231229,11:29:54,1.1,50,915100
20231229,11:29:57,1.1,1000,915100
20231229,11:29:59,1.05,50,915100
20231229,11:30:00,1.1,50,915100
20231229,11:30:26,1.05,150,915100
20231229,11:30:33,1.05,50,915100
20231229,11:30:36,1.1,150,915100
20231229,11:30:38,1.1,100,915100
20231229,11:30:42,1.05,50,915100
20231229,11:30:47,1.1,50,915100
20231229,11:31:05,1.05,50,915100
20231229,11:31:10,1.05,50,915100
20231229,11:31:33,1.05,50,915100
20231229,11:32:24,1.05,200,914650
20231229,11:32:40,1.1,150,914650
20231229,11:32:48,1.05,50,914650
20231229,11:33:22,1.05,200,914650
20231229,11:33:36,1.1,150,914650
20231229,11:33:46,1.1,50,914650
20231229,11:33:56,1.1,50,914650
20231229,11:33:58,1.1,50,914650
20231229,11:34:06,1.05,50,914650
20231229,11:34:12,1.1,50,914650
20231229,11:34:17,1.05,50,914650
20231229,11:34:29,1.1,50,914650
20231229,11:34:30,1.1,50,914650
20231229,11:34:32,1.05,150,914650
20231229,11:34:33,1.05,650,914650
20231229,11:34:34,1.05,150,914650
20231229,11:34:38,1.05,50,914650
20231229,11:34:40,1.1,50,914650
20231229,11:34:43,1.1,50,914650
20231229,11:34:45,1.1,50,914650
20231229,11:34:50,1.1,50,914650
20231229,11:34:53,1.05,50,914650
20231229,11:34:56,1.1,1550,914650
20231229,11:35:12,1.1,50,914650
20231229,11:35:20,1.05,1500,914650
20231229,11:35:23,1.1,500,914650
20231229,11:35:31,1.05,6450,913300
20231229,11:35:32,1.05,13850,913300
20231229,11:35:33,1.05,5450,913300
20231229,11:35:43,1.0,300,913300
20231229,11:35:44,1.0,200,913300
20231229,11:35:55,1.0,50,913300
20231229,11:35:57,1.0,50,913300
20231229,11:35:58,1.05,1800,913300
20231229,11:36:09,1.05,50,913300
20231229,11:36:31,1.0,50,913300
20231229,11:36:35,1.0,350,913300
20231229,11:36:39,1.0,4750,913300
20231229,11:36:40,1.0,5400,913300
20231229,11:36:41,1.0,7350,913300
20231229,11:36:43,1.0,4850,913300
20231229,11:36:45,1.05,100,913300
20231229,11:36:56,1.0,300,913300
20231229,11:36:58,1.05,1600,913300
20231229,11:37:23,1.0,1800,913300
20231229,11:37:24,1.0,8200,913300
20231229,11:37:25,1.0,3500,913300
20231229,11:37:26,1.0,8250,913300
20231229,11:37:27,1.0,1800,913300
20231229,11:37:28,1.0,1800,913300
20231229,11:37:29,1.0,3500,913300
20231229,11:37:31,1.0,2000,913300
20231229,11:37:32,1.0,1000,913300
20231229,11:37:34,1.0,3600,913300
20231229,11:37:35,1.0,1800,913300
20231229,11:37:36,1.0,3500,913300
20231229,11:37:44,1.0,3650,913300
20231229,11:37:46,1.0,50,913300
20231229,11:37:49,1.0,500,913300
20231229,11:37:50,1.0,50,913300
20231229,11:37:53,0.95,50,913300
20231229,11:37:54,0.95,900,913300
20231229,11:37:55,0.95,500,913300
20231229,11:38:00,0.95,100,913300
20231229,11:38:14,0.95,50,913300
20231229,11:38:23,1.0,250,913300
20231229,11:38:24,1.0,50,913300
20231229,11:38:28,0.95,450,917400
20231229,11:38:29,1.0,50,917400
20231229,11:38:31,0.95,50,917400
20231229,11:38:39,0.95,50,917400
20231229,11:38:42,0.95,300,917400
20231229,11:38:46,0.95,50,917400
20231229,11:39:07,1.0,50,917400
20231229,11:39:15,0.95,150,917400
20231229,11:39:18,1.0,100,917400
20231229,11:39:27,1.0,400,917400
20231229,11:39:32,1.0,50,917400
20231229,11:39:33,1.0,50,917400
20231229,11:39:46,1.0,50,917400
20231229,11:39:55,0.95,50,917400
20231229,11:40:08,0.95,250,917400
20231229,11:40:21,1.0,450,917400
20231229,11:40:24,1.0,50,917400
20231229,11:40:35,1.0,50,917400
20231229,11:40:36,0.95,500,917400
20231229,11:40:40,1.0,1000,917400
20231229,11:40:41,0.95,1800,917400
20231229,11:40:43,0.95,50,917400
20231229,11:40:44,1.0,350,917400
20231229,11:40:49,1.0,150,917400
20231229,11:40:50,0.95,50,917400
20231229,11:40:52,1.0,50,917400
20231229,11:40:57,1.0,250,917400
20231229,11:40:59,1.0,50,917400
20231229,11:41:05,0.95,50,917400
20231229,11:41:08,1.0,300,917400
20231229,11:41:10,1.0,50,917400
20231229,11:41:17,1.0,200,917400
20231229,11:41:32,1.0,50,917400
20231229,11:41:50,0.95,50,917400
20231229,11:41:55,1.0,50,917400
20231229,11:42:10,0.95,50,917400
20231229,11:42:33,1.0,100,917400
20231229,11:42:44,1.0,500,917400
20231229,11:43:12,0.95,50,917400
20231229,11:43:16,1.0,1000,917400
20231229,11:43:29,0.95,50,917400
20231229,11:43:30,1.0,150,917400
20231229,11:43:36,0.95,200,917400
20231229,11:43:41,1.0,400,917400
20231229,11:43:42,1.0,50,917400
20231229,11:44:11,1.0,4850,917400
20231229,11:44:11,1.0,29400,917400
20231229,11:44:14,1.0,100,917400
20231229,11:44:21,1.0,100,917400
20231229,11:44:27,1.05,800,911350
20231229,11:44:32,1.05,200,911350
20231229,11:44:51,1.0,50,911350
20231229,11:44:52,1.05,500,911350
20231229,11:45:00,1.0,50,911350
20231229,11:45:06,1.05,50,911350
20231229,11:45:10,1.05,250,911350
20231229,11:45:12,1.05,50,911350
20231229,11:45:57,1.0,500,911350
20231229,11:45:59,1.05,50,911350
20231229,11:46:01,1.05,500,911350
20231229,11:46:01,1.0,500,911350
20231229,11:46:07,1.05,500,911350
20231229,11:46:07,1.0,500,911350
20231229,11:46:15,1.05,200,911350
20231229,11:46:16,1.05,250,911350
20231229,11:46:17,1.0,250,911350
20231229,11:46:26,1.05,50,911350
20231229,11:46:40,1.05,50,911350
20231229,11:47:28,1.05,500,911350
20231229,11:47:28,1.0,500,911350
20231229,11:47:37,1.05,250,911350
20231229,11:47:37,1.0,250,911350
20231229,11:47:40,1.05,50,911350
20231229,11:47:41,1.0,500,911350
20231229,11:47:44,1.05,50,911350
20231229,11:47:49,1.0,50,911350
20231229,11:48:21,1.05,50,911350
20231229,11:48:23,1.05,50,911350
20231229,11:48:33,1.05,50,911350
20231229,11:48:35,1.0,50,911350
20231229,11:49:05,1.05,100,911350
20231229,11:49:40,1.05,50,911350
20231229,11:49:59,1.05,50,911350
20231229,11:50:15,1.0,600,911350
20231229,11:50:16,1.0,1000,911350
20231229,11:50:19,1.05,500,911350
20231229,11:50:32,1.0,50,911350
20231229,11:50:37,1.05,50,911350
20231229,11:50:38,1.05,50,911350
20231229,11:50:46,1.05,50,911350
20231229,11:50:47,1.05,50,911350
20231229,11:50:49,1.0,50,911350
20231229,11:51:32,1.0,50,911350
20231229,11:51:44,1.0,1800,911350
20231229,11:51:46,1.05,50,911350
20231229,11:51:47,1.0,5200,911350
20231229,11:51:53,1.0,50,911350
20231229,11:51:58,1.0,3500,911350
20231229,11:52:10,0.95,50,911350
20231229,11:52:31,1.0,1000,911350
20231229,11:52:41,0.95,1000,911350
20231229,11:52:45,0.95,50,911350
20231229,11:52:52,1.0,100,911350
20231229,11:52:53,1.0,50,911350
20231229,11:52:54,1.0,15200,911350
20231229,11:53:04,1.05,50,911350
20231229,11:53:06,1.05,50,911350
20231229,11:53:07,1.05,50,911350
20231229,11:53:34,1.05,50,911350
20231229,11:53:49,1.05,1000,912950
20231229,11:54:05,1.05,50,912950
20231229,11:54:14,1.0,8300,912950
20231229,11:54:37,1.0,150,912950
20231229,11:54:40,1.0,200,912950
20231229,11:54:50,1.0,100,912950
20231229,11:54:52,0.95,50,912950
20231229,11:54:53,0.95,50,912950
20231229,11:55:03,1.0,1800,912950
20231229,11:55:14,0.95,50,912950
20231229,11:55:16,1.0,50,912950
20231229,11:55:18,1.0,1800,912950
20231229,11:55:19,1.0,19450,912950
20231229,11:55:21,1.0,250,912950
20231229,11:55:41,1.05,50,912950
20231229,11:55:45,1.0,24750,912950
20231229,11:55:51,1.0,50,912950
20231229,11:55:53,1.05,12500,912950
20231229,11:55:55,1.05,50,912950
20231229,11:56:02,1.05,50,912950
20231229,11:56:06,1.05,50,912950
20231229,11:56:07,1.05,100,912950
20231229,11:56:08,1.05,50,912950
20231229,11:56:13,1.0,10000,912950
20231229,11:56:16,1.0,4650,912950
20231229,11:56:17,1.0,50,912950
20231229,11:56:23,1.0,50,912950
20231229,11:56:30,1.0,50,911350
20231229,11:56:34,1.0,50,911350
20231229,11:56:35,1.0,50,911350
20231229,11:56:38,1.0,50,911350
20231229,11:56:41,1.0,200,911350
20231229,11:56:41,1.0,600,911350
20231229,11:56:43,1.0,500,911350
20231229,11:56:47,1.0,250,911350
20231229,11:56:50,1.0,450,911350
20231229,11:56:55,1.0,100,911350
20231229,11:56:56,1.0,350,911350
