date,time,tick_price,volume,open_interest
20240221,09:27:56,0.85,100,700
20240221,09:28:50,0.7,100,700
20240221,09:29:38,0.65,50,700
20240221,09:29:39,0.6,450,700
20240221,09:32:01,0.7,50,700
20240221,09:32:21,0.65,50,700
20240221,09:32:59,0.5,1000,700
20240221,09:33:50,0.5,600,700
20240221,09:34:15,0.5,50,700
20240221,09:34:33,0.45,200,1750
20240221,09:34:33,0.4,250,1750
20240221,09:34:34,0.4,150,1750
20240221,09:34:41,0.45,50,1750
20240221,09:36:34,0.45,50,1750
20240221,09:36:42,0.45,50,1750
20240221,09:39:59,0.45,50,1750
20240221,09:41:05,0.45,100,1750
20240221,09:41:58,0.45,1000,1750
20240221,09:43:39,0.45,50,2650
20240221,09:43:46,0.45,50,2650
20240221,09:45:21,0.4,50,2650
20240221,09:47:29,0.35,50,2700
20240221,09:51:50,0.35,50,2650
20240221,09:52:04,0.35,1000,2700
20240221,09:52:37,0.4,300,2700
20240221,09:52:38,0.4,50,2700
20240221,09:52:39,0.4,50,2700
20240221,09:52:40,0.4,50,2700
20240221,09:52:46,0.4,100,2700
20240221,09:53:31,0.35,100,2700
20240221,09:53:42,0.4,50,2700
20240221,09:53:46,0.4,50,2700
20240221,09:55:20,0.4,50,2700
20240221,09:55:43,0.4,50,1750
20240221,09:57:26,0.4,50,1750
20240221,09:57:46,0.4,500,1750
20240221,09:58:33,0.4,200,2400
20240221,09:58:40,0.4,500,2400
20240221,10:03:17,0.4,150,2400
20240221,10:03:18,0.4,50,3100
20240221,10:03:21,0.4,50,3100
20240221,10:03:41,0.4,50,3100
20240221,10:03:53,0.45,150,3100
20240221,10:04:44,0.35,50,3100
20240221,10:06:11,0.45,100,3500
20240221,10:06:22,0.45,50,3500
20240221,10:06:36,0.45,50,3500
20240221,10:10:54,0.35,150,3650
20240221,10:11:30,0.45,200,3650
20240221,10:13:00,0.45,50,3650
20240221,10:13:09,0.45,50,3700
20240221,10:15:08,0.45,350,3700
20240221,10:15:11,0.5,50,3700
20240221,10:17:07,0.5,150,4050
20240221,10:17:10,0.5,50,4050
20240221,10:18:19,0.5,400,4050
20240221,10:18:20,0.5,250,4050
20240221,10:20:19,0.45,150,4900
20240221,10:20:37,0.4,50,4900
20240221,10:21:29,0.55,50,4900
20240221,10:21:47,0.55,50,4900
20240221,10:22:55,0.45,200,4850
20240221,10:22:57,0.5,50,4850
20240221,10:22:58,0.5,100,4850
20240221,10:22:59,0.5,50,4850
20240221,10:23:00,0.65,350,4850
20240221,10:23:25,0.5,50,4850
20240221,10:23:38,0.55,50,4850
20240221,10:25:37,0.55,50,5150
20240221,10:25:37,0.55,200,5150
20240221,10:26:29,0.55,50,5150
20240221,10:26:50,0.45,250,5150
20240221,10:26:58,0.45,250,5150
20240221,10:27:04,0.45,250,5150
20240221,10:27:14,0.45,250,5150
20240221,10:27:42,0.45,250,5150
20240221,10:29:13,0.45,500,5150
20240221,10:29:14,0.45,100,6700
20240221,10:29:27,0.45,50,6700
20240221,10:29:28,0.45,50,6700
20240221,10:29:41,0.4,200,6700
20240221,10:29:51,0.5,1000,6700
20240221,10:30:13,0.5,400,6700
20240221,10:30:14,0.6,1850,6700
20240221,10:30:15,0.6,400,6700
20240221,10:30:37,0.6,950,6700
20240221,10:31:36,0.6,50,9450
20240221,10:34:17,0.6,100,9450
20240221,10:34:50,0.6,2200,9500
20240221,10:36:14,0.6,50,9500
20240221,10:37:29,0.45,50,9500
20240221,10:38:41,0.6,200,11750
20240221,10:39:28,0.6,50,11750
20240221,10:39:29,0.6,150,11750
20240221,10:40:56,0.45,50,11750
20240221,10:41:35,0.6,300,12100
20240221,10:41:48,0.55,50,12100
20240221,10:41:52,0.5,800,12100
20240221,10:41:53,0.5,100,12100
20240221,10:41:54,0.5,100,12100
20240221,10:41:56,0.5,50,12100
20240221,10:41:57,0.5,100,12100
20240221,10:42:01,0.45,150,12100
20240221,10:42:09,0.5,50,12100
20240221,10:42:37,0.45,1100,12100
20240221,10:42:47,0.45,700,12100
20240221,10:42:50,0.5,50,12100
20240221,10:43:00,0.45,1800,12100
20240221,10:43:26,0.4,950,12100
20240221,10:43:36,0.45,50,14850
20240221,10:43:39,0.45,50,14850
20240221,10:43:40,0.45,50,14850
20240221,10:44:14,0.4,900,14850
20240221,10:44:42,0.45,50,14850
20240221,10:45:01,0.45,100,14850
20240221,10:45:06,0.45,50,14850
20240221,10:45:38,0.45,50,14850
20240221,10:45:40,0.45,1100,14850
20240221,10:46:20,0.4,50,16600
20240221,10:46:37,0.5,50,16600
20240221,10:47:31,0.4,50,16600
20240221,10:48:05,0.5,50,16600
20240221,10:48:15,0.5,50,16600
20240221,10:48:30,0.5,50,16600
20240221,10:49:12,0.5,50,16600
20240221,10:50:25,0.5,250,16800
20240221,10:51:13,0.4,50,16800
20240221,10:52:22,0.5,50,16800
20240221,10:53:31,0.45,100,17100
20240221,10:53:32,0.45,50,17100
20240221,10:53:34,0.45,50,17100
20240221,10:53:36,0.45,100,17100
20240221,10:53:38,0.45,50,17100
20240221,10:53:39,0.45,50,17100
20240221,10:54:42,0.45,100,17100
20240221,10:55:51,0.45,100,17100
20240221,10:58:09,0.4,50,17150
20240221,10:59:44,0.45,100,17250
20240221,11:01:33,0.45,50,17350
20240221,11:01:45,0.4,600,17350
20240221,11:02:30,0.45,50,17350
20240221,11:03:33,0.4,50,17350
20240221,11:08:33,0.45,100,17450
20240221,11:08:44,0.45,50,17450
20240221,11:10:04,0.4,250,17450
20240221,11:11:03,0.4,200,17450
20240221,11:12:47,0.45,50,17650
20240221,11:12:57,0.45,50,17650
20240221,11:14:05,0.45,1800,17650
20240221,11:14:59,0.4,750,17900
20240221,11:16:37,0.4,50,19700
20240221,11:16:56,0.4,50,19700
20240221,11:16:57,0.4,50,19700
20240221,11:17:38,0.4,50,19700
20240221,11:18:26,0.4,100,19700
20240221,11:19:31,0.4,50,19700
20240221,11:19:46,0.4,50,19750
20240221,11:20:03,0.4,300,19750
20240221,11:20:15,0.4,500,19750
20240221,11:20:49,0.45,50,19750
20240221,11:21:20,0.45,350,19750
20240221,11:22:34,0.35,50,19750
20240221,11:22:58,0.45,200,20250
20240221,11:23:10,0.4,50,20250
20240221,11:23:45,0.45,450,20250
20240221,11:24:33,0.45,100,20250
20240221,11:25:50,0.45,50,20250
20240221,11:28:12,0.4,200,20250
20240221,11:29:00,0.45,50,20250
20240221,11:29:30,0.4,1500,20250
20240221,11:29:32,0.4,1300,20250
20240221,11:29:33,0.35,100,20250
20240221,11:29:51,0.35,50,20250
20240221,11:30:46,0.4,250,20250
20240221,11:30:48,0.35,50,20250
20240221,11:30:57,0.4,100,20250
20240221,11:31:01,0.4,250,20250
20240221,11:33:19,0.4,100,20250
20240221,11:37:40,0.45,50,20450
20240221,11:37:45,0.45,50,20450
20240221,11:37:56,0.4,50,20450
20240221,11:37:57,0.4,50,20450
20240221,11:38:59,0.4,50,20450
20240221,11:39:00,0.4,100,20450
20240221,11:39:05,0.35,1800,20450
20240221,11:39:17,0.4,150,20450
20240221,11:40:23,0.45,50,20450
20240221,11:40:59,0.45,50,18650
20240221,11:41:18,0.35,50,18650
20240221,11:42:44,0.45,50,18650
20240221,11:44:58,0.35,50,18650
20240221,11:45:26,0.4,100,18600
20240221,11:45:32,0.4,650,18600
20240221,11:45:42,0.4,250,18600
20240221,11:46:57,0.4,50,19350
20240221,11:46:58,0.45,350,19350
20240221,11:47:48,0.35,100,19350
20240221,11:51:09,0.35,50,19300
20240221,11:51:29,0.45,100,19300
20240221,11:51:40,0.35,1200,19300
20240221,11:51:51,0.45,100,19300
20240221,11:52:08,0.45,50,19300
20240221,11:52:46,0.35,50,19300
20240221,11:54:33,0.45,50,18050
20240221,11:54:58,0.35,50,18050
20240221,11:56:46,0.35,1500,18050
20240221,11:56:47,0.35,1500,17950
20240221,11:56:52,0.4,100,17950
20240221,11:57:01,0.4,100,17950
20240221,11:58:46,0.35,200,17950
20240221,11:58:47,0.35,50,19250
20240221,11:58:48,0.35,50,19250
20240221,11:58:49,0.35,50,19250
20240221,11:58:50,0.35,100,19250
20240221,11:59:02,0.35,50,19250
20240221,11:59:22,0.35,50,19250
20240221,12:00:22,0.35,200,19250
20240221,12:01:19,0.35,50,18900
20240221,12:01:36,0.35,200,18900
20240221,12:02:20,0.3,100,18900
20240221,12:02:26,0.3,50,18900
20240221,12:04:20,0.3,1050,18900
20240221,12:07:08,0.35,450,18850
20240221,12:07:49,0.35,900,18850
20240221,12:09:34,0.4,200,18850
20240221,12:10:14,0.4,50,18850
20240221,12:10:29,0.3,50,18850
20240221,12:10:33,0.4,100,19350
20240221,12:10:44,0.3,50,19350
20240221,12:11:47,0.3,50,19350
20240221,12:15:46,0.3,50,19450
20240221,12:17:19,0.4,50,19450
20240221,12:17:21,0.3,100,19450
20240221,12:17:26,0.4,150,19450
20240221,12:19:12,0.4,50,19450
20240221,12:20:58,0.3,200,19450
20240221,12:21:00,0.35,550,19700
20240221,12:21:18,0.35,50,19700
20240221,12:31:13,0.3,100,19800
20240221,12:31:20,0.3,50,19800
20240221,12:33:41,0.3,100,19800
20240221,12:33:50,0.35,200,19900
20240221,12:34:00,0.35,50,19900
20240221,12:34:53,0.3,250,19800
20240221,12:36:38,0.35,50,19800
20240221,12:38:00,0.35,350,19700
20240221,12:39:03,0.4,50,19700
20240221,12:39:03,0.35,1250,19700
20240221,12:39:04,0.35,50,19700
20240221,12:39:15,0.4,50,19700
20240221,12:40:21,0.4,50,19700
20240221,12:41:05,0.4,800,19700
20240221,12:45:52,0.3,250,21850
20240221,12:46:29,0.4,50,21850
20240221,12:49:21,0.35,250,21850
20240221,12:50:40,0.3,900,21850
20240221,12:51:41,0.3,50,21900
20240221,12:51:53,0.4,50,21900
20240221,12:52:01,0.3,1000,21900
20240221,12:52:25,0.4,50,21900
20240221,12:52:43,0.3,50,21950
20240221,12:53:47,0.35,50,21950
20240221,12:54:38,0.35,50,21950
20240221,12:55:54,0.35,50,21950
20240221,12:56:03,0.3,50,22000
20240221,12:58:28,0.35,50,22000
20240221,13:00:40,0.35,100,22000
20240221,13:02:14,0.35,50,21850
20240221,13:02:51,0.35,300,21850
20240221,13:04:31,0.35,50,21850
20240221,13:05:00,0.3,50,21800
20240221,13:05:25,0.4,200,21800
20240221,13:06:36,0.4,650,21800
20240221,13:08:05,0.35,50,22650
20240221,13:08:09,0.35,50,22650
20240221,13:08:25,0.35,1700,22650
20240221,13:08:26,0.4,850,22650
20240221,13:08:27,0.4,350,22650
20240221,13:08:31,0.45,50,22650
20240221,13:08:51,0.35,50,22650
20240221,13:08:56,0.3,1800,22650
20240221,13:09:12,0.35,250,22650
20240221,13:09:13,0.35,100,22650
20240221,13:09:14,0.4,1500,22650
20240221,13:09:20,0.35,550,22650
20240221,13:10:01,0.3,1800,22650
20240221,13:10:32,0.35,50,22650
20240221,13:10:49,0.35,200,28800
20240221,13:10:52,0.3,1750,28800
20240221,13:10:52,0.3,50,28800
20240221,13:11:01,0.3,50,28800
20240221,13:11:03,0.3,50,28800
20240221,13:11:17,0.3,50,28800
20240221,13:11:18,0.3,100,28800
20240221,13:11:23,0.3,100,28800
20240221,13:12:02,0.3,1000,28800
20240221,13:13:42,0.25,50,28800
20240221,13:14:05,0.25,700,31000
20240221,13:16:00,0.25,700,31000
20240221,13:16:48,0.3,500,31000
20240221,13:16:57,0.3,50,31550
20240221,13:17:02,0.3,50,31550
20240221,13:25:24,0.3,250,31550
20240221,13:26:35,0.3,50,31700
20240221,13:27:21,0.3,50,31700
20240221,13:27:30,0.3,50,31700
20240221,13:27:57,0.25,50,31700
20240221,13:29:07,0.3,250,31700
20240221,13:30:32,0.3,500,31700
20240221,13:30:33,0.3,250,31700
20240221,13:34:24,0.3,100,31200
20240221,13:34:45,0.3,50,31200
20240221,13:34:49,0.25,500,31200
20240221,13:35:19,0.3,50,31200
20240221,13:35:33,0.25,100,31200
20240221,13:36:20,0.3,100,31200
20240221,13:37:38,0.25,50,31200
20240221,13:38:38,0.3,50,31200
20240221,13:40:39,0.3,50,31200
20240221,13:41:06,0.35,1000,31200
20240221,13:42:49,0.3,550,31200
20240221,13:42:50,0.3,100,31200
20240221,13:44:24,0.3,600,31200
20240221,13:45:03,0.35,450,32050
20240221,13:45:25,0.25,1000,32050
20240221,13:45:54,0.25,50,32050
20240221,13:46:18,0.35,50,32050
20240221,13:46:31,0.25,100,32450
20240221,13:49:26,0.35,400,32450
20240221,13:49:38,0.35,1700,32750
20240221,13:49:46,0.3,50,32750
20240221,13:50:32,0.3,500,32750
20240221,13:51:59,0.35,200,32750
20240221,13:52:22,0.3,100,32750
20240221,13:52:25,0.35,50,32750
20240221,13:52:40,0.35,50,34100
20240221,13:52:49,0.3,200,34100
20240221,13:53:35,0.35,50,34100
20240221,13:54:24,0.3,50,34100
20240221,13:55:08,0.4,3600,34100
20240221,13:55:32,0.3,50,34100
20240221,13:55:43,0.4,4100,35950
20240221,13:55:55,0.3,50,35950
20240221,13:56:27,0.4,350,35950
20240221,13:57:11,0.45,50,35950
20240221,13:57:19,0.3,50,35950
20240221,13:57:44,0.4,100,35950
20240221,13:58:54,0.35,1550,35950
20240221,13:59:30,0.45,50,37200
20240221,14:00:41,0.35,50,37200
20240221,14:00:48,0.35,900,37200
20240221,14:00:48,0.3,2000,37200
20240221,14:02:24,0.3,200,37200
20240221,14:03:18,0.4,1800,34950
20240221,14:03:19,0.4,1800,34950
20240221,14:03:20,0.45,1450,34950
20240221,14:03:22,0.4,350,34950
20240221,14:03:39,0.4,50,34950
20240221,14:04:22,0.4,50,34950
20240221,14:04:36,0.4,50,34950
20240221,14:04:44,0.4,150,39950
20240221,14:05:09,0.35,50,39950
20240221,14:05:38,0.35,50,39950
20240221,14:09:06,0.4,1000,40050
20240221,14:09:28,0.3,2950,40050
20240221,14:11:15,0.35,50,39050
20240221,14:12:10,0.35,250,39050
20240221,14:12:30,0.3,50,39050
20240221,14:12:31,0.35,250,39050
20240221,14:12:39,0.35,250,39050
20240221,14:12:45,0.35,50,39050
20240221,14:12:47,0.35,50,39050
20240221,14:12:48,0.35,50,39050
20240221,14:15:15,0.4,1000,39050
20240221,14:15:17,0.4,1000,39050
20240221,14:15:19,0.4,1000,39050
20240221,14:15:21,0.4,1000,39050
20240221,14:15:44,0.4,50,39050
20240221,14:16:21,0.3,1800,39050
20240221,14:16:22,0.35,150,39050
20240221,14:16:23,0.35,2100,39050
20240221,14:16:26,0.3,1000,39050
20240221,14:17:31,0.35,1550,39400
20240221,14:17:56,0.4,1800,39400
20240221,14:18:42,0.4,1800,39400
20240221,14:20:24,0.4,700,39400
20240221,14:21:58,0.4,1800,42800
20240221,14:22:07,0.3,1550,42800
20240221,14:22:47,0.4,50,42800
20240221,14:23:18,0.4,1800,43350
20240221,14:23:49,0.4,1250,43350
20240221,14:23:55,0.45,200,43350
20240221,14:24:05,0.4,600,43350
20240221,14:24:43,0.45,750,43350
20240221,14:24:57,0.4,50,43350
20240221,14:25:28,0.4,1500,43350
20240221,14:25:30,0.4,1850,43350
20240221,14:25:54,0.45,150,47750
20240221,14:26:01,0.4,50,47750
20240221,14:26:04,0.45,200,47750
20240221,14:26:23,0.35,50,47750
20240221,14:27:16,0.35,1000,47750
20240221,14:27:17,0.4,50,47750
20240221,14:27:22,0.45,250,47750
20240221,14:27:36,0.45,250,47750
20240221,14:27:48,0.45,300,47750
20240221,14:28:34,0.35,50,47750
20240221,14:28:47,0.35,100,47750
20240221,14:30:06,0.4,50,47250
20240221,14:30:11,0.4,250,47250
20240221,14:30:34,0.4,100,47250
20240221,14:31:02,0.4,250,47250
20240221,14:31:13,0.4,400,47250
20240221,14:33:16,0.4,500,48150
20240221,14:33:23,0.35,50,48150
20240221,14:33:42,0.45,500,48150
20240221,14:34:07,0.35,50,48150
20240221,14:34:42,0.4,50,48150
20240221,14:36:00,0.4,750,48800
20240221,14:37:48,0.35,50,48800
20240221,14:38:46,0.45,50,48000
20240221,14:38:59,0.35,200,48000
20240221,14:40:00,0.4,50,48000
20240221,14:40:17,0.45,200,48000
20240221,14:42:40,0.4,100,47900
20240221,14:42:57,0.4,100,47900
20240221,14:43:14,0.4,200,47900
20240221,14:43:35,0.45,50,47900
20240221,14:43:43,0.45,50,47500
20240221,14:44:14,0.4,50,47500
20240221,14:44:56,0.45,1500,47500
20240221,14:45:59,0.4,50,47500
20240221,14:46:05,0.4,200,47500
20240221,14:46:25,0.4,1800,47500
20240221,14:48:06,0.4,1450,47500
20240221,14:48:07,0.4,150,49250
20240221,14:48:08,0.4,50,49250
20240221,14:48:09,0.4,50,49250
20240221,14:48:10,0.4,550,49250
20240221,14:48:43,0.45,600,49250
20240221,14:49:49,0.4,100,49250
20240221,14:50:27,0.4,1000,51150
20240221,14:50:57,0.4,2850,51150
20240221,14:52:05,0.4,50,51150
20240221,14:53:05,0.4,450,51150
20240221,14:53:49,0.45,250,51150
20240221,14:53:56,0.45,250,51150
20240221,14:56:30,0.4,50,51150
20240221,14:57:01,0.45,350,51650
20240221,14:57:13,0.4,1800,51650
20240221,14:59:08,0.45,250,53600
20240221,14:59:11,0.45,250,53600
20240221,15:00:21,0.45,250,53600
20240221,15:00:30,0.45,350,53600
20240221,15:00:37,0.45,300,53600
20240221,15:00:42,0.45,300,53600
20240221,15:00:45,0.45,300,53600
20240221,15:00:47,0.45,50,53600
20240221,15:01:39,0.45,50,53600
20240221,15:01:41,0.45,250,53600
20240221,15:01:42,0.45,2150,53600
20240221,15:01:43,0.45,350,53600
20240221,15:01:48,0.4,50,53600
20240221,15:02:34,0.5,500,57850
20240221,15:02:37,0.5,100,57850
20240221,15:02:44,0.45,1800,57850
20240221,15:03:25,0.5,50,57850
20240221,15:03:31,0.45,350,57850
20240221,15:03:38,0.45,350,57850
20240221,15:03:43,0.5,1400,57850
20240221,15:03:55,0.5,250,57850
20240221,15:03:59,0.5,50,57850
20240221,15:04:04,0.45,450,57850
20240221,15:04:07,0.45,1750,57850
20240221,15:04:22,0.5,150,57850
20240221,15:05:00,0.4,150,57850
20240221,15:05:29,0.45,3600,62550
20240221,15:05:30,0.45,3600,62550
20240221,15:05:31,0.45,1450,62550
20240221,15:06:18,0.4,2400,62550
20240221,15:06:19,0.4,300,62550
20240221,15:06:39,0.4,1550,62550
20240221,15:06:48,0.4,600,62550
20240221,15:08:11,0.35,1100,75450
20240221,15:08:11,0.35,350,75450
20240221,15:08:14,0.4,1500,75450
20240221,15:08:21,0.35,350,75450
20240221,15:08:22,0.4,50,75450
20240221,15:08:42,0.35,50,75450
20240221,15:09:03,0.35,100,75450
20240221,15:09:09,0.35,150,75450
20240221,15:09:14,0.3,450,75450
20240221,15:09:15,0.3,750,75450
20240221,15:09:23,0.3,1250,75450
20240221,15:09:32,0.3,150,75450
20240221,15:10:07,0.3,100,75450
20240221,15:10:58,0.25,400,76550
20240221,15:11:44,0.25,250,76550
20240221,15:12:06,0.3,100,76550
20240221,15:12:39,0.25,250,76550
20240221,15:12:43,0.25,250,76550
20240221,15:12:48,0.25,250,76550
20240221,15:12:50,0.25,500,76550
20240221,15:13:00,0.3,50,76550
20240221,15:13:08,0.25,250,76550
20240221,15:13:18,0.25,250,76550
20240221,15:13:21,0.25,250,76550
20240221,15:13:33,0.25,300,76550
20240221,15:13:44,0.3,1000,76550
20240221,15:14:08,0.3,50,74300
20240221,15:14:13,0.25,250,74300
20240221,15:14:47,0.25,250,74300
20240221,15:15:18,0.25,50,74300
20240221,15:15:44,0.25,300,74300
20240221,15:15:48,0.25,250,74300
20240221,15:16:15,0.25,700,74300
20240221,15:16:23,0.25,1100,74300
20240221,15:17:38,0.2,50,73200
20240221,15:18:11,0.2,1500,73200
20240221,15:18:19,0.2,50,73200
20240221,15:18:48,0.2,1800,73200
20240221,15:19:05,0.2,50,73200
20240221,15:19:23,0.25,250,73200
20240221,15:19:54,0.25,250,72650
20240221,15:20:30,0.2,100,72650
20240221,15:20:34,0.2,200,72650
20240221,15:21:01,0.2,50,72650
20240221,15:21:04,0.25,1100,72650
20240221,15:21:05,0.25,1100,72650
20240221,15:21:06,0.3,500,72650
20240221,15:21:12,0.3,500,72650
20240221,15:21:14,0.3,200,72650
20240221,15:21:47,0.25,600,72650
20240221,15:21:48,0.25,500,72650
20240221,15:21:52,0.25,350,72650
20240221,15:22:20,0.25,50,72650
20240221,15:22:21,0.2,750,72650
20240221,15:22:22,0.25,50,72650
20240221,15:23:07,0.25,950,74900
20240221,15:23:58,0.2,750,74900
20240221,15:24:35,0.2,400,74900
20240221,15:24:45,0.2,50,74900
20240221,15:24:57,0.2,50,74900
20240221,15:25:18,0.3,100,74900
20240221,15:25:32,0.2,50,74900
20240221,15:26:07,0.3,2900,73700
20240221,15:26:20,0.2,50,73700
20240221,15:26:21,0.3,1000,73700
20240221,15:26:22,0.25,50,73700
20240221,15:26:24,0.25,150,73700
20240221,15:26:55,0.25,50,73700
20240221,15:27:13,0.3,850,73700
20240221,15:27:24,0.35,300,73700
20240221,15:27:43,0.25,250,73700
20240221,15:27:49,0.25,50,73700
20240221,15:28:39,0.25,100,73700
20240221,15:28:40,0.3,50,73700
20240221,15:28:42,0.3,50,73700
20240221,15:28:43,0.25,100,73700
20240221,15:28:46,0.3,50,73700
20240221,15:29:00,0.25,150,73700
20240221,15:29:18,0.25,200,74700
20240221,15:29:19,0.3,700,74700
20240221,15:29:21,0.3,600,74700
20240221,15:29:23,0.3,1300,74700
20240221,15:29:28,0.3,1800,74700
20240221,15:29:29,0.3,50,74700
20240221,15:29:30,0.25,400,74700
20240221,15:29:31,0.3,500,74700
20240221,15:29:35,0.3,1050,74700
20240221,15:29:36,0.3,1050,74700
20240221,15:29:42,0.25,650,74700
20240222,09:15:00,0.25,1,74700
20240222,09:15:00,0.25,50,74700
20240222,09:15:01,0.3,2750,81100
20240222,09:15:02,0.3,850,81100
20240222,09:15:03,0.3,6950,81100
20240222,09:15:04,0.35,4350,81100
20240222,09:15:05,0.2,2700,81100
20240222,09:15:06,0.15,2650,81100
20240222,09:15:08,0.3,3600,81100
20240222,09:15:08,0.3,200,81100
20240222,09:15:09,0.2,450,81100
20240222,09:15:10,0.2,100,81100
20240222,09:15:11,0.2,50,81100
20240222,09:15:13,0.15,3750,81100
20240222,09:15:15,0.15,1850,81100
20240222,09:15:16,0.15,1800,81100
20240222,09:15:17,0.15,3650,81100
20240222,09:15:24,0.15,1800,81100
20240222,09:15:25,0.15,1800,81100
20240222,09:15:26,0.2,2900,81100
20240222,09:15:27,0.15,2500,81100
20240222,09:15:30,0.25,1800,81100
20240222,09:15:30,0.15,3200,81100
20240222,09:15:34,0.2,50,81100
20240222,09:15:35,0.2,50,81100
20240222,09:15:37,0.15,2050,81100
20240222,09:15:38,0.15,1800,81100
20240222,09:15:41,0.2,50,81100
20240222,09:15:45,0.15,550,101100
20240222,09:16:10,0.15,50,101100
20240222,09:16:32,0.2,200,101100
20240222,09:16:35,0.2,50,101100
20240222,09:16:40,0.2,100,101100
20240222,09:16:46,0.2,50,101100
20240222,09:16:47,0.2,1800,101100
20240222,09:16:51,0.2,50,101100
20240222,09:16:56,0.2,100,101100
20240222,09:17:22,0.2,1000,101100
20240222,09:17:35,0.15,600,101100
20240222,09:17:37,0.15,600,101100
20240222,09:17:38,0.15,3000,101100
20240222,09:17:38,0.15,1800,101100
20240222,09:17:39,0.15,3000,101100
20240222,09:17:40,0.15,2400,101100
20240222,09:17:47,0.15,50,101100
20240222,09:17:53,0.2,11600,101100
20240222,09:17:54,0.2,16200,101100
20240222,09:17:55,0.2,7200,101100
20240222,09:17:56,0.15,50,101100
20240222,09:17:57,0.2,550,101100
20240222,09:18:08,0.2,150,101100
20240222,09:18:10,0.2,550,101100
20240222,09:18:12,0.15,1800,101100
20240222,09:18:13,0.15,3450,101100
20240222,09:18:14,0.2,2900,101100
20240222,09:18:17,0.2,250,101100
20240222,09:18:19,0.2,600,101100
20240222,09:18:23,0.15,500,101100
20240222,09:18:27,0.2,50,101100
20240222,09:18:41,0.2,50,101100
20240222,09:19:11,0.2,800,133800
20240222,09:19:12,0.2,50,133800
20240222,09:19:12,0.15,200,133800
20240222,09:19:18,0.2,1900,133800
20240222,09:19:18,0.2,1800,133800
20240222,09:19:36,0.2,100,133800
20240222,09:19:37,0.2,9000,133800
20240222,09:19:56,0.2,50,133800
20240222,09:20:01,0.15,50,133800
20240222,09:20:14,0.2,750,133800
20240222,09:20:15,0.2,50,133800
20240222,09:20:16,0.2,1500,133800
20240222,09:20:20,0.2,50,133800
20240222,09:20:24,0.15,50,133800
20240222,09:20:31,0.2,500,133800
20240222,09:20:32,0.2,500,133800
20240222,09:20:46,0.2,150,133800
20240222,09:20:48,0.2,300,133800
20240222,09:20:50,0.15,1500,133800
20240222,09:20:53,0.2,100,133800
20240222,09:20:56,0.2,50,133800
20240222,09:21:25,0.15,100,133800
20240222,09:21:32,0.2,600,133800
20240222,09:21:40,0.2,50,133800
20240222,09:21:57,0.2,1250,150750
20240222,09:21:58,0.2,1000,150750
20240222,09:22:19,0.2,700,150750
20240222,09:22:31,0.2,150,150750
20240222,09:22:37,0.15,50,150750
20240222,09:22:39,0.2,700,150750
20240222,09:22:46,0.15,500,150750
20240222,09:22:55,0.2,100,150750
20240222,09:23:35,0.2,50,150750
20240222,09:23:57,0.15,1550,150750
20240222,09:24:21,0.2,150,150750
20240222,09:24:30,0.15,9000,150750
20240222,09:24:53,0.2,750,150750
20240222,09:25:06,0.2,50,147050
20240222,09:25:15,0.2,50,147050
20240222,09:25:21,0.2,50,147050
20240222,09:25:28,0.15,50,147050
20240222,09:26:26,0.2,50,147050
20240222,09:26:40,0.2,50,147050
20240222,09:26:43,0.15,1800,147050
20240222,09:26:43,0.15,10800,147050
20240222,09:26:44,0.15,22400,147050
20240222,09:26:48,0.15,1800,147050
20240222,09:26:48,0.2,5000,147050
20240222,09:26:49,0.15,2000,147050
20240222,09:26:50,0.15,100,147050
20240222,09:26:51,0.15,1800,147050
20240222,09:26:52,0.15,1800,147050
20240222,09:26:53,0.15,400,147050
20240222,09:26:54,0.15,1800,147050
20240222,09:26:55,0.15,1800,147050
20240222,09:26:56,0.15,1800,147050
20240222,09:26:57,0.15,1800,147050
20240222,09:26:59,0.15,1800,147050
20240222,09:27:01,0.15,1550,147050
20240222,09:27:02,0.15,50,147050
20240222,09:27:04,0.15,100,147050
20240222,09:27:08,0.15,50,147050
20240222,09:27:11,0.15,50,147050
20240222,09:27:12,0.15,3600,147050
20240222,09:27:13,0.15,15750,147050
20240222,09:27:23,0.15,500,147050
20240222,09:27:25,0.2,50,147050
20240222,09:27:29,0.15,1700,147050
20240222,09:28:30,0.2,50,178600
20240222,09:28:33,0.15,200,178600
20240222,09:29:10,0.15,1900,178600
20240222,09:29:19,0.2,500,178600
20240222,09:29:38,0.15,1800,178600
20240222,09:29:38,0.15,1600,178600
20240222,09:29:40,0.2,50,178600
20240222,09:29:56,0.15,50,178600
20240222,09:30:13,0.15,1100,178600
20240222,09:30:33,0.2,1500,178600
20240222,09:30:50,0.15,750,178600
20240222,09:31:09,0.2,50,181500
20240222,09:31:18,0.2,100,181500
20240222,09:31:19,0.2,150,181500
20240222,09:31:31,0.15,150,181500
20240222,09:31:45,0.2,200,181500
20240222,09:31:50,0.15,1650,181500
20240222,09:31:58,0.2,2050,181500
20240222,09:32:01,0.15,1800,181500
20240222,09:32:04,0.2,50,181500
20240222,09:32:31,0.2,50,181500
20240222,09:33:05,0.15,50,181500
20240222,09:33:37,0.2,5000,181500
20240222,09:33:44,0.2,50,181500
20240222,09:33:57,0.2,50,190800
20240222,09:34:25,0.15,50,190800
20240222,09:34:30,0.15,50,190800
20240222,09:34:56,0.2,500,190800
20240222,09:35:19,0.2,50,190800
20240222,09:35:19,0.2,200,190800
20240222,09:35:34,0.15,500,190800
20240222,09:35:48,0.2,50,190800
20240222,09:35:57,0.15,50,190800
20240222,09:36:25,0.2,50,190800
20240222,09:36:51,0.15,1500,191200
20240222,09:36:55,0.2,50,191200
20240222,09:37:01,0.2,50,191200
20240222,09:37:06,0.2,50,191200
20240222,09:38:27,0.15,50,191200
20240222,09:38:34,0.15,50,191200
20240222,09:38:58,0.2,650,191200
20240222,09:39:09,0.15,250,191200
20240222,09:39:23,0.2,700,191200
20240222,09:39:26,0.15,1800,191200
20240222,09:39:27,0.15,1200,191200
20240222,09:39:53,0.15,1800,191200
20240222,09:39:53,0.15,1150,192200
20240222,09:40:07,0.2,50,192200
20240222,09:40:35,0.2,50,192200
20240222,09:40:46,0.15,500,192200
20240222,09:40:47,0.15,750,192200
20240222,09:41:23,0.2,50,192200
20240222,09:42:01,0.15,700,192200
20240222,09:42:35,0.2,200,192200
20240222,09:42:37,0.2,1200,192200
20240222,09:42:38,0.2,1800,192200
20240222,09:42:58,0.15,5000,196050
20240222,09:43:09,0.2,1500,196050
20240222,09:43:11,0.15,200,196050
20240222,09:43:12,0.15,3700,196050
20240222,09:43:20,0.15,500,196050
20240222,09:43:21,0.15,450,196050
20240222,09:43:24,0.15,250,196050
20240222,09:43:28,0.15,250,196050
20240222,09:43:29,0.15,400,196050
20240222,09:43:31,0.15,300,196050
20240222,09:43:32,0.15,600,196050
20240222,09:43:42,0.15,250,196050
20240222,09:43:44,0.2,50,196050
20240222,09:43:51,0.15,1700,196050
20240222,09:44:04,0.2,100,196050
20240222,09:44:30,0.15,300,196050
20240222,09:44:35,0.2,2500,196050
20240222,09:44:36,0.15,250,196050
20240222,09:44:50,0.15,50,196050
20240222,09:45:04,0.2,350,196050
20240222,09:45:40,0.2,50,196050
20240222,09:45:47,0.15,50,196050
20240222,09:45:49,0.15,200,196050
20240222,09:46:06,0.2,400,201450
20240222,09:46:18,0.15,250,201450
20240222,09:46:56,0.15,1000,201450
20240222,09:47:01,0.15,500,201450
20240222,09:47:03,0.15,500,201450
20240222,09:47:27,0.2,50,201450
20240222,09:47:33,0.15,950,201450
20240222,09:47:37,0.2,50,201450
20240222,09:47:40,0.15,50,201450
20240222,09:47:55,0.2,50,201450
20240222,09:47:56,0.15,3000,201450
20240222,09:47:58,0.2,500,201450
20240222,09:48:18,0.2,50,201450
20240222,09:48:24,0.2,250,201450
20240222,09:48:58,0.2,200,204800
20240222,09:49:18,0.2,50,204800
20240222,09:49:56,0.2,50,204800
20240222,09:50:01,0.2,1100,204800
20240222,09:50:21,0.15,500,204800
20240222,09:50:34,0.2,50,204800
20240222,09:50:34,0.2,100,204800
20240222,09:50:35,0.2,100,204800
20240222,09:50:53,0.15,600,204800
20240222,09:51:01,0.2,50,204800
20240222,09:51:07,0.2,50,204800
20240222,09:52:10,0.2,50,204800
20240222,09:52:57,0.2,100,204800
20240222,09:53:25,0.15,50,204800
20240222,09:53:29,0.2,150,204800
20240222,09:54:04,0.2,50,204800
20240222,09:54:17,0.15,250,204800
20240222,09:54:32,0.2,50,204800
20240222,09:54:36,0.2,50,204800
20240222,09:54:45,0.15,50,204800
20240222,09:54:59,0.2,450,204800
20240222,09:55:01,0.2,300,204800
20240222,09:55:02,0.2,300,204800
20240222,09:55:15,0.2,300,204800
20240222,09:55:16,0.2,500,204800
20240222,09:55:42,0.2,150,204800
20240222,09:55:46,0.15,50,204800
20240222,09:55:59,0.15,50,204800
20240222,09:56:29,0.15,50,204800
20240222,09:56:34,0.2,300,204800
20240222,09:56:48,0.2,50,204800
20240222,09:57:30,0.2,200,204800
20240222,09:57:40,0.2,150,204800
20240222,09:57:49,0.2,150,204800
20240222,09:57:50,0.2,300,204800
20240222,09:57:51,0.2,450,204800
20240222,09:57:54,0.15,50,204800
20240222,09:58:20,0.2,1800,204800
20240222,09:58:36,0.2,100,204800
20240222,09:58:45,0.15,50,204800
20240222,09:59:00,0.2,50,204800
20240222,09:59:01,0.2,50,204800
20240222,09:59:07,0.15,100,204800
20240222,09:59:22,0.2,450,204800
20240222,09:59:36,0.15,50,204800
20240222,09:59:50,0.2,150,204800
20240222,10:00:03,0.2,100,204800
20240222,10:00:06,0.15,1800,204800
20240222,10:00:10,0.2,1750,204800
20240222,10:00:47,0.2,50,204800
20240222,10:00:49,0.15,1750,204800
20240222,10:00:57,0.15,100,204800
20240222,10:01:15,0.2,50,207050
20240222,10:01:42,0.15,50,207050
20240222,10:01:42,0.2,3600,207050
20240222,10:02:22,0.2,50,207050
20240222,10:02:30,0.2,50,207050
20240222,10:02:35,0.15,50,207050
20240222,10:02:36,0.15,100,207050
20240222,10:02:55,0.2,500,207050
20240222,10:03:02,0.2,50,207050
20240222,10:03:08,0.15,50,207050
20240222,10:03:13,0.2,1200,207050
20240222,10:03:17,0.2,100,207050
20240222,10:03:20,0.15,50,207050
20240222,10:03:23,0.2,750,207050
20240222,10:03:24,0.2,200,207050
20240222,10:03:29,0.2,100,207050
20240222,10:03:34,0.15,50,207050
20240222,10:03:35,0.2,50,207050
20240222,10:03:50,0.15,100,207050
20240222,10:03:57,0.2,150,208650
20240222,10:04:20,0.2,3600,208650
20240222,10:04:28,0.2,50,208650
20240222,10:04:32,0.15,50,208650
20240222,10:04:35,0.2,1800,208650
20240222,10:04:56,0.15,100,208650
20240222,10:05:12,0.15,200,208650
20240222,10:05:21,0.2,50,208650
20240222,10:05:24,0.15,50,208650
20240222,10:05:30,0.2,50,208650
20240222,10:05:33,0.15,1800,208650
20240222,10:05:38,0.2,1800,208650
20240222,10:05:39,0.2,1800,208650
20240222,10:05:40,0.2,1800,208650
20240222,10:06:03,0.15,100,208650
20240222,10:06:32,0.2,1800,208650
20240222,10:06:33,0.2,1800,208650
20240222,10:06:34,0.2,1800,208650
20240222,10:06:36,0.2,1250,208650
20240222,10:06:43,0.15,50,208650
20240222,10:07:20,0.2,50,208650
20240222,10:07:55,0.2,18050,199500
20240222,10:07:58,0.2,7250,199500
20240222,10:08:07,0.2,50,199500
20240222,10:08:22,0.2,50,199500
20240222,10:08:38,0.2,50,199500
20240222,10:08:55,0.15,1150,199500
20240222,10:09:07,0.2,1500,199500
20240222,10:09:12,0.2,300,199500
20240222,10:09:24,0.2,1500,199500
20240222,10:09:28,0.2,300,199500
20240222,10:09:49,0.2,50,199500
20240222,10:09:49,0.2,600,199500
20240222,10:09:50,0.2,1200,199500
20240222,10:09:51,0.2,1800,199500
20240222,10:09:52,0.2,3600,199500
20240222,10:09:53,0.2,600,167500
20240222,10:09:55,0.2,100,167500
20240222,10:10:14,0.2,50,167500
20240222,10:10:30,0.15,50,167500
20240222,10:10:31,0.2,50,167500
20240222,10:10:44,0.2,450,167500
20240222,10:10:47,0.2,1500,167500
20240222,10:10:48,0.2,1500,167500
20240222,10:10:49,0.2,1500,167500
20240222,10:10:50,0.2,1500,167500
20240222,10:10:51,0.2,1500,167500
20240222,10:10:52,0.2,1500,167500
20240222,10:10:53,0.2,1500,167500
20240222,10:10:54,0.2,1500,167500
20240222,10:10:56,0.2,18000,167500
20240222,10:10:57,0.2,1500,167500
20240222,10:10:59,0.2,2450,167500
20240222,10:11:01,0.2,1500,167500
20240222,10:11:11,0.15,300,167500
20240222,10:11:26,0.15,600,167500
20240222,10:11:30,0.2,50,167500
20240222,10:11:38,0.15,50,167500
20240222,10:11:53,0.2,700,167500
20240222,10:11:54,0.2,50,167500
20240222,10:12:06,0.2,1500,167500
20240222,10:12:07,0.2,200,167500
20240222,10:12:39,0.15,700,167500
20240222,10:13:12,0.2,50,167500
20240222,10:13:27,0.2,50,155950
20240222,10:13:28,0.2,50,155950
20240222,10:14:55,0.2,50,155950
20240222,10:15:00,0.2,100,155950
20240222,10:15:13,0.15,50,155950
20240222,10:15:26,0.2,1000,155950
20240222,10:16:22,0.15,1650,155950
20240222,10:16:31,0.2,600,156800
20240222,10:16:51,0.15,900,156800
20240222,10:17:01,0.15,200,156800
20240222,10:17:45,0.2,15700,156800
20240222,10:17:51,0.15,1000,156800
20240222,10:18:08,0.2,50,156800
20240222,10:18:30,0.15,1600,156800
20240222,10:18:37,0.2,1000,156800
20240222,10:18:59,0.25,500,159100
20240222,10:19:06,0.15,50,159100
20240222,10:19:08,0.25,1800,159100
20240222,10:19:40,0.15,50,159100
20240222,10:19:50,0.2,750,159100
20240222,10:20:08,0.2,3300,159100
20240222,10:20:27,0.15,50,159100
20240222,10:20:33,0.2,50,159100
20240222,10:20:34,0.2,100,159100
20240222,10:21:00,0.25,50,159100
20240222,10:21:36,0.25,50,159100
20240222,10:21:37,0.25,350,159100
20240222,10:21:41,0.15,50,159100
20240222,10:22:25,0.2,500,159100
20240222,10:22:26,0.2,50,156000
20240222,10:22:27,0.2,100,156000
20240222,10:22:28,0.2,50,156000
20240222,10:22:29,0.2,50,156000
20240222,10:22:30,0.2,50,156000
20240222,10:22:31,0.2,50,156000
20240222,10:22:32,0.2,100,156000
20240222,10:22:33,0.2,50,156000
20240222,10:22:35,0.25,200,156000
20240222,10:23:33,0.2,50,156000
20240222,10:24:14,0.25,50,156000
20240222,10:24:18,0.2,50,156000
20240222,10:24:39,0.25,50,156000
20240222,10:24:40,0.2,50,156000
20240222,10:24:52,0.25,50,156000
20240222,10:24:54,0.25,50,156000
20240222,10:25:31,0.2,1800,156500
20240222,10:25:32,0.2,50,156500
20240222,10:25:42,0.25,100,156500
20240222,10:25:45,0.2,50,156500
20240222,10:25:48,0.25,50,156500
20240222,10:26:11,0.25,200,156500
20240222,10:26:24,0.25,400,156500
20240222,10:26:43,0.25,1000,156500
20240222,10:27:18,0.2,50,156500
20240222,10:28:20,0.25,5900,156750
20240222,10:28:36,0.25,50,156750
20240222,10:28:37,0.25,50,156750
20240222,10:28:42,0.2,350,156750
20240222,10:28:54,0.2,9100,156750
20240222,10:28:58,0.25,850,156750
20240222,10:29:11,0.2,1800,156750
20240222,10:29:33,0.25,50,156750
20240222,10:29:44,0.2,50,156750
20240222,10:29:51,0.2,50,156750
20240222,10:29:53,0.2,5900,156750
20240222,10:29:58,0.2,1800,156750
20240222,10:29:59,0.2,1800,156750
20240222,10:30:01,0.2,1800,156750
20240222,10:30:03,0.2,1800,156750
20240222,10:30:05,0.2,1500,156750
20240222,10:30:05,0.2,400,156750
20240222,10:30:06,0.2,400,156750
20240222,10:30:09,0.2,50,156750
20240222,10:30:10,0.2,100,156750
20240222,10:30:34,0.25,50,156750
20240222,10:30:40,0.25,50,156750
20240222,10:30:41,0.25,50,156750
20240222,10:30:49,0.2,3250,156750
20240222,10:30:54,0.2,500,156750
20240222,10:31:12,0.2,850,172750
20240222,10:31:16,0.2,1800,172750
20240222,10:31:16,0.2,5600,172750
20240222,10:31:17,0.2,250,172750
20240222,10:31:22,0.25,1600,172750
20240222,10:31:44,0.25,50,172750
20240222,10:31:52,0.2,1800,172750
20240222,10:32:02,0.25,3900,172750
20240222,10:32:14,0.2,1000,172750
20240222,10:34:28,0.25,50,170650
20240222,10:34:30,0.25,1800,170650
20240222,10:34:52,0.25,250,170650
20240222,10:35:36,0.2,3900,170650
20240222,10:35:48,0.25,50,170650
20240222,10:35:52,0.25,50,170650
20240222,10:36:39,0.25,50,170650
20240222,10:36:43,0.25,500,170650
20240222,10:37:38,0.25,50,169950
20240222,10:37:42,0.2,1800,169950
20240222,10:37:49,0.2,150,169950
20240222,10:37:50,0.2,150,169950
20240222,10:37:51,0.2,150,169950
20240222,10:37:52,0.2,200,169950
20240222,10:37:53,0.2,2750,169950
20240222,10:37:54,0.15,50,169950
20240222,10:38:05,0.2,50,169950
20240222,10:38:22,0.2,50,169950
20240222,10:38:49,0.2,150,169950
20240222,10:39:11,0.2,1800,169950
20240222,10:39:16,0.2,1800,169950
20240222,10:39:34,0.2,50,169950
20240222,10:39:52,0.2,150,169950
20240222,10:40:17,0.2,150,167850
20240222,10:40:18,0.2,250,167850
20240222,10:40:37,0.2,650,167850
20240222,10:40:39,0.2,100,167850
20240222,10:40:51,0.2,250,167850
20240222,10:40:58,0.2,50,167850
20240222,10:41:11,0.2,250,167850
20240222,10:41:14,0.15,150,167850
20240222,10:41:48,0.2,250,167850
20240222,10:41:59,0.2,1050,167850
20240222,10:42:02,0.2,350,167850
20240222,10:42:13,0.2,600,167850
20240222,10:42:17,0.2,50,167850
20240222,10:42:30,0.2,50,167850
20240222,10:42:47,0.2,450,167850
20240222,10:42:51,0.2,700,167850
20240222,10:42:52,0.2,3600,167850
20240222,10:42:56,0.2,50,167850
20240222,10:43:18,0.2,50,168450
20240222,10:43:19,0.2,600,168450
20240222,10:43:27,0.2,350,168450
20240222,10:43:28,0.2,500,168450
20240222,10:43:55,0.2,50,168450
20240222,10:43:56,0.15,150,168450
20240222,10:44:19,0.15,50,168450
20240222,10:44:27,0.2,50,168450
20240222,10:44:30,0.2,1000,168450
20240222,10:44:33,0.2,1000,168450
20240222,10:44:35,0.2,50,168450
20240222,10:44:36,0.2,1000,168450
20240222,10:44:39,0.2,50,168450
20240222,10:44:40,0.2,1000,168450
20240222,10:44:42,0.2,1000,168450
20240222,10:44:43,0.2,50,168450
20240222,10:44:45,0.2,1000,168450
20240222,10:44:51,0.2,500,168450
20240222,10:44:53,0.2,50,168450
20240222,10:44:59,0.2,1000,168450
20240222,10:45:05,0.2,1050,168450
20240222,10:45:07,0.2,1800,168450
20240222,10:45:08,0.2,1800,168450
20240222,10:45:09,0.2,1800,168450
20240222,10:45:10,0.2,1800,168450
20240222,10:45:11,0.2,50,168450
20240222,10:45:13,0.2,1800,168450
20240222,10:45:14,0.2,1800,168450
20240222,10:45:16,0.2,1800,168450
20240222,10:45:17,0.2,1800,168450
20240222,10:45:19,0.2,1800,168450
20240222,10:45:20,0.2,50,168450
20240222,10:45:21,0.2,1800,168450
20240222,10:45:22,0.2,1800,168450
20240222,10:45:24,0.2,350,168450
20240222,10:45:25,0.2,50,168450
20240222,10:45:33,0.2,700,168450
20240222,10:45:54,0.2,100,168450
20240222,10:45:58,0.25,50,168450
20240222,10:46:03,0.2,50,145700
20240222,10:46:19,0.2,1000,145700
20240222,10:46:37,0.25,50,145700
20240222,10:46:41,0.25,350,145700
20240222,10:46:46,0.25,1000,145700
20240222,10:46:47,0.2,200,145700
20240222,10:47:32,0.25,1000,145700
20240222,10:47:34,0.2,50,145700
20240222,10:47:35,0.2,50,145700
20240222,10:47:51,0.2,50,145700
20240222,10:48:47,0.25,50,145700
20240222,10:48:50,0.2,1500,145700
20240222,10:49:44,0.25,50,145700
20240222,10:50:01,0.25,500,143050
20240222,10:50:48,0.2,50,143050
20240222,10:50:50,0.2,1800,143050
20240222,10:51:05,0.25,50,143050
20240222,10:51:14,0.25,50,143050
20240222,10:51:14,0.2,50,143050
20240222,10:51:17,0.2,50,143050
20240222,10:51:34,0.25,50,143050
20240222,10:51:37,0.2,300,143050
20240222,10:52:05,0.2,850,140800
20240222,10:52:11,0.25,300,140800
20240222,10:52:16,0.2,50,140800
20240222,10:52:20,0.25,100,140800
20240222,10:52:26,0.2,200,140800
20240222,10:52:45,0.25,750,140800
20240222,10:52:48,0.25,50,140800
20240222,10:53:32,0.2,1250,140800
20240222,10:54:37,0.2,350,140800
20240222,10:54:47,0.25,4650,140800
20240222,10:54:51,0.2,1000,140800
20240222,10:54:52,0.25,11700,140800
20240222,10:54:53,0.25,6200,140800
20240222,10:54:55,0.25,1800,140800
20240222,10:55:05,0.25,2700,144100
20240222,10:55:08,0.3,350,144100
20240222,10:55:10,0.2,50,144100
20240222,10:55:21,0.3,50,144100
20240222,10:55:30,0.2,10800,144100
20240222,10:55:30,0.2,4400,144100
20240222,10:55:36,0.25,1650,144100
20240222,10:55:47,0.25,50,144100
20240222,10:56:54,0.25,50,144100
20240222,10:57:16,0.2,50,144100
20240222,10:57:32,0.25,50,144100
20240222,10:57:49,0.2,50,144100
20240222,10:57:54,0.25,400,144100
20240222,10:58:01,0.2,150,135550
20240222,10:58:20,0.2,50,135550
20240222,10:58:21,0.2,50,135550
20240222,10:58:31,0.2,50,135550
20240222,10:58:32,0.2,50,135550
20240222,10:58:33,0.2,100,135550
20240222,10:58:34,0.2,50,135550
20240222,10:58:35,0.2,100,135550
20240222,10:58:36,0.2,100,135550
20240222,10:58:37,0.2,100,135550
20240222,10:58:38,0.2,50,135550
20240222,10:59:08,0.25,350,135550
20240222,10:59:10,0.25,350,135550
20240222,10:59:13,0.25,50,135550
20240222,10:59:16,0.25,500,135550
20240222,10:59:17,0.25,1000,135550
20240222,10:59:18,0.25,1000,135550
20240222,10:59:19,0.25,1500,135550
20240222,10:59:20,0.25,500,135550
20240222,10:59:27,0.2,50,135550
20240222,10:59:37,0.2,50,135550
20240222,10:59:47,0.25,150,135550
20240222,11:00:14,0.25,50,135550
20240222,11:00:34,0.2,50,135550
20240222,11:00:47,0.25,350,135550
20240222,11:01:03,0.25,50,137350
20240222,11:01:10,0.25,10800,137350
20240222,11:01:41,0.25,1800,137350
20240222,11:01:42,0.25,2400,137350
20240222,11:01:43,0.25,1250,137350
20240222,11:01:59,0.25,1800,137350
20240222,11:02:01,0.25,550,137350
20240222,11:02:02,0.25,2200,137350
20240222,11:02:03,0.25,700,137350
20240222,11:02:04,0.25,250,137350
20240222,11:02:05,0.25,4050,137350
20240222,11:02:06,0.25,50,137350
20240222,11:02:07,0.25,10950,137350
20240222,11:02:15,0.2,50,137350
20240222,11:02:20,0.25,1800,137350
20240222,11:02:21,0.25,1800,137350
20240222,11:02:22,0.25,1800,137350
20240222,11:02:23,0.25,2400,137350
20240222,11:02:44,0.2,100,137350
20240222,11:02:51,0.2,50,137350
20240222,11:02:53,0.2,50,137350
20240222,11:03:06,0.3,11000,137350
20240222,11:03:27,0.2,250,137350
20240222,11:03:47,0.25,150,137350
20240222,11:03:57,0.25,100,137350
20240222,11:04:10,0.25,50,137350
20240222,11:04:35,0.2,450,172100
20240222,11:04:46,0.25,100,172100
20240222,11:04:54,0.2,200,172100
20240222,11:05:03,0.25,1000,172100
20240222,11:05:05,0.25,1000,172100
20240222,11:05:07,0.25,1000,172100
20240222,11:05:09,0.25,1000,172100
20240222,11:05:11,0.25,1500,172100
20240222,11:05:12,0.25,1000,172100
20240222,11:05:14,0.25,1000,172100
20240222,11:05:16,0.25,2600,172100
20240222,11:05:19,0.3,1000,172100
20240222,11:05:43,0.25,1000,172100
20240222,11:05:46,0.25,250,172100
20240222,11:05:56,0.25,100,172100
20240222,11:05:58,0.25,50,172100
20240222,11:05:59,0.25,150,172100
20240222,11:06:00,0.25,150,172100
20240222,11:06:01,0.25,200,172100
20240222,11:06:02,0.25,150,172100
20240222,11:06:03,0.25,150,172100
20240222,11:06:11,0.3,150,172100
20240222,11:06:12,0.3,50,172100
20240222,11:06:13,0.25,250,172100
20240222,11:06:27,0.25,250,172100
20240222,11:06:27,0.25,550,172100
20240222,11:06:31,0.3,50,172100
20240222,11:06:33,0.25,250,172100
20240222,11:06:44,0.25,250,172100
20240222,11:06:45,0.25,400,172100
20240222,11:07:00,0.25,350,172100
20240222,11:07:02,0.25,250,172100
20240222,11:07:02,0.25,250,177050
20240222,11:07:05,0.3,50,177050
20240222,11:07:21,0.25,50,177050
20240222,11:07:23,0.25,250,177050
20240222,11:07:26,0.25,550,177050
20240222,11:07:27,0.25,300,177050
20240222,11:07:38,0.3,200,177050
20240222,11:07:40,0.25,300,177050
20240222,11:07:53,0.25,50,177050
20240222,11:07:55,0.25,6000,177050
20240222,11:09:08,0.2,50,177050
20240222,11:09:09,0.2,50,177050
20240222,11:09:33,0.2,200,177050
20240222,11:09:36,0.2,1000,177050
20240222,11:09:40,0.25,1000,177050
20240222,11:09:51,0.25,50,177050
20240222,11:10:24,0.25,100,170250
20240222,11:11:01,0.2,250,170250
20240222,11:11:10,0.25,50,170250
20240222,11:11:13,0.25,500,170250
20240222,11:11:14,0.25,1500,170250
20240222,11:11:15,0.25,500,170250
20240222,11:11:48,0.25,750,170250
20240222,11:11:54,0.2,50,170250
20240222,11:13:02,0.2,50,170250
20240222,11:13:38,0.25,50,172800
20240222,11:13:45,0.25,100,172800
20240222,11:14:06,0.2,1400,172800
20240222,11:14:18,0.25,200,172800
20240222,11:14:20,0.25,50,172800
20240222,11:15:05,0.25,50,172800
20240222,11:15:23,0.25,50,172800
20240222,11:16:24,0.2,50,173300
20240222,11:16:42,0.25,14700,173300
20240222,11:17:06,0.25,50,173300
20240222,11:17:18,0.25,250,173300
20240222,11:18:27,0.25,50,173300
20240222,11:18:27,0.2,700,173300
20240222,11:19:34,0.25,900,173300
20240222,11:20:27,0.2,50,182000
20240222,11:20:28,0.2,100,182000
20240222,11:20:40,0.25,50,182000
20240222,11:20:42,0.2,50,182000
20240222,11:21:40,0.3,6350,182000
20240222,11:21:45,0.2,50,182000
20240222,11:21:52,0.25,150,182000
20240222,11:22:31,0.25,900,182000
20240222,11:22:39,0.2,50,185100
20240222,11:22:53,0.25,150,185100
20240222,11:23:02,0.3,50,185100
20240222,11:23:06,0.2,50,185100
20240222,11:23:11,0.2,500,185100
20240222,11:23:16,0.3,900,185100
20240222,11:23:21,0.25,200,185100
20240222,11:23:23,0.3,600,185100
20240222,11:23:23,0.25,5500,185100
20240222,11:23:24,0.2,100,185100
20240222,11:23:29,0.25,850,185100
20240222,11:23:30,0.25,150,185100
20240222,11:23:31,0.25,50,185100
20240222,11:23:32,0.2,14700,185100
20240222,11:23:33,0.3,50,185100
20240222,11:23:39,0.2,50,185100
20240222,11:24:39,0.25,1100,185100
20240222,11:25:20,0.25,5400,180900
20240222,11:25:23,0.25,50,180900
20240222,11:26:12,0.25,50,180900
20240222,11:26:34,0.2,100,180900
20240222,11:27:25,0.25,550,180900
20240222,11:27:43,0.2,2050,180900
20240222,11:27:58,0.2,550,180900
20240222,11:28:55,0.25,1800,180900
20240222,11:29:03,0.25,300,186000
20240222,11:29:14,0.2,50,186000
20240222,11:29:26,0.25,1600,186000
20240222,11:29:32,0.2,5250,186000
20240222,11:29:34,0.25,950,186000
20240222,11:29:37,0.25,50,186000
20240222,11:29:40,0.2,50,186000
20240222,11:30:41,0.2,900,186000
20240222,11:30:53,0.25,900,186000
20240222,11:31:07,0.2,1800,186000
20240222,11:31:28,0.25,50,186000
20240222,11:31:34,0.25,50,186000
20240222,11:31:37,0.2,3600,186000
20240222,11:31:38,0.2,50,186000
20240222,11:32:34,0.25,50,186000
20240222,11:33:07,0.25,150,186000
20240222,11:33:13,0.2,950,186000
20240222,11:33:32,0.25,50,186000
20240222,11:33:46,0.25,100,186000
20240222,11:34:02,0.2,850,186000
20240222,11:34:17,0.2,900,186000
20240222,11:34:18,0.2,4850,182100
20240222,11:34:21,0.2,50,182100
20240222,11:34:25,0.2,50,182100
20240222,11:34:37,0.25,500,182100
20240222,11:34:41,0.25,50,182100
20240222,11:34:42,0.25,50,182100
20240222,11:34:43,0.2,50,182100
20240222,11:35:00,0.25,300,182100
20240222,11:35:01,0.25,150,182100
20240222,11:35:17,0.2,500,182100
20240222,11:36:56,0.25,100,182100
20240222,11:37:22,0.2,50,182100
20240222,11:37:56,0.2,150,175800
20240222,11:37:59,0.25,50,175800
20240222,11:38:11,0.25,50,175800
20240222,11:38:29,0.25,150,175800
20240222,11:38:56,0.2,50,175800
20240222,11:41:00,0.25,50,175800
20240222,11:41:06,0.25,50,175550
20240222,11:41:09,0.2,1000,175550
20240222,11:41:25,0.25,50,175550
20240222,11:41:54,0.25,50,175550
20240222,11:42:04,0.2,1700,175550
20240222,11:42:15,0.25,100,175550
20240222,11:42:45,0.25,100,175550
20240222,11:43:14,0.2,4350,174150
20240222,11:43:25,0.2,1800,174150
20240222,11:43:26,0.2,1800,174150
20240222,11:43:40,0.2,1800,174150
20240222,11:43:40,0.2,5400,174150
20240222,11:43:41,0.2,7200,174150
20240222,11:43:46,0.2,100,174150
20240222,11:43:56,0.2,50,174150
20240222,11:44:07,0.25,50,174150
20240222,11:44:27,0.2,50,174150
20240222,11:44:40,0.2,1800,174150
20240222,11:44:55,0.2,50,174150
20240222,11:45:23,0.25,50,174150
20240222,11:46:06,0.2,50,174150
20240222,11:46:28,0.25,750,169150
20240222,11:46:31,0.2,1650,169150
20240222,11:46:38,0.25,300,169150
20240222,11:46:55,0.2,3000,169150
20240222,11:47:01,0.25,50,169150
20240222,11:47:30,0.25,250,169150
20240222,11:47:34,0.2,750,169150
20240222,11:48:12,0.25,50,169150
20240222,11:48:16,0.2,50,169150
20240222,11:48:31,0.2,50,169150
20240222,11:48:42,0.25,50,169150
20240222,11:48:50,0.25,50,169150
20240222,11:49:08,0.2,150,169150
20240222,11:49:19,0.2,1050,171850
20240222,11:49:43,0.2,800,171850
20240222,11:49:44,0.25,50,171850
20240222,11:49:54,0.25,50,171850
20240222,11:49:55,0.2,1350,171850
20240222,11:50:09,0.2,50,171850
20240222,11:50:52,0.2,1600,171850
20240222,11:51:00,0.2,50,171850
20240222,11:52:22,0.2,100,171850
20240222,11:52:37,0.2,3900,174050
20240222,11:53:02,0.15,50,174050
20240222,11:53:08,0.2,100,174050
20240222,11:53:10,0.2,50,174050
20240222,11:53:26,0.2,50,174050
20240222,11:53:28,0.15,200,174050
20240222,11:53:36,0.2,800,174050
20240222,11:53:42,0.2,800,174050
20240222,11:53:43,0.2,800,174050
20240222,11:53:46,0.15,50,174050
20240222,11:53:47,0.15,50,174050
20240222,11:53:49,0.2,750,174050
20240222,11:53:53,0.2,50,174050
20240222,11:54:06,0.2,50,174050
20240222,11:54:09,0.15,1000,174050
20240222,11:54:13,0.15,900,174050
20240222,11:54:19,0.2,50,174050
20240222,11:54:21,0.15,50,174050
20240222,11:54:27,0.15,50,174050
20240222,11:54:49,0.2,800,174050
20240222,11:55:02,0.2,650,174050
20240222,11:55:05,0.2,150,174050
20240222,11:55:07,0.15,1500,174050
20240222,11:55:08,0.15,50,174050
20240222,11:55:26,0.2,3800,174050
20240222,11:55:27,0.2,150,178550
20240222,11:55:32,0.15,700,178550
20240222,11:55:36,0.15,850,178550
20240222,11:55:52,0.2,350,178550
20240222,11:56:17,0.2,50,178550
20240222,11:56:28,0.25,200,178550
20240222,11:56:51,0.15,50,178550
20240222,11:56:54,0.2,500,178550
20240222,11:56:55,0.15,4000,178550
20240222,11:57:15,0.25,1400,178550
20240222,11:57:21,0.15,13750,178550
20240222,11:57:25,0.15,150,178550
20240222,11:57:28,0.15,300,178550
20240222,11:57:36,0.25,700,178550
20240222,11:58:12,0.15,50,179500
20240222,11:58:17,0.15,1000,179500
20240222,11:58:20,0.2,100,179500
20240222,11:59:37,0.2,150,179500
20240222,12:00:04,0.2,800,179500
20240222,12:00:27,0.2,1500,179500
20240222,12:02:11,0.2,50,179500
20240222,12:03:23,0.15,50,179500
20240222,12:03:24,0.2,50,179500
20240222,12:03:52,0.15,50,179500
20240222,12:04:26,0.2,150,179500
20240222,12:04:49,0.2,950,179500
20240222,12:04:51,0.2,50,179500
20240222,12:04:52,0.2,50,179500
20240222,12:04:53,0.2,50,179500
20240222,12:04:59,0.2,250,179500
20240222,12:05:14,0.2,100,179500
20240222,12:05:22,0.15,450,179500
20240222,12:05:24,0.15,250,179500
20240222,12:05:42,0.2,150,179500
20240222,12:06:04,0.2,50,179500
20240222,12:06:10,0.15,150,179500
20240222,12:06:11,0.2,50,179500
20240222,12:06:38,0.2,100,179500
20240222,12:06:52,0.2,50,179500
20240222,12:07:23,0.2,50,179500
20240222,12:07:25,0.15,250,179500
20240222,12:07:29,0.15,250,179500
20240222,12:07:38,0.15,250,179500
20240222,12:07:39,0.15,50,179500
20240222,12:07:45,0.15,250,179500
20240222,12:08:00,0.15,300,179500
20240222,12:08:04,0.2,50,179500
20240222,12:08:05,0.15,450,179500
20240222,12:08:46,0.2,50,179500
20240222,12:09:05,0.15,300,179500
20240222,12:09:07,0.15,250,179500
20240222,12:09:23,0.2,50,179500
20240222,12:09:46,0.15,50,179500
20240222,12:09:59,0.2,450,179500
20240222,12:10:02,0.15,50,179500
20240222,12:10:23,0.2,50,179500
20240222,12:10:29,0.15,1350,179800
20240222,12:10:47,0.2,350,179800
20240222,12:10:53,0.2,50,179800
20240222,12:10:59,0.15,50,179800
20240222,12:11:09,0.15,250,179800
20240222,12:11:12,0.15,350,179800
20240222,12:11:18,0.15,700,179800
20240222,12:11:58,0.2,300,179800
20240222,12:12:15,0.2,50,179800
20240222,12:12:25,0.2,50,179800
20240222,12:12:34,0.2,200,179800
20240222,12:12:41,0.15,50,179800
20240222,12:13:24,0.15,50,182800
20240222,12:13:35,0.2,50,182800
20240222,12:14:13,0.2,50,182800
20240222,12:14:37,0.2,900,182800
20240222,12:14:59,0.15,50,182800
20240222,12:15:07,0.15,50,182800
20240222,12:15:58,0.2,50,182800
20240222,12:16:24,0.2,50,182800
20240222,12:16:36,0.15,50,182800
20240222,12:16:37,0.15,1900,182800
20240222,12:16:39,0.2,50,182800
20240222,12:16:40,0.2,50,182800
20240222,12:16:41,0.2,50,182800
20240222,12:16:48,0.15,400,182800
20240222,12:16:52,0.15,50,182800
20240222,12:17:18,0.2,16200,182800
20240222,12:17:18,0.2,50,182800
20240222,12:17:38,0.15,50,182800
20240222,12:17:51,0.15,1800,182800
20240222,12:18:00,0.15,900,182800
20240222,12:18:08,0.15,300,182800
20240222,12:18:17,0.15,300,182800
20240222,12:19:02,0.2,50,182800
20240222,12:19:04,0.15,50,182800
20240222,12:20:19,0.2,50,182800
20240222,12:20:26,0.15,1800,187300
20240222,12:20:26,0.15,14450,187300
20240222,12:20:38,0.15,50,187300
20240222,12:21:08,0.2,50,187300
20240222,12:21:20,0.15,50,187300
20240222,12:21:37,0.15,50,187300
20240222,12:21:39,0.2,150,187300
20240222,12:22:10,0.15,50,187300
20240222,12:22:13,0.2,650,183200
20240222,12:22:34,0.15,250,183200
20240222,12:22:36,0.15,2650,183200
20240222,12:22:36,0.15,7250,183200
20240222,12:22:55,0.2,900,183200
20240222,12:23:00,0.15,350,183200
20240222,12:23:40,0.15,50,183200
20240222,12:23:45,0.15,600,183200
20240222,12:24:03,0.15,300,183200
20240222,12:24:19,0.2,50,183200
20240222,12:24:24,0.2,15000,183200
20240222,12:24:25,0.3,20900,183200
20240222,12:24:49,0.15,650,183200
20240222,12:25:10,0.2,550,183200
20240222,12:25:12,0.2,2600,183200
20240222,12:25:15,0.2,7450,196400
20240222,12:26:05,0.2,150,196400
20240222,12:26:16,0.2,50,196400
20240222,12:26:17,0.2,50,196400
20240222,12:26:18,0.2,50,196400
20240222,12:26:48,0.15,5400,196400
20240222,12:26:48,0.15,1800,196400
20240222,12:26:49,0.15,7200,196400
20240222,12:26:50,0.15,5400,196400
20240222,12:26:51,0.15,9800,196400
20240222,12:26:52,0.15,5400,196400
20240222,12:27:40,0.15,50,196400
20240222,12:27:43,0.2,50,196400
20240222,12:28:02,0.15,150,196400
20240222,12:28:03,0.2,100,196400
20240222,12:28:06,0.15,50,196400
20240222,12:28:10,0.2,50,196400
20240222,12:28:41,0.2,1550,196400
20240222,12:30:17,0.2,200,201350
20240222,12:30:39,0.2,50,201350
20240222,12:31:16,0.2,1800,201350
20240222,12:31:48,0.15,100,201450
20240222,12:32:01,0.2,50,201450
20240222,12:32:25,0.15,50,201450
20240222,12:32:30,0.15,2400,201450
20240222,12:32:51,0.15,100,201450
20240222,12:32:52,0.15,1200,201450
20240222,12:33:10,0.2,50,201450
20240222,12:33:24,0.15,200,201450
20240222,12:33:35,0.15,50,201450
20240222,12:33:41,0.2,50,201450
20240222,12:33:50,0.2,50,201450
20240222,12:33:52,0.2,50,201450
20240222,12:33:54,0.2,50,201450
20240222,12:33:55,0.2,50,201450
20240222,12:34:30,0.15,150,201450
20240222,12:34:44,0.2,150,201450
20240222,12:35:16,0.15,1200,201450
20240222,12:35:30,0.15,300,201450
20240222,12:35:33,0.15,50,201450
20240222,12:35:34,0.15,50,201450
20240222,12:35:35,0.15,50,201450
20240222,12:35:36,0.15,50,201450
20240222,12:35:37,0.15,50,201450
20240222,12:35:38,0.15,50,201450
20240222,12:35:51,0.2,150,201450
20240222,12:35:55,0.15,100,201450
20240222,12:35:58,0.2,150,201450
20240222,12:36:02,0.15,50,201450
20240222,12:36:30,0.15,300,201450
20240222,12:36:31,0.2,50,201450
20240222,12:36:43,0.15,50,201450
20240222,12:36:51,0.2,150,201450
20240222,12:36:53,0.15,1500,201450
20240222,12:36:57,0.15,500,201450
20240222,12:36:59,0.15,200,201450
20240222,12:37:02,0.15,200,201450
20240222,12:37:07,0.15,50,201450
20240222,12:37:08,0.15,50,201450
20240222,12:37:09,0.15,200,201450
20240222,12:37:10,0.15,100,201450
20240222,12:37:14,0.15,5400,201450
20240222,12:37:16,0.15,2800,201450
20240222,12:37:17,0.15,500,214700
20240222,12:37:18,0.2,650,214700
20240222,12:37:20,0.15,50,214700
20240222,12:37:21,0.15,50,214700
20240222,12:37:22,0.15,50,214700
20240222,12:37:23,0.15,50,214700
20240222,12:37:27,0.15,50,214700
20240222,12:37:28,0.15,50,214700
20240222,12:37:29,0.15,100,214700
20240222,12:37:30,0.15,50,214700
20240222,12:37:31,0.15,100,214700
20240222,12:37:39,0.2,1800,214700
20240222,12:37:40,0.2,700,214700
20240222,12:37:41,0.15,250,214700
20240222,12:37:54,0.2,150,214700
20240222,12:38:26,0.15,50,214700
20240222,12:38:27,0.2,100,214700
20240222,12:38:35,0.15,100,214700
20240222,12:38:37,0.15,900,214700
20240222,12:38:39,0.15,500,214700
20240222,12:38:40,0.15,50,214700
20240222,12:38:41,0.15,50,214700
20240222,12:38:42,0.15,100,214700
20240222,12:38:43,0.15,100,214700
20240222,12:38:52,0.15,850,214700
20240222,12:38:59,0.15,50,214700
20240222,12:39:00,0.15,100,214700
20240222,12:39:01,0.15,100,214700
20240222,12:39:02,0.15,600,214700
20240222,12:39:03,0.15,1250,214700
20240222,12:39:04,0.15,600,214700
20240222,12:39:05,0.15,600,214700
20240222,12:39:06,0.15,950,214700
20240222,12:39:07,0.15,50,214700
20240222,12:39:09,0.2,50,214700
20240222,12:39:10,0.1,600,214700
20240222,12:39:11,0.1,1700,214700
20240222,12:39:12,0.1,250,214700
20240222,12:39:13,0.15,50,214700
20240222,12:39:15,0.15,150,214700
20240222,12:39:17,0.15,150,214700
20240222,12:39:19,0.1,150,214700
20240222,12:39:20,0.15,150,214700
20240222,12:39:22,0.15,50,214700
20240222,12:39:23,0.15,50,214700
20240222,12:39:25,0.15,100,214700
20240222,12:39:26,0.15,50,214700
20240222,12:39:27,0.15,100,214700
20240222,12:39:28,0.15,50,214700
20240222,12:39:30,0.15,150,214700
20240222,12:39:31,0.15,50,214700
20240222,12:39:32,0.15,100,214700
20240222,12:39:33,0.15,50,214700
20240222,12:39:35,0.15,100,214700
20240222,12:39:36,0.15,50,214700
20240222,12:39:39,0.1,50,214700
20240222,12:40:08,0.15,50,214700
20240222,12:40:47,0.15,50,219200
20240222,12:41:15,0.1,50,219200
20240222,12:42:07,0.15,50,219200
20240222,12:43:07,0.15,50,219200
20240222,12:44:30,0.15,150,219200
20240222,12:45:18,0.15,650,219200
20240222,12:45:27,0.15,50,219200
20240222,12:47:18,0.1,1150,219200
20240222,12:47:25,0.1,1800,219400
20240222,12:47:33,0.1,50,219400
20240222,12:48:09,0.15,500,219400
20240222,12:48:18,0.1,250,219400
20240222,12:48:30,0.15,100,219400
20240222,12:48:36,0.1,150,219400
20240222,12:48:39,0.15,100,219400
20240222,12:49:57,0.15,100,219400
20240222,12:50:08,0.1,1800,219400
20240222,12:50:40,0.15,50,219400
20240222,12:50:52,0.1,500,219400
20240222,12:51:06,0.15,50,219400
20240222,12:51:29,0.1,50,219400
20240222,12:51:36,0.1,50,219400
20240222,12:51:54,0.15,50,219400
20240222,12:52:13,0.1,900,219400
20240222,12:54:41,0.1,50,220400
20240222,12:54:47,0.15,100,220400
20240222,12:55:11,0.15,50,220400
20240222,12:55:26,0.15,500,220550
20240222,12:55:48,0.15,50,220550
20240222,12:55:49,0.15,250,220550
20240222,12:56:03,0.15,1800,220550
20240222,12:56:16,0.15,1800,220550
20240222,12:56:35,0.15,21600,220550
20240222,12:56:36,0.15,14400,220550
20240222,12:57:23,0.1,16200,220550
20240222,12:57:24,0.1,19800,220550
20240222,12:58:43,0.1,50,220550
20240222,12:59:50,0.1,500,225050
20240222,13:00:03,0.15,50,225050
20240222,13:00:48,0.15,50,225050
20240222,13:01:26,0.1,150,225050
20240222,13:01:26,0.1,100,225050
20240222,13:02:41,0.1,100,225050
20240222,13:03:24,0.15,50,225050
20240222,13:04:10,0.15,500,225050
20240222,13:05:40,0.1,500,225050
20240222,13:06:03,0.1,1800,225050
20240222,13:06:51,0.1,400,225050
20240222,13:06:56,0.1,50,225050
20240222,13:07:58,0.1,450,227250
20240222,13:08:08,0.1,250,227250
20240222,13:08:09,0.1,250,227250
20240222,13:08:10,0.15,50,227250
20240222,13:08:11,0.1,250,227250
20240222,13:08:20,0.1,350,227250
20240222,13:08:57,0.1,750,227250
20240222,13:09:42,0.15,1800,227250
20240222,13:10:12,0.15,50,227250
20240222,13:10:21,0.1,1000,227250
20240222,13:10:51,0.1,350,227250
20240222,13:10:51,0.1,250,228800
20240222,13:10:52,0.1,750,228800
20240222,13:10:54,0.1,350,228800
20240222,13:11:03,0.1,250,228800
20240222,13:11:37,0.15,50,228800
20240222,13:11:45,0.1,50,228800
20240222,13:13:09,0.15,50,228800
20240222,13:13:34,0.15,50,230500
20240222,13:13:57,0.1,100,230500
20240222,13:14:14,0.15,50,230500
20240222,13:14:20,0.1,50,230500
20240222,13:14:25,0.1,50,230500
20240222,13:15:05,0.1,1800,230500
20240222,13:15:27,0.15,50,230500
20240222,13:15:37,0.1,1800,230500
20240222,13:15:38,0.15,150,230500
20240222,13:16:03,0.1,250,230500
20240222,13:16:14,0.15,100,230500
20240222,13:16:28,0.1,50,233100
20240222,13:17:45,0.1,100,233100
20240222,13:17:47,0.1,100,233100
20240222,13:17:49,0.1,100,233100
20240222,13:17:51,0.1,100,233100
20240222,13:17:53,0.1,100,233100
20240222,13:17:55,0.1,100,233100
20240222,13:17:57,0.15,50,233100
20240222,13:18:00,0.1,100,233100
20240222,13:18:23,0.1,1400,233100
20240222,13:18:40,0.1,100,233100
20240222,13:18:43,0.1,100,233100
20240222,13:18:46,0.15,50,233100
20240222,13:18:54,0.1,50,233100
20240222,13:18:58,0.1,50,233100
20240222,13:19:00,0.15,50,233100
20240222,13:19:09,0.1,400,233100
20240222,13:19:12,0.1,150,233100
20240222,13:19:15,0.1,50,233100
20240222,13:19:20,0.1,100,233100
20240222,13:19:21,0.1,100,233100
20240222,13:19:24,0.1,100,234300
20240222,13:19:25,0.1,100,234300
20240222,13:19:27,0.1,100,234300
20240222,13:19:32,0.1,100,234300
20240222,13:19:45,0.1,350,234300
20240222,13:19:53,0.1,200,234300
20240222,13:20:00,0.1,200,234300
20240222,13:20:02,0.15,50,234300
20240222,13:20:06,0.1,200,234300
20240222,13:20:07,0.1,50,234300
20240222,13:20:08,0.1,50,234300
20240222,13:20:09,0.1,200,234300
20240222,13:20:10,0.1,200,234300
20240222,13:20:11,0.1,1950,234300
20240222,13:20:12,0.1,200,234300
20240222,13:20:13,0.1,250,234300
20240222,13:20:14,0.1,150,234300
20240222,13:20:15,0.1,200,234300
20240222,13:20:16,0.1,200,234300
20240222,13:20:17,0.1,250,234300
20240222,13:20:24,0.15,50,234300
20240222,13:21:01,0.15,50,234300
20240222,13:21:09,0.15,100,234300
20240222,13:21:12,0.1,50,234300
20240222,13:21:25,0.1,50,234300
20240222,13:21:26,0.1,100,234300
20240222,13:21:27,0.1,250,234300
20240222,13:21:28,0.1,150,234300
20240222,13:21:29,0.1,150,234300
20240222,13:21:30,0.1,100,234300
20240222,13:21:31,0.1,150,234300
20240222,13:21:32,0.1,200,234300
20240222,13:21:36,0.1,50,234300
20240222,13:21:41,0.15,100,234300
20240222,13:22:08,0.15,50,234300
20240222,13:22:20,0.1,50,234300
20240222,13:22:21,0.1,50,234300
20240222,13:22:26,0.1,350,234150
20240222,13:23:07,0.15,1000,234150
20240222,13:23:27,0.1,50,234150
20240222,13:23:41,0.1,50,234150
20240222,13:24:21,0.1,1650,234150
20240222,13:24:22,0.1,8800,234150
20240222,13:24:37,0.1,50,234150
20240222,13:25:13,0.15,50,234150
20240222,13:25:21,0.1,1000,234150
20240222,13:25:57,0.15,500,234150
20240222,13:26:02,0.1,250,222600
20240222,13:26:43,0.1,50,222600
20240222,13:26:45,0.1,50,222600
20240222,13:26:46,0.1,100,222600
20240222,13:26:47,0.1,100,222600
20240222,13:26:51,0.1,50,222600
20240222,13:26:56,0.15,250,222600
20240222,13:27:31,0.1,500,222600
20240222,13:27:53,0.1,250,222600
20240222,13:28:14,0.15,1500,222600
20240222,13:28:34,0.1,1800,222600
20240222,13:28:59,0.15,50,222600
20240222,13:29:12,0.15,350,222600
20240222,13:29:34,0.1,500,222600
20240222,13:30:08,0.15,100,222600
20240222,13:30:10,0.1,350,222600
20240222,13:30:59,0.15,500,222600
20240222,13:31:06,0.1,10000,222600
20240222,13:31:18,0.15,500,222600
20240222,13:31:38,0.1,100,209950
20240222,13:32:18,0.15,1800,209950
20240222,13:32:24,0.1,100,209950
20240222,13:33:22,0.1,50,209950
20240222,13:33:27,0.1,50,209950
20240222,13:34:02,0.15,50,209950
20240222,13:34:10,0.1,1000,209950
20240222,13:34:11,0.15,50,209950
20240222,13:34:30,0.1,600,209950
20240222,13:34:39,0.15,100,208650
20240222,13:34:48,0.1,1800,208650
20240222,13:35:01,0.15,100,208650
20240222,13:35:12,0.15,1800,208650
20240222,13:35:12,0.15,3200,208650
20240222,13:35:13,0.15,50,208650
20240222,13:35:19,0.1,50,208650
20240222,13:35:39,0.15,50,208650
20240222,13:36:40,0.1,50,208650
20240222,13:36:44,0.1,100,208650
20240222,13:36:47,0.1,100,208650
20240222,13:37:05,0.1,1200,208650
20240222,13:37:09,0.1,1800,208650
20240222,13:37:24,0.15,200,208650
20240222,13:37:41,0.1,50,208650
20240222,13:37:57,0.1,400,207800
20240222,13:37:57,0.1,250,207800
20240222,13:37:59,0.1,300,207800
20240222,13:38:18,0.1,6200,207800
20240222,13:38:19,0.1,1800,207800
20240222,13:38:21,0.1,1000,207800
20240222,13:38:27,0.1,50,207800
20240222,13:38:40,0.1,50,207800
20240222,13:38:41,0.1,50,207800
20240222,13:38:43,0.1,50,207800
20240222,13:38:52,0.1,300,207800
20240222,13:38:56,0.1,50,207800
20240222,13:38:57,0.1,50,207800
20240222,13:38:58,0.1,50,207800
20240222,13:38:59,0.1,50,207800
20240222,13:39:00,0.1,50,207800
20240222,13:39:01,0.1,50,207800
20240222,13:39:32,0.1,150,207800
20240222,13:39:34,0.1,500,207800
20240222,13:39:35,0.15,100,207800
20240222,13:39:40,0.1,300,207800
20240222,13:39:45,0.1,50,207800
20240222,13:39:53,0.1,300,207800
20240222,13:39:59,0.15,200,207800
20240222,13:40:06,0.1,50,207800
20240222,13:40:26,0.1,100,207800
20240222,13:40:29,0.1,50,207800
20240222,13:40:30,0.1,50,219350
20240222,13:40:31,0.1,50,219350
20240222,13:40:33,0.1,300,219350
20240222,13:40:35,0.1,50,219350
20240222,13:40:36,0.1,150,219350
20240222,13:40:37,0.1,150,219350
20240222,13:40:38,0.1,100,219350
20240222,13:40:46,0.1,700,219350
20240222,13:40:51,0.1,1200,219350
20240222,13:41:02,0.1,50,219350
20240222,13:41:36,0.1,2100,219350
20240222,13:42:06,0.1,200,219350
20240222,13:42:15,0.05,4450,219350
20240222,13:42:16,0.05,1600,219350
20240222,13:42:26,0.05,300,219350
20240222,13:42:27,0.05,300,219350
20240222,13:42:31,0.05,50,219350
20240222,13:42:44,0.1,100,219350
20240222,13:43:43,0.1,1800,219350
20240222,13:45:01,0.1,50,219400
20240222,13:45:30,0.05,100,219400
20240222,13:46:01,0.1,4600,219400
20240222,13:46:02,0.15,200,219400
20240222,13:46:26,0.1,500,219400
20240222,13:46:45,0.1,50,219400
20240222,13:47:22,0.05,500,217900
20240222,13:47:31,0.1,250,217900
20240222,13:47:44,0.05,250,217900
20240222,13:47:49,0.1,50,217900
20240222,13:47:53,0.05,50,217900
20240222,13:47:56,0.05,50,217900
20240222,13:48:21,0.05,1000,217900
20240222,13:48:31,0.1,100,217900
20240222,13:48:35,0.1,50,217900
20240222,13:49:35,0.05,50,218900
20240222,13:50:50,0.1,150,218900
20240222,13:51:21,0.1,1800,218900
20240222,13:51:25,0.1,1800,218900
20240222,13:51:34,0.05,3900,218900
20240222,13:52:00,0.05,300,218900
20240222,13:52:07,0.05,9000,218900
20240222,13:52:08,0.05,6000,218900
20240222,13:52:11,0.05,200,218900
20240222,13:52:18,0.05,50,218900
20240222,13:52:25,0.1,1800,218900
20240222,13:52:26,0.1,700,218900
20240222,13:52:41,0.1,50,198850
20240222,13:52:48,0.1,1800,198850
20240222,13:52:49,0.1,950,198850
20240222,13:53:12,0.05,50,198850
20240222,13:53:13,0.1,50,198850
20240222,13:53:29,0.05,350,198850
20240222,13:54:05,0.05,300,198850
20240222,13:54:16,0.1,50,198850
20240222,13:54:28,0.05,150,198850
20240222,13:54:29,0.05,50,198850
20240222,13:54:55,0.1,300,198850
20240222,13:55:10,0.05,650,198850
20240222,13:55:13,0.1,700,198850
20240222,13:55:14,0.1,1800,198850
20240222,13:55:16,0.05,2300,198850
20240222,13:55:22,0.1,400,198850
20240222,13:55:51,0.1,50,196050
20240222,13:55:57,0.1,1500,196050
20240222,13:56:00,0.1,250,196050
20240222,13:56:28,0.1,50,196050
20240222,13:56:54,0.1,50,196050
20240222,13:56:55,0.1,100,196050
20240222,13:57:10,0.05,300,196050
20240222,13:57:12,0.1,300,196050
20240222,13:57:47,0.1,50,196050
20240222,13:58:33,0.1,50,195550
20240222,13:58:44,0.05,300,195550
20240222,13:59:17,0.1,3150,195550
20240222,13:59:19,0.05,50,195550
20240222,13:59:37,0.1,1800,195550
20240222,13:59:40,0.1,250,195550
20240222,13:59:55,0.1,50,195550
20240222,14:00:54,0.1,500,195550
20240222,14:00:57,0.05,2500,195550
20240222,14:01:03,0.1,50,195550
20240222,14:02:00,0.1,50,193400
20240222,14:02:09,0.05,1800,193400
20240222,14:02:11,0.05,1800,193400
20240222,14:02:12,0.05,300,193400
20240222,14:02:15,0.05,1800,193400
20240222,14:02:16,0.05,1800,193400
20240222,14:02:18,0.05,1800,193400
20240222,14:02:19,0.05,1800,193400
20240222,14:02:28,0.1,10000,193400
20240222,14:02:30,0.05,50,193400
20240222,14:02:31,0.05,100,193400
20240222,14:02:32,0.05,100,193400
20240222,14:02:33,0.05,100,193400
20240222,14:02:34,0.05,50,193400
20240222,14:02:35,0.05,100,193400
20240222,14:02:36,0.05,100,193400
20240222,14:02:37,0.05,150,193400
20240222,14:02:38,0.1,1800,193400
20240222,14:02:47,0.1,50,193400
20240222,14:03:00,0.05,1800,193400
20240222,14:03:07,0.1,2500,193400
20240222,14:03:36,0.1,50,193400
20240222,14:03:40,0.05,2500,193400
20240222,14:03:43,0.05,600,193400
20240222,14:03:50,0.1,250,193400
20240222,14:03:54,0.05,10000,193400
20240222,14:03:58,0.05,50,193400
20240222,14:04:00,0.05,100,193400
20240222,14:04:07,0.05,3600,193400
20240222,14:04:14,0.1,50,193400
20240222,14:04:17,0.05,250,193400
20240222,14:04:37,0.1,250,207100
20240222,14:04:54,0.05,100,207100
20240222,14:04:57,0.05,50,207100
20240222,14:04:58,0.1,250,207100
20240222,14:05:04,0.1,50,207100
20240222,14:05:06,0.05,250,207100
20240222,14:05:09,0.1,3800,207100
20240222,14:05:11,0.05,1800,207100
20240222,14:05:18,0.05,1000,207100
20240222,14:05:21,0.05,1000,207100
20240222,14:05:25,0.05,1000,207100
20240222,14:05:27,0.05,1000,207100
20240222,14:05:30,0.05,1000,207100
20240222,14:05:33,0.05,1000,207100
20240222,14:05:34,0.05,150,207100
20240222,14:05:35,0.05,1000,207100
20240222,14:05:38,0.05,150,207100
20240222,14:05:39,0.05,1000,207100
20240222,14:05:42,0.05,1000,207100
20240222,14:05:42,0.05,150,207100
20240222,14:05:46,0.05,1000,207100
20240222,14:05:48,0.05,1000,207100
20240222,14:05:51,0.05,1000,207100
20240222,14:05:54,0.05,1000,207100
20240222,14:05:56,0.05,1000,207100
20240222,14:06:03,0.05,1000,207100
20240222,14:06:06,0.05,1000,207100
20240222,14:06:34,0.1,200,207100
20240222,14:06:40,0.05,50,207100
20240222,14:06:58,0.05,50,207100
20240222,14:07:11,0.05,50,207100
20240222,14:07:54,0.05,50,207100
20240222,14:08:13,0.1,1800,210100
20240222,14:09:05,0.05,50,210100
20240222,14:09:11,0.1,1800,210100
20240222,14:09:12,0.1,100,210100
20240222,14:09:13,0.1,150,210100
20240222,14:09:16,0.05,50,210100
20240222,14:09:16,0.1,1100,210100
20240222,14:09:19,0.1,1800,210100
20240222,14:09:19,0.1,50,210100
20240222,14:09:20,0.1,50,210100
20240222,14:09:21,0.1,1800,210100
20240222,14:09:22,0.1,50,210100
20240222,14:09:23,0.1,1800,210100
20240222,14:09:24,0.1,1800,210100
20240222,14:09:26,0.1,1150,210100
20240222,14:09:34,0.05,900,210100
20240222,14:09:56,0.1,1300,210100
20240222,14:10:01,0.05,300,210100
20240222,14:10:13,0.1,50,210100
20240222,14:10:14,0.05,50,210100
20240222,14:10:24,0.05,50,210100
20240222,14:10:29,0.05,200,210100
20240222,14:10:33,0.05,100,202150
20240222,14:10:34,0.05,100,202150
20240222,14:10:43,0.05,500,202150
20240222,14:11:02,0.05,450,202150
20240222,14:11:17,0.1,50,202150
20240222,14:11:20,0.1,50,202150
20240222,14:11:21,0.05,50,202150
20240222,14:11:22,0.1,50,202150
20240222,14:11:23,0.1,50,202150
20240222,14:11:24,0.1,300,202150
20240222,14:11:26,0.1,100,202150
20240222,14:11:27,0.1,50,202150
20240222,14:11:41,0.1,3450,202150
20240222,14:12:14,0.05,50,202150
20240222,14:12:17,0.05,50,202150
20240222,14:13:02,0.1,1800,202150
20240222,14:13:05,0.05,200,202150
20240222,14:13:30,0.1,1200,202150
20240222,14:13:43,0.05,50,202700
20240222,14:13:50,0.1,500,202700
20240222,14:14:33,0.05,100,202700
20240222,14:15:05,0.05,50,202700
20240222,14:15:10,0.05,1800,202700
20240222,14:15:43,0.1,300,202700
20240222,14:15:59,0.1,100,202700
20240222,14:17:11,0.1,50,204200
20240222,14:17:13,0.05,1000,204200
20240222,14:17:57,0.1,50,204200
20240222,14:18:38,0.1,250,204200
20240222,14:19:02,0.1,750,204200
20240222,14:19:29,0.05,100,204200
20240222,14:19:46,0.05,400,204200
20240222,14:20:15,0.05,250,204200
20240222,14:20:22,0.1,800,204200
20240222,14:20:42,0.05,500,204200
20240222,14:20:47,0.05,1000,204200
20240222,14:20:50,0.1,50,204200
20240222,14:21:45,0.05,50,204200
20240222,14:21:57,0.05,100,204200
20240222,14:23:48,0.1,100,204200
20240222,14:24:02,0.05,1200,205300
20240222,14:25:05,0.05,100,205300
20240222,14:25:11,0.1,250,205300
20240222,14:25:16,0.05,350,205300
20240222,14:25:44,0.1,50,205300
20240222,14:25:47,0.1,50,205300
20240222,14:26:22,0.05,50,205300
20240222,14:26:31,0.05,50,205300
20240222,14:27:50,0.1,50,205300
20240222,14:27:58,0.1,50,205300
20240222,14:28:03,0.05,500,205300
20240222,14:29:56,0.1,50,205300
20240222,14:30:50,0.1,50,205800
20240222,14:32:04,0.05,50,205800
20240222,14:32:42,0.05,50,205800
20240222,14:33:14,0.05,50,205800
20240222,14:33:33,0.1,1050,205800
20240222,14:33:41,0.05,50,205800
20240222,14:34:43,0.05,400,205800
20240222,14:34:46,0.05,50,205600
20240222,14:34:48,0.05,1550,205600
20240222,14:34:49,0.05,50,205600
20240222,14:34:50,0.05,50,205600
20240222,14:34:51,0.05,100,205600
20240222,14:35:40,0.1,50,205600
20240222,14:36:02,0.05,500,205600
20240222,14:36:51,0.05,1800,205600
20240222,14:36:57,0.05,1800,205600
20240222,14:36:58,0.05,1800,205600
20240222,14:36:59,0.05,200,205600
20240222,14:37:36,0.05,600,205600
20240222,14:37:53,0.1,50,201250
20240222,14:37:54,0.1,50,201250
20240222,14:37:55,0.1,50,201250
20240222,14:37:56,0.1,50,201250
20240222,14:38:01,0.1,600,201250
20240222,14:38:46,0.05,1800,201250
20240222,14:38:50,0.05,1800,201250
20240222,14:38:52,0.05,1800,201250
20240222,14:38:54,0.05,1800,201250
20240222,14:38:57,0.05,1800,201250
20240222,14:38:59,0.05,1800,201250
20240222,14:39:08,0.05,1800,201250
20240222,14:39:09,0.1,650,201250
20240222,14:39:17,0.1,50,201250
20240222,14:39:39,0.1,50,201250
20240222,14:39:59,0.1,700,201250
20240222,14:39:59,0.05,50,201250
20240222,14:40:00,0.1,500,201250
20240222,14:40:10,0.1,50,201250
20240222,14:40:28,0.05,150,201250
20240222,14:40:30,0.1,150,201250
20240222,14:40:54,0.1,50,200450
20240222,14:40:58,0.05,50,200450
20240222,14:41:04,0.1,50,200450
20240222,14:41:06,0.1,50,200450
20240222,14:41:09,0.1,50,200450
20240222,14:41:35,0.05,50,200450
20240222,14:41:53,0.05,250,200450
20240222,14:41:56,0.1,250,200450
20240222,14:42:05,0.1,100,200450
20240222,14:42:42,0.1,1800,200450
20240222,14:42:54,0.1,250,200450
20240222,14:42:56,0.1,300,200450
20240222,14:42:57,0.1,300,200450
20240222,14:43:06,0.1,450,200450
20240222,14:43:15,0.1,250,200450
20240222,14:43:18,0.1,350,200450
20240222,14:43:33,0.1,250,200450
20240222,14:43:34,0.05,1550,200450
20240222,14:43:53,0.1,50,196500
20240222,14:43:54,0.1,100,196500
20240222,14:44:30,0.05,50,196500
20240222,14:44:55,0.05,50,196500
20240222,14:45:01,0.1,250,196500
20240222,14:45:13,0.1,50,196500
20240222,14:45:23,0.1,1800,196500
20240222,14:45:30,0.05,1800,196500
20240222,14:45:31,0.05,1800,196500
20240222,14:45:44,0.1,400,196500
20240222,14:46:09,0.1,500,196500
20240222,14:46:35,0.05,50,196500
20240222,14:46:39,0.05,50,196100
20240222,14:46:47,0.05,1800,196100
20240222,14:47:37,0.05,50,196100
20240222,14:47:58,0.1,50,196100
20240222,14:48:09,0.05,50,196100
20240222,14:48:51,0.1,700,196100
20240222,14:49:08,0.05,50,196100
20240222,14:49:13,0.05,50,196100
20240222,14:49:17,0.1,50,196100
20240222,14:49:19,0.05,50,196100
20240222,14:49:21,0.1,500,196100
20240222,14:49:33,0.05,1800,196100
20240222,14:50:13,0.05,250,194200
20240222,14:50:36,0.05,1500,194200
20240222,14:50:56,0.05,500,194200
20240222,14:50:57,0.1,50,194200
20240222,14:50:58,0.1,50,194200
20240222,14:50:59,0.1,50,194200
20240222,14:51:00,0.1,50,194200
20240222,14:51:02,0.1,100,194200
20240222,14:51:03,0.1,50,194200
20240222,14:51:04,0.1,50,194200
20240222,14:51:04,0.05,50,194200
20240222,14:51:05,0.1,50,194200
20240222,14:51:06,0.1,50,194200
20240222,14:51:07,0.1,50,194200
20240222,14:51:08,0.1,50,194200
20240222,14:51:09,0.1,50,194200
20240222,14:51:12,0.05,250,194200
20240222,14:51:13,0.1,50,194200
20240222,14:51:16,0.1,1800,194200
20240222,14:51:21,0.05,200,194200
20240222,14:51:22,0.05,200,194200
20240222,14:51:23,0.05,100,194200
20240222,14:51:29,0.1,1800,194200
20240222,14:51:55,0.1,1800,194200
20240222,14:52:06,0.05,100,194200
20240222,14:52:15,0.05,600,194200
20240222,14:52:16,0.05,50,194200
20240222,14:52:26,0.1,50,194200
20240222,14:52:30,0.1,500,194200
20240222,14:52:31,0.1,550,194200
20240222,14:52:32,0.05,1800,194200
20240222,14:52:34,0.1,100,194200
20240222,14:52:35,0.1,50,194200
20240222,14:52:36,0.1,50,194200
20240222,14:52:37,0.1,50,194200
20240222,14:52:38,0.05,100,194200
20240222,14:52:40,0.1,100,188450
20240222,14:52:41,0.1,50,188450
20240222,14:52:42,0.1,50,188450
20240222,14:52:43,0.1,50,188450
20240222,14:52:44,0.1,650,188450
20240222,14:52:45,0.1,50,188450
20240222,14:52:46,0.1,50,188450
20240222,14:52:47,0.1,100,188450
20240222,14:52:48,0.1,50,188450
20240222,14:52:49,0.1,50,188450
20240222,14:52:50,0.1,50,188450
20240222,14:52:51,0.1,50,188450
20240222,14:52:52,0.1,50,188450
20240222,14:52:53,0.1,50,188450
20240222,14:52:54,0.1,50,188450
20240222,14:52:55,0.1,50,188450
20240222,14:52:56,0.1,50,188450
20240222,14:52:57,0.1,100,188450
20240222,14:52:58,0.1,50,188450
20240222,14:52:59,0.1,50,188450
20240222,14:53:00,0.1,50,188450
20240222,14:53:01,0.1,50,188450
20240222,14:53:02,0.1,50,188450
20240222,14:53:03,0.1,50,188450
20240222,14:53:04,0.1,100,188450
20240222,14:53:05,0.05,100,188450
20240222,14:53:06,0.1,50,188450
20240222,14:53:07,0.1,50,188450
20240222,14:53:09,0.1,100,188450
20240222,14:53:10,0.1,50,188450
20240222,14:53:11,0.1,50,188450
20240222,14:53:12,0.1,50,188450
20240222,14:53:13,0.1,50,188450
20240222,14:53:14,0.1,50,188450
20240222,14:53:16,0.1,50,188450
20240222,14:53:17,0.1,50,188450
20240222,14:53:19,0.1,1800,188450
20240222,14:53:31,0.1,50,188450
20240222,14:53:32,0.1,50,188450
20240222,14:53:33,0.1,50,188450
20240222,14:53:34,0.1,50,188450
20240222,14:53:35,0.1,50,188450
20240222,14:53:36,0.1,50,188450
20240222,14:53:40,0.1,50,188450
20240222,14:53:41,0.1,50,188450
20240222,14:53:42,0.1,50,188450
20240222,14:54:03,0.1,50,188450
20240222,14:54:04,0.1,50,188450
20240222,14:54:05,0.1,50,188450
20240222,14:54:06,0.1,50,188450
20240222,14:54:07,0.1,50,188450
20240222,14:54:08,0.1,50,188450
20240222,14:54:09,0.1,50,188450
20240222,14:54:17,0.1,50,188450
20240222,14:54:18,0.1,50,188450
20240222,14:54:19,0.1,50,188450
20240222,14:54:20,0.1,50,188450
20240222,14:54:21,0.1,50,188450
20240222,14:54:22,0.1,50,188450
20240222,14:54:23,0.1,50,188450
20240222,14:54:24,0.1,50,188450
20240222,14:54:25,0.1,50,188450
20240222,14:54:26,0.1,50,188450
20240222,14:54:27,0.05,50,188450
20240222,14:54:36,0.05,50,188450
20240222,14:54:39,0.05,200,188450
20240222,14:54:40,0.05,200,188450
20240222,14:54:41,0.05,200,188450
20240222,14:54:42,0.05,200,188450
20240222,14:54:43,0.05,200,188450
20240222,14:54:44,0.05,200,188450
20240222,14:54:45,0.05,200,188450
20240222,14:54:46,0.05,200,188450
20240222,14:54:47,0.05,200,188450
20240222,14:54:48,0.05,200,188450
20240222,14:54:49,0.05,200,188450
20240222,14:54:50,0.05,200,188450
20240222,14:54:51,0.05,200,188450
20240222,14:54:52,0.05,250,188450
20240222,14:54:53,0.05,150,188450
20240222,14:54:54,0.05,150,188450
20240222,14:54:55,0.05,150,188450
20240222,14:54:56,0.05,150,188450
20240222,14:54:57,0.05,50,188450
20240222,14:55:18,0.1,50,188450
20240222,14:55:19,0.1,50,188450
20240222,14:55:20,0.1,50,188450
20240222,14:55:21,0.1,50,188450
20240222,14:55:22,0.1,50,188450
20240222,14:55:23,0.05,1250,188450
20240222,14:55:24,0.1,100,188450
20240222,14:55:25,0.1,50,188450
20240222,14:55:26,0.1,50,188450
20240222,14:55:27,0.1,50,188450
20240222,14:55:28,0.1,50,188450
20240222,14:55:29,0.1,50,188450
20240222,14:55:30,0.1,50,188450
20240222,14:55:31,0.1,50,188450
20240222,14:55:32,0.1,50,188450
20240222,14:55:33,0.1,50,188450
20240222,14:55:34,0.1,50,188450
20240222,14:55:35,0.1,50,188450
20240222,14:55:36,0.1,50,188450
20240222,14:55:37,0.1,50,188450
20240222,14:55:38,0.1,50,188450
20240222,14:55:39,0.1,50,188450
20240222,14:55:40,0.1,50,184200
20240222,14:55:43,0.1,50,184200
20240222,14:55:44,0.1,50,184200
20240222,14:55:45,0.1,50,184200
20240222,14:55:46,0.1,50,184200
20240222,14:55:47,0.1,50,184200
20240222,14:55:48,0.1,50,184200
20240222,14:55:49,0.1,50,184200
20240222,14:55:50,0.1,50,184200
20240222,14:55:51,0.1,50,184200
20240222,14:55:52,0.1,50,184200
20240222,14:55:53,0.1,50,184200
20240222,14:55:54,0.1,50,184200
20240222,14:55:55,0.1,50,184200
20240222,14:55:56,0.1,50,184200
20240222,14:55:57,0.1,50,184200
20240222,14:55:58,0.1,50,184200
20240222,14:55:59,0.1,50,184200
20240222,14:56:00,0.1,50,184200
20240222,14:56:01,0.1,50,184200
20240222,14:56:02,0.1,100,184200
20240222,14:56:03,0.1,50,184200
20240222,14:56:10,0.05,500,184200
20240222,14:56:16,0.1,1800,184200
20240222,14:56:17,0.1,200,184200
20240222,14:56:28,0.05,50,184200
20240222,14:56:29,0.05,200,184200
20240222,14:56:29,0.1,500,184200
20240222,14:56:30,0.05,200,184200
20240222,14:56:31,0.05,200,184200
20240222,14:56:32,0.05,200,184200
20240222,14:56:33,0.05,200,184200
20240222,14:56:43,0.05,100,184200
20240222,14:56:48,0.05,50,184200
20240222,14:56:49,0.05,200,184200
20240222,14:56:50,0.05,200,184200
20240222,14:56:51,0.05,200,184200
20240222,14:57:14,0.05,50,184200
20240222,14:57:17,0.1,50,184200
20240222,14:57:42,0.1,50,184200
20240222,14:57:45,0.05,50,184200
20240222,14:57:46,0.05,200,184200
20240222,14:57:47,0.05,200,184200
20240222,14:57:48,0.05,50,184200
20240222,14:57:55,0.05,900,184200
20240222,14:58:11,0.1,300,184200
20240222,14:58:12,0.05,50,184200
20240222,14:58:20,0.05,5250,184200
20240222,14:58:22,0.05,1250,184200
20240222,14:58:33,0.05,300,184200
20240222,14:58:34,0.05,800,184200
20240222,14:58:35,0.1,50,184200
20240222,14:58:56,0.1,50,184200
20240222,14:58:57,0.1,50,184750
20240222,14:58:58,0.1,50,184750
20240222,14:58:59,0.1,50,184750
20240222,14:59:00,0.1,50,184750
20240222,14:59:01,0.1,50,184750
20240222,14:59:02,0.1,100,184750
20240222,14:59:03,0.1,50,184750
20240222,14:59:04,0.1,50,184750
20240222,14:59:05,0.1,50,184750
20240222,14:59:06,0.1,50,184750
20240222,14:59:07,0.1,50,184750
20240222,14:59:08,0.1,50,184750
20240222,14:59:09,0.1,50,184750
20240222,14:59:10,0.1,50,184750
20240222,14:59:11,0.1,50,184750
20240222,14:59:12,0.1,50,184750
20240222,14:59:13,0.1,100,184750
20240222,14:59:14,0.1,50,184750
20240222,14:59:15,0.1,50,184750
20240222,14:59:16,0.1,50,184750
20240222,14:59:27,0.1,50,184750
20240222,14:59:44,0.05,50,184750
20240222,15:00:00,0.05,200,184750
20240222,15:00:01,0.05,200,184750
20240222,15:00:01,0.05,300,184750
20240222,15:00:02,0.05,200,184750
20240222,15:00:03,0.05,200,184750
20240222,15:00:04,0.05,200,184750
20240222,15:00:05,0.05,50,184750
20240222,15:00:15,0.1,50,184750
20240222,15:00:17,0.1,100,184750
20240222,15:00:18,0.1,100,184750
20240222,15:00:19,0.1,50,184750
20240222,15:00:20,0.1,50,184750
20240222,15:00:21,0.1,50,184750
20240222,15:00:22,0.1,50,184750
20240222,15:00:23,0.1,50,184750
20240222,15:00:24,0.1,50,184750
20240222,15:00:25,0.1,50,184750
20240222,15:00:26,0.1,50,184750
20240222,15:00:27,0.1,50,184750
20240222,15:00:28,0.1,100,184750
20240222,15:00:35,0.05,200,184750
20240222,15:00:36,0.05,200,184750
20240222,15:00:37,0.05,200,184750
20240222,15:00:38,0.05,100,184750
20240222,15:00:39,0.05,700,184750
20240222,15:00:47,0.1,950,184750
20240222,15:01:31,0.1,50,184750
20240222,15:01:46,0.05,50,184750
20240222,15:01:54,0.1,100,183500
20240222,15:01:55,0.1,100,183500
20240222,15:01:56,0.1,100,183500
20240222,15:01:57,0.1,100,183500
20240222,15:01:59,0.1,50,183500
20240222,15:02:00,0.1,50,183500
20240222,15:02:01,0.1,150,183500
20240222,15:02:02,0.1,100,183500
20240222,15:02:03,0.1,50,183500
20240222,15:02:04,0.1,50,183500
20240222,15:02:05,0.1,50,183500
20240222,15:02:06,0.1,50,183500
20240222,15:02:07,0.1,50,183500
20240222,15:02:08,0.05,200,183500
20240222,15:02:09,0.1,150,183500
20240222,15:02:10,0.05,4950,183500
20240222,15:02:11,0.1,150,183500
20240222,15:02:12,0.1,200,183500
20240222,15:02:13,0.1,200,183500
20240222,15:02:14,0.1,200,183500
20240222,15:02:15,0.1,150,183500
20240222,15:02:16,0.1,150,183500
20240222,15:02:17,0.1,150,183500
20240222,15:02:18,0.1,150,183500
20240222,15:02:19,0.1,300,183500
20240222,15:02:20,0.1,200,183500
20240222,15:02:22,0.1,850,183500
20240222,15:02:23,0.1,1350,183500
20240222,15:02:25,0.1,500,183500
20240222,15:02:26,0.05,800,183500
20240222,15:02:27,0.05,750,183500
20240222,15:02:28,0.05,200,183500
20240222,15:02:29,0.05,850,183500
20240222,15:02:30,0.1,500,183500
20240222,15:02:43,0.05,900,183500
20240222,15:02:45,0.05,900,183500
20240222,15:02:47,0.05,900,183500
20240222,15:02:49,0.05,900,183500
20240222,15:02:51,0.05,900,183500
20240222,15:02:52,0.1,550,183500
20240222,15:02:55,0.05,650,183500
20240222,15:02:57,0.05,250,183500
20240222,15:02:58,0.05,50,183500
20240222,15:02:59,0.05,100,183500
20240222,15:03:00,0.05,50,183500
20240222,15:03:04,0.05,50,183500
20240222,15:03:06,0.1,700,183500
20240222,15:03:08,0.1,650,183500
20240222,15:03:10,0.1,550,183500
20240222,15:03:48,0.05,50,183500
20240222,15:03:56,0.05,50,183500
20240222,15:03:59,0.1,50,183500
20240222,15:04:00,0.1,50,183500
20240222,15:04:00,0.05,50,183500
20240222,15:04:01,0.1,50,183500
20240222,15:04:02,0.1,50,183500
20240222,15:04:03,0.1,50,183500
20240222,15:04:04,0.1,50,183500
20240222,15:04:05,0.1,50,183500
20240222,15:04:06,0.1,50,183500
20240222,15:04:08,0.1,550,183500
20240222,15:04:09,0.1,550,183500
20240222,15:04:10,0.1,100,183500
20240222,15:04:11,0.1,250,183500
20240222,15:04:12,0.1,500,183500
20240222,15:04:14,0.1,550,183500
20240222,15:04:17,0.1,250,183500
20240222,15:04:18,0.1,500,183500
20240222,15:04:22,0.1,50,183500
20240222,15:04:26,0.1,650,183500
20240222,15:04:39,0.05,50,183500
20240222,15:04:46,0.05,200,187950
20240222,15:04:47,0.05,200,187950
20240222,15:04:58,0.1,450,187950
20240222,15:05:07,0.05,650,187950
20240222,15:05:08,0.1,200,187950
20240222,15:05:13,0.1,1500,187950
20240222,15:05:38,0.1,50,187950
20240222,15:05:52,0.1,300,187950
20240222,15:05:57,0.1,50,187950
20240222,15:05:58,0.1,50,187950
20240222,15:05:59,0.1,50,187950
20240222,15:06:00,0.1,50,187950
20240222,15:06:01,0.1,50,187950
20240222,15:06:02,0.1,50,187950
20240222,15:06:03,0.1,50,187950
20240222,15:06:04,0.1,50,187950
20240222,15:06:05,0.1,50,187950
20240222,15:06:06,0.1,50,187950
20240222,15:06:07,0.1,50,187950
20240222,15:06:08,0.1,50,187950
20240222,15:06:09,0.1,50,187950
20240222,15:06:10,0.1,50,187950
20240222,15:06:15,0.1,50,187950
20240222,15:06:16,0.1,50,187950
20240222,15:06:17,0.1,50,187950
20240222,15:06:18,0.05,250,187950
20240222,15:06:19,0.1,50,187950
20240222,15:06:20,0.1,50,187950
20240222,15:06:21,0.1,50,187950
20240222,15:06:22,0.1,300,187950
20240222,15:06:23,0.1,50,187950
20240222,15:06:24,0.1,50,187950
20240222,15:06:25,0.1,50,187950
20240222,15:06:40,0.05,150,187950
20240222,15:07:28,0.05,100,187950
20240222,15:07:44,0.1,50,187550
20240222,15:07:54,0.05,200,187550
20240222,15:07:55,0.05,200,187550
20240222,15:07:56,0.05,200,187550
20240222,15:08:03,0.05,200,187550
20240222,15:08:04,0.05,200,187550
20240222,15:08:05,0.05,200,187550
20240222,15:08:06,0.05,150,187550
20240222,15:08:26,0.05,50,187550
20240222,15:08:55,0.05,50,187550
20240222,15:09:13,0.1,50,187550
20240222,15:09:14,0.1,50,187550
20240222,15:09:14,0.05,500,187550
20240222,15:09:15,0.1,50,187550
20240222,15:09:16,0.1,50,187550
20240222,15:09:17,0.1,50,187550
20240222,15:09:18,0.1,50,187550
20240222,15:09:27,0.1,50,187550
20240222,15:09:41,0.05,200,187550
20240222,15:09:48,0.1,50,187550
20240222,15:09:50,0.05,800,187550
20240222,15:09:54,0.05,50,187550
20240222,15:09:56,0.1,50,187550
20240222,15:10:11,0.05,50,187550
20240222,15:10:20,0.1,50,187550
20240222,15:10:24,0.05,50,187550
20240222,15:10:26,0.1,1800,187550
20240222,15:10:35,0.05,1500,187550
20240222,15:10:37,0.1,50,187550
20240222,15:10:41,0.05,50,187550
20240222,15:10:48,0.05,50,187700
20240222,15:10:56,0.05,200,187700
20240222,15:10:57,0.05,100,187700
20240222,15:10:57,0.05,1500,187700
20240222,15:11:02,0.05,1500,187700
20240222,15:11:02,0.05,750,187700
20240222,15:11:03,0.05,2300,187700
20240222,15:11:04,0.05,2050,187700
20240222,15:11:05,0.05,1500,187700
20240222,15:11:10,0.05,900,187700
20240222,15:11:11,0.05,550,187700
20240222,15:11:21,0.05,250,187700
20240222,15:11:22,0.05,50,187700
20240222,15:11:30,0.1,50,187700
20240222,15:11:34,0.05,50,187700
20240222,15:11:43,0.05,200,187700
20240222,15:11:44,0.05,50,187700
20240222,15:11:55,0.05,50,187700
20240222,15:11:57,0.05,50,187700
20240222,15:12:14,0.1,50,187700
20240222,15:12:17,0.05,50,187700
20240222,15:12:18,0.05,50,187700
20240222,15:12:18,0.05,100,187700
20240222,15:12:19,0.1,100,187700
20240222,15:12:32,0.05,50,187700
20240222,15:12:35,0.05,2400,187700
20240222,15:12:40,0.05,3800,187700
20240222,15:12:43,0.05,3150,187700
20240222,15:12:51,0.05,150,187700
20240222,15:12:56,0.05,500,187700
20240222,15:12:58,0.05,350,187700
20240222,15:13:05,0.05,50,187700
20240222,15:13:08,0.05,50,187700
20240222,15:13:10,0.05,50,187700
20240222,15:13:19,0.05,50,187700
20240222,15:14:16,0.05,50,187700
20240222,15:14:16,0.05,750,190400
20240222,15:14:18,0.05,750,190400
20240222,15:14:19,0.05,750,190400
20240222,15:14:21,0.05,750,190400
20240222,15:14:47,0.05,50,190400
20240222,15:14:50,0.05,50,190400
20240222,15:14:57,0.05,50,190400
20240222,15:15:06,0.05,50,190400
20240222,15:15:47,0.05,50,190400
20240222,15:15:57,0.05,100,190400
20240222,15:16:12,0.05,50,190400
20240222,15:16:14,0.05,50,190400
20240222,15:16:16,0.05,50,190400
20240222,15:16:35,0.05,50,190400
20240222,15:16:43,0.05,50,190400
20240222,15:17:05,0.05,150,190400
20240222,15:17:18,0.05,50,190850
20240222,15:17:22,0.05,50,190850
20240222,15:17:25,0.05,50,190850
20240222,15:17:26,0.05,50,190850
20240222,15:17:37,0.05,2000,190850
20240222,15:17:51,0.05,50,190850
20240222,15:18:08,0.05,50,190850
20240222,15:18:09,0.05,50,190850
20240222,15:18:12,0.05,50,190850
20240222,15:18:13,0.05,150,190850
20240222,15:18:18,0.05,50,190850
20240222,15:18:35,0.05,150,190850
20240222,15:18:36,0.05,4400,190850
20240222,15:18:37,0.05,50,190850
20240222,15:18:39,0.05,50,190850
20240222,15:18:41,0.05,50,190850
20240222,15:18:43,0.05,50,190850
20240222,15:18:45,0.05,50,190850
20240222,15:18:47,0.05,50,190850
20240222,15:18:48,0.05,350,190850
20240222,15:18:50,0.05,300,190850
20240222,15:18:51,0.05,50,190850
20240222,15:18:53,0.05,100,190850
20240222,15:18:54,0.05,1850,190850
20240222,15:19:30,0.05,500,190850
20240222,15:19:33,0.05,50,190850
20240222,15:19:34,0.05,50,190850
20240222,15:19:35,0.05,50,190850
20240222,15:19:36,0.05,50,190850
20240222,15:19:51,0.05,50,190850
20240222,15:21:30,0.05,50,194850
20240222,15:21:32,0.05,50,194850
20240222,15:23:02,0.05,1350,194850
20240222,15:23:25,0.05,2500,195000
20240222,15:23:27,0.05,100,195000
20240222,15:23:41,0.05,50,195000
20240222,15:23:54,0.05,100,195000
20240222,15:24:09,0.05,50,195000
20240222,15:24:43,0.05,50,195000
20240222,15:24:54,0.05,50,195000
20240222,15:25:40,0.05,50,195000
20240222,15:28:34,0.05,1300,192300
20240222,15:29:22,0.05,50,192300
20240222,15:29:44,0.05,50,192300
20240222,15:29:48,0.05,700,192300
