date,time,tick_price,volume,open_interest
20240219,09:15:13,0.9,350,550
20240219,09:15:23,0.75,50,550
20240219,09:15:25,0.7,100,550
20240219,09:15:26,0.7,50,550
20240219,09:15:27,0.7,50,550
20240219,09:15:37,0.7,500,550
20240219,09:15:47,0.7,750,550
20240219,09:15:48,0.7,50,550
20240219,09:15:50,0.7,50,550
20240219,09:15:52,0.7,50,550
20240219,09:15:54,0.7,50,550
20240219,09:15:55,0.7,50,550
20240219,09:16:02,0.7,50,550
20240219,09:16:04,0.7,50,550
20240219,09:16:17,0.7,50,550
20240219,09:16:18,0.7,50,550
20240219,09:16:24,0.7,50,550
20240219,09:16:27,0.7,50,550
20240219,09:16:28,0.7,50,550
20240219,09:16:35,0.7,100,550
20240219,09:16:44,0.7,50,550
20240219,09:16:50,0.7,50,550
20240219,09:16:55,0.7,50,550
20240219,09:16:57,0.7,50,550
20240219,09:17:00,0.7,100,550
20240219,09:17:04,0.7,700,550
20240219,09:17:10,0.7,1800,550
20240219,09:17:11,0.7,700,550
20240219,09:17:12,0.7,100,550
20240219,09:17:14,0.7,50,550
20240219,09:17:15,0.7,50,550
20240219,09:17:19,0.65,50,550
20240219,09:17:29,0.65,100,550
20240219,09:17:40,0.7,50,550
20240219,09:18:11,0.7,100,550
20240219,09:18:40,0.65,50,550
20240219,09:18:52,0.7,450,6050
20240219,09:19:10,0.65,200,6050
20240219,09:19:10,0.65,50,6050
20240219,09:19:12,0.7,300,6050
20240219,09:19:17,0.65,100,6050
20240219,09:19:29,0.65,50,6050
20240219,09:19:32,0.65,150,6050
20240219,09:19:38,0.65,50,6050
20240219,09:20:46,0.65,100,6050
20240219,09:21:12,0.65,200,6050
20240219,09:21:36,0.65,100,7300
20240219,09:21:50,0.65,100,7300
20240219,09:21:56,0.65,50,7300
20240219,09:22:46,0.65,50,7300
20240219,09:23:40,0.8,2500,7300
20240219,09:23:46,0.65,400,7300
20240219,09:23:48,0.65,100,7300
20240219,09:24:14,0.65,50,7300
20240219,09:24:27,0.65,50,7300
20240219,09:24:41,0.65,50,7300
20240219,09:25:03,0.65,1150,10150
20240219,09:25:04,0.65,50,10150
20240219,09:25:06,0.65,50,10150
20240219,09:25:13,0.7,50,10150
20240219,09:25:35,0.7,50,10150
20240219,09:25:38,0.65,400,10150
20240219,09:25:40,0.65,100,10150
20240219,09:25:43,0.65,50,10150
20240219,09:25:44,0.65,50,10150
20240219,09:25:54,0.6,50,10150
20240219,09:26:09,0.6,50,10150
20240219,09:26:34,0.6,50,10150
20240219,09:26:37,0.65,50,10150
20240219,09:26:50,0.65,50,10150
20240219,09:26:55,0.6,550,10150
20240219,09:26:56,0.6,1500,10150
20240219,09:26:57,0.6,3000,10150
20240219,09:26:58,0.6,150,10150
20240219,09:26:59,0.6,50,10150
20240219,09:27:00,0.6,50,10150
20240219,09:27:01,0.6,50,10150
20240219,09:27:02,0.6,1650,10150
20240219,09:27:04,0.6,50,10150
20240219,09:27:05,0.6,300,10150
20240219,09:27:06,0.6,1500,10150
20240219,09:27:09,0.6,1700,10150
20240219,09:27:10,0.6,1750,10150
20240219,09:27:26,0.6,100,10150
20240219,09:27:28,0.6,50,10150
20240219,09:27:29,0.6,950,10150
20240219,09:27:30,0.6,1250,10150
20240219,09:27:34,0.6,200,15650
20240219,09:27:53,0.6,1900,15650
20240219,09:27:55,0.6,1450,15650
20240219,09:27:56,0.6,950,15650
20240219,09:27:57,0.6,950,15650
20240219,09:27:58,0.6,1650,15650
20240219,09:27:59,0.6,150,15650
20240219,09:28:01,0.6,850,15650
20240219,09:28:02,0.6,1300,15650
20240219,09:28:04,0.6,550,15650
20240219,09:28:05,0.6,1250,15650
20240219,09:28:06,0.6,1600,15650
20240219,09:28:07,0.6,50,15650
20240219,09:28:09,0.6,1800,15650
20240219,09:28:16,0.6,1500,15650
20240219,09:28:16,0.6,1450,15650
20240219,09:28:17,0.6,450,15650
20240219,09:28:27,0.6,100,15650
20240219,09:28:36,0.6,300,15650
20240219,09:29:35,0.6,350,15650
20240219,09:29:36,0.65,1800,15650
20240219,09:29:41,0.65,50,15650
20240219,09:30:00,0.65,50,15650
20240219,09:30:33,0.6,50,15650
20240219,09:30:51,0.65,300,33600
20240219,09:30:55,0.65,150,33600
20240219,09:30:58,0.65,50,33600
20240219,09:31:16,0.6,50,33600
20240219,09:31:18,0.65,200,33600
20240219,09:31:21,0.65,750,33600
20240219,09:32:44,0.6,50,33600
20240219,09:32:54,0.65,100,33600
20240219,09:33:04,0.6,50,33600
20240219,09:33:26,0.6,50,33600
20240219,09:33:41,0.6,50,33600
20240219,09:34:04,0.6,50,35050
20240219,09:34:12,0.65,50,35050
20240219,09:34:23,0.6,50,35050
20240219,09:34:32,0.65,1250,35050
20240219,09:34:42,0.65,100,35050
20240219,09:34:53,0.65,50,35050
20240219,09:35:03,0.65,50,35050
20240219,09:35:11,0.65,50,35050
20240219,09:35:17,0.65,950,35050
20240219,09:35:18,0.65,300,35050
20240219,09:35:22,0.65,50,35050
20240219,09:35:33,0.65,50,35050
20240219,09:35:36,0.65,150,35050
20240219,09:35:47,0.65,50,35050
20240219,09:35:59,0.65,100,35050
20240219,09:36:23,0.65,50,35050
20240219,09:36:33,0.65,50,35200
20240219,09:36:59,0.65,100,35200
20240219,09:37:32,0.65,50,35200
20240219,09:37:36,0.65,50,35200
20240219,09:37:40,0.65,50,35200
20240219,09:38:00,0.65,100,35200
20240219,09:38:16,0.65,50,35200
20240219,09:39:34,0.65,1500,35450
20240219,09:39:41,0.65,1500,35450
20240219,09:39:49,0.6,50,35450
20240219,09:39:55,0.65,1500,35450
20240219,09:39:59,0.65,1500,35450
20240219,09:40:10,0.65,1500,35450
20240219,09:40:12,0.65,1500,35450
20240219,09:40:13,0.65,1500,35450
20240219,09:40:19,0.65,50,35450
20240219,09:40:35,0.65,50,35450
20240219,09:40:36,0.65,1000,35450
20240219,09:40:49,0.65,5000,35450
20240219,09:41:04,0.65,50,35450
20240219,09:41:49,0.6,50,35450
20240219,09:42:34,0.6,50,35450
20240219,09:43:02,0.65,1500,50250
20240219,09:43:04,0.65,1500,50250
20240219,09:43:06,0.65,1500,50250
20240219,09:43:16,0.65,50,50250
20240219,09:43:18,0.65,500,50250
20240219,09:43:19,0.65,50,50250
20240219,09:43:21,0.65,50,50250
20240219,09:44:40,0.65,150,50250
20240219,09:44:43,0.7,50,50250
20240219,09:46:05,0.65,50,55200
20240219,09:46:21,0.7,50,55200
20240219,09:46:52,0.7,50,55200
20240219,09:47:08,0.65,5000,55200
20240219,09:47:09,0.7,3600,55200
20240219,09:47:11,0.7,50,55200
20240219,09:47:25,0.65,1600,55200
20240219,09:47:44,0.65,50,55200
20240219,09:47:49,0.65,1200,55200
20240219,09:48:12,0.65,1500,55200
20240219,09:48:17,0.65,100,55200
20240219,09:48:18,0.65,300,55200
20240219,09:48:53,0.7,50,55200
20240219,09:49:25,0.65,1200,58800
20240219,09:49:26,0.7,1750,58800
20240219,09:49:38,0.65,1750,58800
20240219,09:49:58,0.7,50,58800
20240219,09:49:59,0.7,50,58800
20240219,09:50:27,0.7,50,58800
20240219,09:52:04,0.7,50,58800
20240219,09:52:26,0.65,50,59700
20240219,09:52:33,0.7,50,59700
20240219,09:53:03,0.7,50,59700
20240219,09:53:33,0.7,100,59700
20240219,09:53:36,0.65,50,59700
20240219,09:53:41,0.7,50,59700
20240219,09:54:36,0.65,50,59700
20240219,09:54:57,0.7,100,60000
20240219,09:54:58,0.7,50,60000
20240219,09:55:29,0.65,50,60000
20240219,09:56:18,0.7,50,60000
20240219,09:56:40,0.7,50,60000
20240219,09:56:43,0.7,50,60000
20240219,09:57:29,0.7,1800,60000
20240219,09:57:31,0.7,1800,60000
20240219,09:57:34,0.7,1800,60000
20240219,09:57:35,0.7,2500,60000
20240219,09:57:36,0.7,1800,65700
20240219,09:57:38,0.7,1800,65700
20240219,09:57:39,0.7,1800,65700
20240219,09:57:40,0.7,1400,65700
20240219,09:57:42,0.7,1600,65700
20240219,09:57:46,0.7,1600,65700
20240219,09:57:51,0.7,1000,65700
20240219,09:57:56,0.7,100,65700
20240219,09:59:26,0.7,50,65700
20240219,09:59:41,0.7,50,65700
20240219,09:59:53,0.65,50,65700
20240219,10:00:01,0.7,150,65700
20240219,10:00:16,0.7,100,65700
20240219,10:00:22,0.7,50,65700
20240219,10:01:05,0.65,100,75350
20240219,10:01:44,0.7,50,75350
20240219,10:01:53,0.7,50,75350
20240219,10:03:08,0.7,50,75350
20240219,10:03:41,0.65,1800,75350
20240219,10:03:43,0.65,50,75500
20240219,10:03:48,0.65,50,75500
20240219,10:03:57,0.7,50,75500
20240219,10:03:58,0.65,50,75500
20240219,10:04:05,0.65,50,75500
20240219,10:04:12,0.7,50,75500
20240219,10:04:59,0.7,100,75500
20240219,10:05:12,0.7,50,75500
20240219,10:05:24,0.65,50,75500
20240219,10:05:39,0.7,50,75500
20240219,10:05:39,0.65,50,75500
20240219,10:05:44,0.65,50,75500
20240219,10:05:52,0.7,600,75500
20240219,10:05:54,0.65,50,75500
20240219,10:05:56,0.65,50,75500
20240219,10:06:36,0.7,50,78200
20240219,10:06:51,0.65,50,78200
20240219,10:07:06,0.7,50,78200
20240219,10:07:57,0.7,50,78200
20240219,10:08:30,0.65,300,78200
20240219,10:08:41,0.65,1500,78200
20240219,10:08:51,0.65,1500,78200
20240219,10:08:52,0.65,50,78200
20240219,10:09:06,0.65,50,78200
20240219,10:09:11,0.7,50,78200
20240219,10:09:19,0.65,50,78200
20240219,10:09:20,0.65,50,78200
20240219,10:09:29,0.65,50,78200
20240219,10:09:30,0.65,50,78200
20240219,10:09:38,0.65,1500,81400
20240219,10:09:39,0.65,1500,81400
20240219,10:09:41,0.65,1000,81400
20240219,10:09:43,0.65,600,81400
20240219,10:09:46,0.65,1000,81400
20240219,10:10:20,0.65,100,81400
20240219,10:10:21,0.6,3050,81400
20240219,10:10:23,0.65,200,81400
20240219,10:11:48,0.65,50,81400
20240219,10:11:51,0.65,100,81400
20240219,10:12:05,0.65,100,81400
20240219,10:12:39,0.65,100,86400
20240219,10:12:47,0.65,1800,86400
20240219,10:13:00,0.65,450,86400
20240219,10:14:17,0.65,1150,86400
20240219,10:15:24,0.65,450,86400
20240219,10:15:28,0.65,850,86400
20240219,10:15:28,0.65,100,86400
20240219,10:15:29,0.65,50,86400
20240219,10:15:50,0.65,50,86400
20240219,10:15:56,0.7,50,89050
20240219,10:16:34,0.65,50,89050
20240219,10:16:40,0.65,50,89050
20240219,10:17:04,0.65,50,89050
20240219,10:17:57,0.65,100,89050
20240219,10:18:42,0.65,50,89050
20240219,10:18:44,0.65,50,89300
20240219,10:18:48,0.65,1500,89300
20240219,10:18:49,0.65,50,89300
20240219,10:19:34,0.7,50,89300
20240219,10:19:39,0.7,50,89300
20240219,10:19:49,0.65,50,89300
20240219,10:21:29,0.65,500,89300
20240219,10:21:40,0.65,50,89300
20240219,10:21:43,0.65,50,90900
20240219,10:21:47,0.65,100,90900
20240219,10:22:02,0.65,50,90900
20240219,10:22:12,0.65,500,90900
20240219,10:22:24,0.65,50,90900
20240219,10:22:43,0.65,50,90900
20240219,10:22:44,0.65,50,90900
20240219,10:22:52,0.65,150,90900
20240219,10:23:18,0.65,50,90900
20240219,10:24:27,0.65,50,90900
20240219,10:25:00,0.6,1800,90900
20240219,10:25:05,0.65,50,90700
20240219,10:25:23,0.65,50,90700
20240219,10:25:28,0.6,50,90700
20240219,10:25:29,0.6,50,90700
20240219,10:25:34,0.6,100,90700
20240219,10:25:46,0.6,50,90700
20240219,10:26:49,0.6,50,90700
20240219,10:27:02,0.65,100,90700
20240219,10:27:25,0.6,50,90700
20240219,10:27:32,0.6,50,90700
20240219,10:27:52,0.65,50,90900
20240219,10:28:18,0.6,1800,90900
20240219,10:28:46,0.65,450,90900
20240219,10:29:29,0.65,50,90900
20240219,10:29:50,0.65,350,90900
20240219,10:30:23,0.65,50,90900
20240219,10:30:49,0.6,50,91850
20240219,10:30:52,0.65,50,91850
20240219,10:31:02,0.6,100,91850
20240219,10:31:04,0.65,100,91850
20240219,10:31:07,0.6,100,91850
20240219,10:31:16,0.65,100,91850
20240219,10:31:39,0.6,50,91850
20240219,10:31:57,0.65,100,91850
20240219,10:32:05,0.65,50,91850
20240219,10:32:08,0.6,1800,91850
20240219,10:33:18,0.65,50,91850
20240219,10:33:43,0.6,100,91100
20240219,10:33:54,0.6,50,91100
20240219,10:33:55,0.6,50,91100
20240219,10:34:26,0.65,50,91100
20240219,10:35:45,0.65,50,91100
20240219,10:36:56,0.65,50,91100
20240219,10:37:29,0.6,150,91200
20240219,10:39:22,0.65,50,91200
20240219,10:39:38,0.65,50,91200
20240219,10:39:47,0.65,50,91200
20240219,10:40:08,0.65,50,91200
20240219,10:40:19,0.65,100,91200
20240219,10:40:23,0.65,50,91200
20240219,10:40:27,0.65,50,91200
20240219,10:40:28,0.65,500,91200
20240219,10:40:32,0.65,50,91200
20240219,10:40:36,0.65,100,91200
20240219,10:40:49,0.65,50,91200
20240219,10:41:48,0.65,100,91200
20240219,10:43:20,0.6,50,90700
20240219,10:43:52,0.65,100,90700
20240219,10:44:18,0.65,50,90700
20240219,10:45:03,0.65,500,90700
20240219,10:45:09,0.65,150,90700
20240219,10:45:39,0.65,100,90700
20240219,10:45:55,0.65,50,90700
20240219,10:46:45,0.65,50,90550
20240219,10:47:24,0.65,50,90550
20240219,10:47:31,0.6,50,90550
20240219,10:48:08,0.65,100,90550
20240219,10:49:13,0.6,50,90550
20240219,10:52:28,0.6,50,90500
20240219,10:53:09,0.65,50,90450
20240219,10:53:19,0.65,50,90450
20240219,10:54:38,0.65,250,90450
20240219,10:55:08,0.6,50,90450
20240219,10:55:55,0.65,50,90400
20240219,10:56:02,0.65,50,90400
20240219,10:56:26,0.65,50,90400
20240219,10:57:14,0.6,50,90400
20240219,10:57:47,0.6,450,90300
20240219,10:58:04,0.6,50,90300
20240219,10:58:07,0.6,100,90300
20240219,10:59:50,0.65,100,90300
20240219,11:00:48,0.65,1000,90300
20240219,11:01:00,0.65,50,89800
20240219,11:01:04,0.65,150,89800
20240219,11:01:18,0.65,50,89800
20240219,11:01:27,0.65,50,89800
20240219,11:01:27,0.65,100,89800
20240219,11:01:33,0.65,50,89800
20240219,11:01:49,0.65,100,89800
20240219,11:02:57,0.65,50,89800
20240219,11:05:46,0.65,400,90700
20240219,11:05:59,0.65,150,90700
20240219,11:06:02,0.6,50,90700
20240219,11:06:12,0.6,2500,90700
20240219,11:06:29,0.6,800,90700
20240219,11:06:42,0.65,50,90700
20240219,11:06:47,0.65,50,89150
20240219,11:07:19,0.65,500,89150
20240219,11:07:40,0.65,50,89150
20240219,11:08:04,0.6,50,89150
20240219,11:08:31,0.6,50,89150
20240219,11:08:35,0.65,50,89150
20240219,11:08:58,0.65,500,89150
20240219,11:09:01,0.6,100,89150
20240219,11:09:22,0.65,100,89150
20240219,11:09:51,0.65,50,88950
20240219,11:10:16,0.65,100,88950
20240219,11:11:04,0.6,1150,88950
20240219,11:11:41,0.65,1200,88950
20240219,11:12:00,0.6,1200,88950
20240219,11:13:20,0.65,100,87600
20240219,11:14:12,0.65,50,87600
20240219,11:14:20,0.6,100,87600
20240219,11:14:22,0.65,50,87600
20240219,11:14:51,0.65,50,87600
20240219,11:15:01,0.6,50,87600
20240219,11:15:12,0.6,50,87600
20240219,11:15:53,0.65,150,87400
20240219,11:15:59,0.6,50,87400
20240219,11:16:11,0.65,250,87400
20240219,11:16:45,0.6,50,87400
20240219,11:16:50,0.65,250,87400
20240219,11:17:30,0.6,350,87400
20240219,11:17:30,0.6,50,87400
20240219,11:18:31,0.65,50,87400
20240219,11:18:34,0.65,50,87400
20240219,11:18:43,0.6,100,87400
20240219,11:18:47,0.6,100,87400
20240219,11:18:49,0.65,800,87050
20240219,11:19:28,0.65,50,87050
20240219,11:19:37,0.65,700,87050
20240219,11:19:44,0.6,1000,87050
20240219,11:20:19,0.6,50,87050
20240219,11:20:40,0.6,50,87050
20240219,11:20:48,0.6,50,87050
20240219,11:20:52,0.6,50,87050
20240219,11:22:44,0.6,50,87050
20240219,11:22:50,0.6,100,86500
20240219,11:22:50,0.55,500,86500
20240219,11:23:07,0.55,50,86500
20240219,11:23:08,0.6,50,86500
20240219,11:23:09,0.6,50,86500
20240219,11:23:10,0.6,50,86500
20240219,11:23:11,0.6,50,86500
20240219,11:23:12,0.6,50,86500
20240219,11:23:13,0.6,50,86500
20240219,11:23:34,0.6,50,86500
20240219,11:23:35,0.6,50,86500
20240219,11:23:36,0.6,50,86500
20240219,11:23:37,0.6,100,86500
20240219,11:23:38,0.55,100,86500
20240219,11:23:39,0.6,50,86500
20240219,11:23:40,0.6,50,86500
20240219,11:23:41,0.6,100,86500
20240219,11:23:43,0.6,100,86500
20240219,11:23:46,0.6,50,86500
20240219,11:23:47,0.6,50,86500
20240219,11:23:48,0.6,50,86500
20240219,11:23:49,0.6,50,86500
20240219,11:23:50,0.6,50,86500
20240219,11:23:51,0.6,50,86500
20240219,11:23:52,0.6,100,86500
20240219,11:23:54,0.6,200,86500
20240219,11:23:55,0.6,50,86500
20240219,11:23:56,0.6,50,86500
20240219,11:23:57,0.6,50,86500
20240219,11:23:58,0.6,50,86500
20240219,11:23:59,0.6,50,86500
20240219,11:24:00,0.6,100,86500
20240219,11:24:01,0.6,150,86500
20240219,11:24:02,0.6,150,86500
20240219,11:24:03,0.6,150,86500
20240219,11:24:04,0.6,150,86500
20240219,11:24:05,0.6,150,86500
20240219,11:24:06,0.6,150,86500
20240219,11:24:08,0.6,400,86500
20240219,11:24:09,0.6,200,86500
20240219,11:24:10,0.6,200,86500
20240219,11:24:11,0.65,200,86500
20240219,11:24:12,0.65,200,86500
20240219,11:24:13,0.65,200,86500
20240219,11:24:15,0.65,400,86500
20240219,11:24:16,0.65,200,86500
20240219,11:24:17,0.65,50,86500
20240219,11:24:18,0.65,50,86500
20240219,11:24:20,0.65,100,86500
20240219,11:24:21,0.65,50,86500
20240219,11:24:22,0.65,50,86500
20240219,11:24:23,0.65,50,86500
20240219,11:24:24,0.65,50,86500
20240219,11:24:25,0.65,50,86500
20240219,11:24:26,0.65,50,86500
20240219,11:24:27,0.65,200,86500
20240219,11:24:28,0.65,200,86500
20240219,11:24:29,0.65,200,86500
20240219,11:24:30,0.6,150,86500
20240219,11:24:37,0.65,50,86500
20240219,11:24:38,0.65,100,86500
20240219,11:24:39,0.65,200,86500
20240219,11:24:40,0.65,200,86500
20240219,11:24:41,0.65,50,86500
20240219,11:24:42,0.65,50,86500
20240219,11:24:43,0.65,50,86500
20240219,11:24:44,0.65,50,86500
20240219,11:24:45,0.65,50,86500
20240219,11:24:46,0.65,50,86500
20240219,11:24:47,0.65,50,86500
20240219,11:25:01,0.65,50,86850
20240219,11:25:02,0.65,50,86850
20240219,11:25:03,0.65,200,86850
20240219,11:25:04,0.65,200,86850
20240219,11:25:05,0.65,200,86850
20240219,11:25:06,0.65,50,86850
20240219,11:25:07,0.65,50,86850
20240219,11:25:08,0.65,50,86850
20240219,11:25:11,0.65,50,86850
20240219,11:26:00,0.6,50,86850
20240219,11:26:04,0.6,50,86850
20240219,11:26:06,0.6,900,86850
20240219,11:26:07,0.6,50,86850
20240219,11:26:08,0.6,50,86850
20240219,11:26:13,0.6,50,86850
20240219,11:26:14,0.6,50,86850
20240219,11:26:15,0.6,50,86850
20240219,11:26:16,0.6,50,86850
20240219,11:26:17,0.6,50,86850
20240219,11:26:18,0.6,50,86850
20240219,11:26:19,0.6,50,86850
20240219,11:26:20,0.6,50,86850
20240219,11:26:21,0.6,50,86850
20240219,11:26:22,0.6,200,86850
20240219,11:26:23,0.6,250,86850
20240219,11:26:24,0.6,200,86850
20240219,11:26:26,0.6,500,86850
20240219,11:27:34,0.65,50,86850
20240219,11:28:51,0.65,50,86400
20240219,11:28:53,0.65,50,86400
20240219,11:28:54,0.65,50,86400
20240219,11:28:55,0.65,50,86400
20240219,11:28:56,0.65,50,86400
20240219,11:28:57,0.65,50,86400
20240219,11:28:58,0.65,50,86400
20240219,11:28:59,0.65,50,86400
20240219,11:29:00,0.65,50,86400
20240219,11:29:01,0.65,50,86400
20240219,11:29:02,0.65,50,86400
20240219,11:29:03,0.65,50,86400
20240219,11:29:04,0.65,50,86400
20240219,11:29:05,0.65,50,86400
20240219,11:29:06,0.65,50,86400
20240219,11:29:07,0.65,50,86400
20240219,11:29:08,0.65,50,86400
20240219,11:29:09,0.65,50,86400
20240219,11:29:10,0.65,50,86400
20240219,11:29:11,0.65,50,86400
20240219,11:29:12,0.65,50,86400
20240219,11:29:13,0.65,50,86400
20240219,11:29:14,0.65,200,86400
20240219,11:29:24,0.65,50,86400
20240219,11:29:25,0.65,50,86400
20240219,11:29:26,0.65,50,86400
20240219,11:29:27,0.65,50,86400
20240219,11:29:28,0.65,50,86400
20240219,11:29:29,0.65,50,86400
20240219,11:29:30,0.65,200,86400
20240219,11:29:31,0.65,200,86400
20240219,11:29:32,0.65,50,86400
20240219,11:29:34,0.65,50,86400
20240219,11:29:35,0.65,50,86400
20240219,11:29:36,0.65,50,86400
20240219,11:29:37,0.65,50,86400
20240219,11:29:38,0.65,50,86400
20240219,11:29:39,0.65,50,86400
20240219,11:29:40,0.65,50,86400
20240219,11:29:41,0.65,50,86400
20240219,11:29:42,0.65,50,86400
20240219,11:29:43,0.65,100,86400
20240219,11:29:44,0.65,200,86400
20240219,11:29:45,0.65,200,86400
20240219,11:29:46,0.65,200,86400
20240219,11:29:51,0.65,50,86400
20240219,11:29:52,0.65,50,86400
20240219,11:29:53,0.65,50,86400
20240219,11:29:54,0.65,50,86400
20240219,11:29:55,0.65,50,86400
20240219,11:29:56,0.65,50,86400
20240219,11:29:57,0.65,50,86400
20240219,11:29:59,0.65,50,86400
20240219,11:30:00,0.65,50,86400
20240219,11:30:05,0.6,50,86400
20240219,11:30:17,0.65,50,86400
20240219,11:30:18,0.65,50,86400
20240219,11:30:19,0.65,200,86400
20240219,11:30:20,0.65,200,86400
20240219,11:30:21,0.65,200,86400
20240219,11:30:24,0.65,50,86400
20240219,11:30:25,0.65,50,86400
20240219,11:30:33,0.65,200,86400
20240219,11:30:34,0.65,200,86400
20240219,11:30:35,0.65,200,86400
20240219,11:31:33,0.65,100,87300
20240219,11:31:51,0.6,50,87300
20240219,11:31:58,0.6,150,87300
20240219,11:32:45,0.6,100,87300
20240219,11:32:47,0.6,300,87300
20240219,11:32:52,0.6,50,87300
20240219,11:32:53,0.6,50,87300
20240219,11:32:54,0.6,50,87300
20240219,11:32:55,0.6,200,87300
20240219,11:32:56,0.6,200,87300
20240219,11:32:57,0.6,200,87300
20240219,11:32:58,0.6,200,87300
20240219,11:32:59,0.6,200,87300
20240219,11:33:00,0.6,200,87300
20240219,11:33:01,0.6,200,87300
20240219,11:33:02,0.6,200,87300
20240219,11:33:03,0.6,200,87300
20240219,11:33:04,0.6,200,87300
20240219,11:33:05,0.6,200,87300
20240219,11:33:06,0.6,200,87300
20240219,11:33:07,0.6,200,87300
20240219,11:33:08,0.6,200,87300
20240219,11:33:09,0.65,250,87300
20240219,11:33:10,0.6,200,87300
20240219,11:33:11,0.6,200,87300
20240219,11:33:14,0.6,50,87300
20240219,11:33:15,0.6,50,87300
20240219,11:33:16,0.6,200,87300
20240219,11:33:17,0.6,200,87300
20240219,11:33:18,0.6,200,87300
20240219,11:33:19,0.6,50,87300
20240219,11:33:20,0.6,50,87300
20240219,11:33:21,0.6,50,87300
20240219,11:33:22,0.6,50,87300
20240219,11:33:23,0.6,50,87300
20240219,11:33:24,0.6,50,87300
20240219,11:33:25,0.6,200,87300
20240219,11:33:26,0.6,200,87300
20240219,11:33:48,0.65,50,87300
20240219,11:34:16,0.65,150,82150
20240219,11:34:17,0.6,50,82150
20240219,11:34:29,0.65,50,82150
20240219,11:34:44,0.6,50,82150
20240219,11:34:45,0.6,50,82150
20240219,11:35:22,0.65,100,82150
20240219,11:36:51,0.65,50,82000
20240219,11:36:52,0.65,50,82000
20240219,11:36:53,0.65,50,82000
20240219,11:36:54,0.65,50,82000
20240219,11:36:55,0.65,50,82000
20240219,11:36:56,0.65,100,82000
20240219,11:36:57,0.65,150,82000
20240219,11:36:58,0.65,200,82000
20240219,11:36:59,0.65,200,82000
20240219,11:37:01,0.65,50,82000
20240219,11:37:02,0.65,50,82000
20240219,11:37:03,0.65,50,82000
20240219,11:37:04,0.6,600,82000
20240219,11:37:05,0.65,50,82000
20240219,11:37:06,0.65,200,82000
20240219,11:37:07,0.65,200,82000
20240219,11:37:08,0.65,200,82000
20240219,11:37:09,0.65,50,82000
20240219,11:37:10,0.65,50,82000
20240219,11:37:11,0.65,50,82000
20240219,11:37:12,0.65,50,82000
20240219,11:37:13,0.65,50,82000
20240219,11:37:14,0.65,50,82000
20240219,11:37:15,0.65,50,82000
20240219,11:37:18,0.65,50,82000
20240219,11:37:19,0.65,50,82000
20240219,11:38:20,0.6,50,82000
20240219,11:39:38,0.65,50,82000
20240219,11:39:39,0.65,50,82000
20240219,11:39:40,0.65,50,82000
20240219,11:39:41,0.65,50,82000
20240219,11:39:42,0.65,50,82000
20240219,11:39:43,0.65,50,82000
20240219,11:39:44,0.65,50,82000
20240219,11:39:45,0.65,50,82000
20240219,11:39:46,0.65,50,82000
20240219,11:39:47,0.65,100,82000
20240219,11:39:48,0.65,50,82000
20240219,11:39:49,0.65,50,82000
20240219,11:39:50,0.65,50,82000
20240219,11:39:51,0.65,50,81400
20240219,11:39:52,0.65,50,81400
20240219,11:39:53,0.65,50,81400
20240219,11:39:54,0.65,50,81400
20240219,11:39:55,0.65,200,81400
20240219,11:39:56,0.65,200,81400
20240219,11:39:57,0.65,200,81400
20240219,11:39:58,0.65,50,81400
20240219,11:39:59,0.65,50,81400
20240219,11:40:00,0.65,100,81400
20240219,11:40:01,0.65,50,81400
20240219,11:40:02,0.65,50,81400
20240219,11:40:03,0.65,200,81400
20240219,11:40:04,0.65,200,81400
20240219,11:40:05,0.65,200,81400
20240219,11:40:06,0.65,200,81400
20240219,11:40:07,0.65,200,81400
20240219,11:40:13,0.65,50,81400
20240219,11:40:15,0.65,50,81400
20240219,11:40:16,0.65,50,81400
20240219,11:40:17,0.65,50,81400
20240219,11:40:18,0.65,50,81400
20240219,11:40:19,0.65,50,81400
20240219,11:40:20,0.65,50,81400
20240219,11:40:21,0.65,50,81400
20240219,11:40:22,0.65,50,81400
20240219,11:40:23,0.65,50,81400
20240219,11:40:24,0.65,100,81400
20240219,11:40:25,0.65,200,81400
20240219,11:40:26,0.65,200,81400
20240219,11:40:27,0.65,200,81400
20240219,11:40:28,0.65,50,81400
20240219,11:40:29,0.65,50,81400
20240219,11:40:30,0.65,50,81400
20240219,11:40:31,0.65,50,81400
20240219,11:40:32,0.65,200,81400
20240219,11:40:33,0.65,200,81400
20240219,11:40:34,0.65,50,81400
20240219,11:40:36,0.65,50,81400
20240219,11:40:37,0.65,50,81400
20240219,11:40:38,0.65,50,81400
20240219,11:40:39,0.65,50,81400
20240219,11:40:40,0.65,50,81400
20240219,11:40:41,0.65,50,81400
20240219,11:40:42,0.65,50,81400
20240219,11:40:43,0.65,50,81400
20240219,11:40:44,0.65,50,81400
20240219,11:40:45,0.65,50,81400
20240219,11:40:46,0.65,50,81400
20240219,11:40:47,0.65,200,81400
20240219,11:40:48,0.65,200,81400
20240219,11:40:49,0.65,200,81400
20240219,11:40:50,0.65,200,81400
20240219,11:40:52,0.65,50,81400
20240219,11:40:53,0.65,50,81400
20240219,11:40:54,0.65,50,81400
20240219,11:40:55,0.65,50,81400
20240219,11:40:56,0.65,50,81400
20240219,11:40:57,0.65,50,81400
20240219,11:40:58,0.65,50,81400
20240219,11:40:59,0.65,50,81400
20240219,11:41:00,0.65,50,81400
20240219,11:41:01,0.65,50,81400
20240219,11:41:02,0.65,200,81400
20240219,11:41:03,0.65,200,81400
20240219,11:41:04,0.65,200,81400
20240219,11:41:05,0.65,200,81400
20240219,11:41:06,0.65,200,81400
20240219,11:41:07,0.65,200,81400
20240219,11:41:08,0.65,200,81400
20240219,11:41:09,0.65,50,81400
20240219,11:41:10,0.65,50,81400
20240219,11:41:11,0.65,50,81400
20240219,11:41:12,0.65,200,81400
20240219,11:41:13,0.65,200,81400
20240219,11:41:14,0.65,200,81400
20240219,11:41:15,0.65,50,81400
20240219,11:41:16,0.65,50,81400
20240219,11:41:17,0.65,50,81400
20240219,11:41:18,0.65,50,81400
20240219,11:41:19,0.65,200,81400
20240219,11:41:20,0.65,200,81400
20240219,11:41:21,0.65,200,81400
20240219,11:41:22,0.65,200,81400
20240219,11:41:23,0.6,150,81400
20240219,11:41:24,0.65,50,81400
20240219,11:41:25,0.65,50,81400
20240219,11:41:26,0.65,50,81400
20240219,11:41:27,0.65,200,81400
20240219,11:41:28,0.65,200,81400
20240219,11:41:29,0.65,200,81400
20240219,11:41:52,0.65,150,81400
20240219,11:42:01,0.65,50,81400
20240219,11:42:02,0.65,50,81400
20240219,11:42:03,0.65,50,81400
20240219,11:42:04,0.65,50,81400
20240219,11:42:05,0.65,50,81400
20240219,11:42:06,0.65,50,81400
20240219,11:42:07,0.65,50,81400
20240219,11:42:08,0.65,50,81400
20240219,11:42:09,0.65,50,81400
20240219,11:42:10,0.65,50,81400
20240219,11:42:11,0.65,50,81400
20240219,11:42:12,0.65,50,81400
20240219,11:42:13,0.65,50,81400
20240219,11:42:14,0.65,50,81400
20240219,11:42:15,0.65,50,81400
20240219,11:42:16,0.65,50,81400
20240219,11:42:30,0.65,50,81400
20240219,11:42:45,0.65,50,81400
20240219,11:42:46,0.65,50,81400
20240219,11:42:48,0.65,50,81400
20240219,11:42:49,0.65,50,81400
20240219,11:42:50,0.65,50,81400
20240219,11:42:51,0.65,50,81300
20240219,11:42:52,0.65,50,81300
20240219,11:42:53,0.65,50,81300
20240219,11:42:56,0.65,50,81300
20240219,11:42:57,0.65,50,81300
20240219,11:42:59,0.65,50,81300
20240219,11:43:00,0.65,50,81300
20240219,11:43:08,0.65,50,81300
20240219,11:43:11,0.6,50,81300
20240219,11:43:14,0.65,50,81300
20240219,11:43:15,0.65,50,81300
20240219,11:43:16,0.65,50,81300
20240219,11:43:17,0.65,50,81300
20240219,11:43:22,0.6,50,81300
20240219,11:43:34,0.65,50,81300
20240219,11:43:35,0.65,50,81300
20240219,11:43:54,0.65,50,81300
20240219,11:43:55,0.65,50,81300
20240219,11:43:56,0.65,50,81300
20240219,11:43:57,0.65,50,81300
20240219,11:43:58,0.65,50,81300
20240219,11:43:59,0.65,50,81300
20240219,11:44:01,0.65,100,81300
20240219,11:44:03,0.65,50,81300
20240219,11:44:06,0.65,50,81300
20240219,11:44:07,0.65,50,81300
20240219,11:44:09,0.65,50,81300
20240219,11:44:10,0.65,50,81300
20240219,11:44:40,0.6,50,81300
20240219,11:44:45,0.6,50,81300
20240219,11:45:02,0.65,50,81300
20240219,11:45:20,0.65,150,81300
20240219,11:45:20,0.65,250,81300
20240219,11:46:18,0.6,50,81300
20240219,11:46:54,0.65,50,81100
20240219,11:48:05,0.65,50,81100
20240219,11:51:04,0.65,100,81050
20240219,11:51:44,0.65,1000,81050
20240219,11:51:53,0.65,50,81050
20240219,11:52:10,0.65,50,81050
20240219,11:53:52,0.6,200,81050
20240219,11:53:53,0.6,50,81050
20240219,11:55:05,0.6,50,81050
20240219,11:55:06,0.6,50,80800
20240219,11:55:07,0.6,50,80800
20240219,11:55:08,0.6,50,80800
20240219,11:55:09,0.6,200,80800
20240219,11:55:10,0.6,200,80800
20240219,11:55:11,0.6,200,80800
20240219,11:55:13,0.6,50,80800
20240219,11:55:14,0.6,50,80800
20240219,11:55:15,0.6,50,80800
20240219,11:55:16,0.6,50,80800
20240219,11:55:17,0.6,200,80800
20240219,11:55:18,0.6,200,80800
20240219,11:55:19,0.6,200,80800
20240219,11:55:20,0.6,200,80800
20240219,11:55:21,0.6,200,80800
20240219,11:55:22,0.6,50,80800
20240219,11:55:23,0.6,200,80800
20240219,11:55:24,0.6,200,80800
20240219,11:55:25,0.6,200,80800
20240219,11:55:26,0.6,1750,80800
20240219,11:55:27,0.6,50,80800
20240219,11:55:28,0.6,350,80800
20240219,11:55:29,0.6,50,80800
20240219,11:55:30,0.6,200,80800
20240219,11:55:31,0.6,200,80800
20240219,11:55:32,0.6,200,80800
20240219,11:55:33,0.6,100,80800
20240219,11:55:34,0.6,50,80800
20240219,11:55:35,0.55,50,80800
20240219,11:55:36,0.55,50,80800
20240219,11:55:37,0.55,50,80800
20240219,11:55:38,0.55,50,80800
20240219,11:55:42,0.55,50,80800
20240219,11:55:43,0.55,50,80800
20240219,11:55:44,0.55,50,80800
20240219,11:55:45,0.55,50,80800
20240219,11:55:46,0.55,50,80800
20240219,11:55:47,0.55,50,80800
20240219,11:55:48,0.55,50,80800
20240219,11:55:49,0.55,50,80800
20240219,11:55:50,0.55,250,80800
20240219,11:55:51,0.55,200,80800
20240219,11:55:52,0.55,50,80800
20240219,11:55:53,0.55,50,80800
20240219,11:55:54,0.55,50,80800
20240219,11:55:55,0.55,200,80800
20240219,11:55:56,0.55,200,80800
20240219,11:55:57,0.55,200,80800
20240219,11:55:58,0.55,200,80800
20240219,11:55:59,0.55,200,80800
20240219,11:56:01,0.55,50,80800
20240219,11:56:02,0.55,50,80800
20240219,11:56:03,0.55,200,80800
20240219,11:56:04,0.55,200,80800
20240219,11:56:05,0.55,50,80800
20240219,11:57:16,0.6,50,80800
20240219,11:57:17,0.6,50,80800
20240219,11:57:18,0.6,200,80800
20240219,11:57:19,0.6,200,80800
20240219,11:57:21,0.6,50,80800
20240219,11:57:22,0.6,50,80800
20240219,11:57:22,0.6,250,80800
20240219,11:57:32,0.6,50,80800
20240219,11:58:01,0.55,100,75600
20240219,11:58:09,0.55,100,75600
20240219,11:58:11,0.55,50,75600
20240219,11:58:12,0.55,50,75600
20240219,11:58:13,0.55,50,75600
20240219,11:58:14,0.55,200,75600
20240219,11:58:15,0.55,200,75600
20240219,11:58:16,0.55,250,75600
20240219,11:58:17,0.55,200,75600
20240219,11:58:18,0.55,200,75600
20240219,11:58:19,0.55,50,75600
20240219,11:58:20,0.55,50,75600
20240219,11:58:21,0.55,50,75600
20240219,11:58:22,0.55,50,75600
20240219,11:58:23,0.55,200,75600
20240219,11:58:24,0.55,200,75600
20240219,11:58:25,0.55,200,75600
20240219,11:58:26,0.55,200,75600
20240219,11:58:27,0.55,200,75600
20240219,11:58:28,0.55,200,75600
20240219,11:58:29,0.55,200,75600
20240219,11:58:30,0.55,200,75600
20240219,11:58:31,0.55,200,75600
20240219,11:58:32,0.55,200,75600
20240219,11:58:33,0.55,200,75600
20240219,11:58:34,0.55,200,75600
20240219,11:58:35,0.55,200,75600
20240219,11:58:36,0.55,200,75600
20240219,11:58:37,0.55,200,75600
20240219,11:58:38,0.55,200,75600
20240219,11:58:39,0.55,200,75600
20240219,11:58:40,0.55,200,75600
20240219,11:58:41,0.55,50,75600
20240219,11:58:42,0.55,150,75600
20240219,11:58:43,0.55,200,75600
20240219,11:58:44,0.55,200,75600
20240219,11:58:45,0.55,200,75600
20240219,11:58:46,0.55,200,75600
20240219,11:58:47,0.55,200,75600
20240219,11:58:48,0.55,200,75600
20240219,11:58:49,0.55,200,75600
20240219,11:58:50,0.55,200,75600
20240219,11:58:53,0.55,200,75600
20240219,11:58:54,0.55,200,75600
20240219,11:58:56,0.55,200,75600
20240219,11:58:57,0.55,200,75600
20240219,11:58:58,0.55,200,75600
20240219,11:58:59,0.55,200,75600
20240219,11:59:00,0.55,200,75600
20240219,11:59:01,0.55,200,75600
20240219,11:59:02,0.55,200,75600
20240219,11:59:03,0.55,200,75600
20240219,11:59:04,0.55,200,75600
20240219,11:59:05,0.55,200,75600
20240219,11:59:06,0.55,200,75600
20240219,11:59:07,0.55,200,75600
20240219,11:59:08,0.55,200,75600
20240219,11:59:09,0.55,200,75600
20240219,11:59:10,0.55,200,75600
20240219,11:59:11,0.55,200,75600
20240219,11:59:12,0.55,200,75600
20240219,11:59:13,0.55,200,75600
20240219,11:59:19,0.6,100,75600
20240219,11:59:54,0.55,50,75600
20240219,11:59:56,0.6,50,75600
20240219,12:00:41,0.55,200,75600
20240219,12:00:42,0.55,200,75600
20240219,12:00:43,0.55,200,75600
20240219,12:00:44,0.55,200,75600
20240219,12:00:45,0.55,200,75600
20240219,12:00:46,0.55,200,75600
20240219,12:00:57,0.55,200,75600
20240219,12:00:58,0.55,200,63800
20240219,12:00:59,0.6,350,63800
20240219,12:01:00,0.55,200,63800
20240219,12:01:01,0.55,200,63800
20240219,12:01:04,0.55,200,63800
20240219,12:01:05,0.55,200,63800
20240219,12:01:21,0.55,100,63800
20240219,12:01:37,0.6,600,63800
20240219,12:02:15,0.6,50,63800
20240219,12:02:59,0.6,50,63800
20240219,12:03:17,0.55,50,63800
20240219,12:03:39,0.6,400,63800
20240219,12:04:03,0.6,50,63800
20240219,12:05:34,0.6,50,63500
20240219,12:06:19,0.55,600,63500
20240219,12:06:52,0.6,50,63500
20240219,12:06:53,0.6,50,63500
20240219,12:06:54,0.6,50,63500
20240219,12:06:55,0.6,50,63150
20240219,12:06:56,0.6,100,63150
20240219,12:06:57,0.6,100,63150
20240219,12:06:58,0.6,150,63150
20240219,12:06:59,0.6,50,63150
20240219,12:07:00,0.6,50,63150
20240219,12:07:01,0.6,50,63150
20240219,12:07:02,0.6,50,63150
20240219,12:07:03,0.6,50,63150
20240219,12:07:04,0.6,150,63150
20240219,12:07:05,0.6,150,63150
20240219,12:07:06,0.6,150,63150
20240219,12:07:07,0.6,150,63150
20240219,12:07:08,0.6,50,63150
20240219,12:07:09,0.6,50,63150
20240219,12:07:10,0.6,50,63150
20240219,12:07:12,0.6,50,63150
20240219,12:07:13,0.6,50,63150
20240219,12:07:23,0.6,50,63150
20240219,12:07:24,0.6,50,63150
20240219,12:07:25,0.6,50,63150
20240219,12:07:26,0.6,50,63150
20240219,12:07:27,0.6,50,63150
20240219,12:07:28,0.6,50,63150
20240219,12:07:29,0.6,50,63150
20240219,12:07:30,0.6,50,63150
20240219,12:07:31,0.6,50,63150
20240219,12:07:32,0.6,50,63150
20240219,12:07:33,0.6,50,63150
20240219,12:07:34,0.6,50,63150
20240219,12:07:35,0.6,50,63150
20240219,12:07:48,0.6,50,63150
20240219,12:07:49,0.6,50,63150
20240219,12:07:50,0.6,50,63150
20240219,12:07:51,0.6,50,63150
20240219,12:07:52,0.6,50,63150
20240219,12:07:53,0.6,50,63150
20240219,12:07:54,0.6,50,63150
20240219,12:07:55,0.6,50,63150
20240219,12:07:56,0.6,50,63150
20240219,12:07:57,0.6,50,63150
20240219,12:07:58,0.6,50,63150
20240219,12:07:59,0.6,50,63150
20240219,12:08:00,0.6,50,63150
20240219,12:08:01,0.6,50,63150
20240219,12:08:02,0.55,100,63150
20240219,12:08:03,0.6,50,63150
20240219,12:08:04,0.6,50,63150
20240219,12:08:05,0.6,50,63150
20240219,12:08:06,0.6,50,63150
20240219,12:08:07,0.6,50,63150
20240219,12:08:08,0.6,50,63150
20240219,12:08:09,0.6,50,63150
20240219,12:08:10,0.6,50,63150
20240219,12:08:11,0.6,50,63150
20240219,12:08:12,0.6,50,63150
20240219,12:08:13,0.6,200,63150
20240219,12:08:14,0.6,200,63150
20240219,12:08:15,0.6,50,63150
20240219,12:08:17,0.6,50,63150
20240219,12:08:18,0.6,50,63150
20240219,12:08:19,0.6,50,63150
20240219,12:08:20,0.6,50,63150
20240219,12:08:21,0.6,50,63150
20240219,12:08:23,0.6,50,63150
20240219,12:08:24,0.6,50,63150
20240219,12:08:25,0.6,50,63150
20240219,12:08:26,0.6,50,63150
20240219,12:08:27,0.6,50,63150
20240219,12:08:28,0.6,50,63150
20240219,12:08:29,0.6,50,63150
20240219,12:08:30,0.6,50,63150
20240219,12:08:31,0.6,50,63150
20240219,12:08:32,0.6,50,63150
20240219,12:08:33,0.6,50,63150
20240219,12:08:34,0.6,50,63150
20240219,12:12:42,0.6,50,63150
20240219,12:13:39,0.6,50,67850
20240219,12:14:43,0.55,50,67850
20240219,12:14:44,0.55,100,67850
20240219,12:14:45,0.55,200,67850
20240219,12:14:46,0.55,200,67850
20240219,12:14:47,0.55,200,67850
20240219,12:14:48,0.55,50,67850
20240219,12:14:49,0.55,50,67850
20240219,12:14:50,0.55,50,67850
20240219,12:14:51,0.55,50,67850
20240219,12:14:52,0.55,50,67850
20240219,12:14:53,0.55,50,67850
20240219,12:14:54,0.55,50,67850
20240219,12:14:55,0.55,50,67850
20240219,12:14:56,0.55,50,67850
20240219,12:14:57,0.55,50,67850
20240219,12:14:58,0.55,200,67850
20240219,12:14:59,0.55,200,67850
20240219,12:15:00,0.55,200,67850
20240219,12:15:01,0.55,50,67850
20240219,12:15:02,0.55,50,67850
20240219,12:15:03,0.55,50,67850
20240219,12:15:04,0.55,50,67850
20240219,12:15:05,0.55,50,67850
20240219,12:15:06,0.55,50,67850
20240219,12:15:07,0.55,50,67850
20240219,12:15:08,0.55,50,67850
20240219,12:15:09,0.55,50,67850
20240219,12:15:10,0.55,50,67850
20240219,12:15:11,0.55,50,67850
20240219,12:15:12,0.55,50,67850
20240219,12:15:13,0.55,50,67850
20240219,12:15:14,0.55,50,67850
20240219,12:15:15,0.55,50,67850
20240219,12:15:16,0.55,50,67850
20240219,12:15:17,0.55,50,67850
20240219,12:15:18,0.55,50,67850
20240219,12:15:19,0.55,50,67850
20240219,12:15:20,0.55,50,67850
20240219,12:15:21,0.55,50,67850
20240219,12:15:22,0.55,50,67850
20240219,12:15:23,0.55,50,67850
20240219,12:15:24,0.55,200,67850
20240219,12:15:25,0.55,200,67850
20240219,12:15:26,0.55,200,67850
20240219,12:15:27,0.55,2000,67850
20240219,12:15:28,0.55,150,67850
20240219,12:15:29,0.55,150,67850
20240219,12:15:30,0.55,150,67850
20240219,12:15:31,0.55,150,67850
20240219,12:15:32,0.55,150,67850
20240219,12:15:45,0.55,750,67850
20240219,12:15:58,0.55,2100,67850
20240219,12:16:27,0.6,100,62250
20240219,12:16:53,0.55,150,62250
20240219,12:16:54,0.55,150,62250
20240219,12:16:55,0.55,150,62250
20240219,12:16:56,0.55,150,62250
20240219,12:17:00,0.55,150,62250
20240219,12:17:04,0.55,150,62250
20240219,12:17:05,0.55,150,62250
20240219,12:17:27,0.55,1000,62250
20240219,12:17:48,0.6,150,62250
20240219,12:17:53,0.6,50,62250
20240219,12:18:26,0.55,150,62250
20240219,12:18:31,0.6,50,62250
20240219,12:19:10,0.55,200,62250
20240219,12:19:11,0.55,200,63000
20240219,12:19:12,0.55,200,63000
20240219,12:19:15,0.55,1050,63000
20240219,12:20:25,0.6,50,63000
20240219,12:21:08,0.55,200,63000
20240219,12:21:09,0.55,250,63000
20240219,12:21:10,0.55,200,63000
20240219,12:21:16,0.55,150,63000
20240219,12:21:23,0.55,250,63000
20240219,12:21:25,0.55,500,63000
20240219,12:21:29,0.55,500,63000
20240219,12:21:31,0.55,3600,63000
20240219,12:21:32,0.55,5400,63000
20240219,12:21:33,0.55,1800,63000
20240219,12:21:46,0.55,1800,63000
20240219,12:21:47,0.55,100,63000
20240219,12:21:56,0.55,1800,63000
20240219,12:21:57,0.55,3750,71250
20240219,12:21:58,0.55,3350,71250
20240219,12:22:16,0.55,500,71250
20240219,12:22:42,0.55,500,71250
20240219,12:23:06,0.55,800,71250
20240219,12:24:10,0.55,350,71250
20240219,12:25:43,0.55,50,77600
20240219,12:25:50,0.55,100,77600
20240219,12:25:52,0.55,50,77600
20240219,12:25:53,0.55,50,77600
20240219,12:25:54,0.55,50,77600
20240219,12:25:57,0.55,50,77600
20240219,12:25:58,0.55,50,77600
20240219,12:25:59,0.55,50,77600
20240219,12:26:00,0.55,50,77600
20240219,12:26:01,0.55,50,77600
20240219,12:26:02,0.55,50,77600
20240219,12:26:03,0.55,50,77600
20240219,12:26:04,0.55,50,77600
20240219,12:26:05,0.55,100,77600
20240219,12:26:06,0.55,100,77600
20240219,12:26:07,0.55,100,77600
20240219,12:26:08,0.55,150,77600
20240219,12:26:09,0.55,150,77600
20240219,12:26:10,0.55,150,77600
20240219,12:26:11,0.55,150,77600
20240219,12:26:12,0.55,150,77600
20240219,12:26:13,0.55,150,77600
20240219,12:26:14,0.55,150,77600
20240219,12:26:15,0.55,150,77600
20240219,12:26:16,0.55,150,77600
20240219,12:26:17,0.55,150,77600
20240219,12:26:18,0.55,150,77600
20240219,12:26:19,0.55,150,77600
20240219,12:26:51,0.55,50,77600
20240219,12:27:08,0.55,50,77600
20240219,12:27:09,0.55,50,77600
20240219,12:27:10,0.55,150,77600
20240219,12:27:11,0.55,150,77600
20240219,12:27:11,0.55,100,77600
20240219,12:27:12,0.55,150,77600
20240219,12:27:13,0.55,50,77600
20240219,12:27:14,0.55,50,77600
20240219,12:27:15,0.55,150,77600
20240219,12:27:16,0.55,150,77600
20240219,12:27:17,0.55,150,77600
20240219,12:27:18,0.55,50,77600
20240219,12:27:19,0.55,50,77600
20240219,12:27:20,0.55,50,77600
20240219,12:27:21,0.55,50,77600
20240219,12:27:22,0.55,50,77600
20240219,12:27:23,0.55,50,77600
20240219,12:27:24,0.55,50,77600
20240219,12:27:25,0.55,50,77600
20240219,12:27:26,0.55,50,77600
20240219,12:27:27,0.55,50,77600
20240219,12:27:28,0.55,50,77600
20240219,12:27:29,0.55,50,77600
20240219,12:27:30,0.55,50,77600
20240219,12:27:31,0.55,100,77600
20240219,12:27:32,0.55,50,77600
20240219,12:27:33,0.55,50,77600
20240219,12:27:34,0.55,50,77600
20240219,12:27:36,0.55,50,77600
20240219,12:27:37,0.5,100,77600
20240219,12:27:41,0.5,100,77600
20240219,12:30:01,0.5,50,82450
20240219,12:30:02,0.5,50,82450
20240219,12:30:03,0.5,50,82450
20240219,12:30:36,0.5,50,82450
20240219,12:31:06,0.5,50,82350
20240219,12:31:09,0.5,50,82350
20240219,12:31:10,0.55,50,82350
20240219,12:31:11,0.55,50,82350
20240219,12:31:12,0.55,50,82350
20240219,12:31:13,0.55,50,82350
20240219,12:31:14,0.55,50,82350
20240219,12:31:15,0.55,50,82350
20240219,12:31:16,0.55,50,82350
20240219,12:31:17,0.55,50,82350
20240219,12:31:18,0.55,50,82350
20240219,12:31:19,0.55,50,82350
20240219,12:31:29,0.55,50,82350
20240219,12:31:30,0.55,50,82350
20240219,12:31:31,0.55,50,82350
20240219,12:31:32,0.55,50,82350
20240219,12:31:33,0.55,150,82350
20240219,12:31:34,0.55,150,82350
20240219,12:31:35,0.55,850,82350
20240219,12:31:36,0.55,50,82350
20240219,12:31:37,0.55,50,82350
20240219,12:31:38,0.55,50,82350
20240219,12:31:39,0.55,50,82350
20240219,12:31:40,0.55,50,82350
20240219,12:31:41,0.55,50,82350
20240219,12:31:44,0.55,50,82350
20240219,12:34:34,0.55,100,83750
20240219,12:34:43,0.5,50,83750
20240219,12:34:44,0.5,50,83750
20240219,12:34:45,0.5,50,83750
20240219,12:34:46,0.5,50,83750
20240219,12:34:48,0.5,50,83750
20240219,12:34:52,0.5,50,83750
20240219,12:34:53,0.5,50,83750
20240219,12:34:54,0.5,50,83750
20240219,12:34:55,0.5,50,83750
20240219,12:34:56,0.5,50,83750
20240219,12:34:57,0.5,50,83750
20240219,12:34:58,0.5,50,83750
20240219,12:34:59,0.5,50,83750
20240219,12:35:03,0.5,50,83750
20240219,12:35:03,0.55,50,83750
20240219,12:35:04,0.5,50,83750
20240219,12:35:05,0.5,50,83750
20240219,12:35:06,0.5,50,83750
20240219,12:35:16,0.5,50,83750
20240219,12:35:17,0.5,50,83750
20240219,12:35:18,0.5,50,83750
20240219,12:35:19,0.5,50,83750
20240219,12:35:20,0.5,50,83750
20240219,12:35:21,0.5,50,83750
20240219,12:35:22,0.5,50,83750
20240219,12:35:23,0.5,50,83750
20240219,12:35:24,0.5,50,83750
20240219,12:35:25,0.5,50,83750
20240219,12:35:26,0.5,50,83750
20240219,12:35:27,0.5,150,83750
20240219,12:35:28,0.5,50,83750
20240219,12:35:29,0.5,50,83750
20240219,12:35:30,0.5,50,83750
20240219,12:35:31,0.5,50,83750
20240219,12:35:32,0.5,200,83750
20240219,12:35:33,0.5,200,83750
20240219,12:35:34,0.5,200,83750
20240219,12:35:35,0.5,200,83750
20240219,12:35:36,0.5,200,83750
20240219,12:35:37,0.5,200,83750
20240219,12:35:38,0.5,200,83750
20240219,12:35:39,0.5,50,83750
20240219,12:35:40,0.5,50,83750
20240219,12:35:41,0.5,50,83750
20240219,12:35:42,0.5,50,83750
20240219,12:35:43,0.5,50,83750
20240219,12:35:44,0.5,50,83750
20240219,12:35:45,0.5,50,83750
20240219,12:35:46,0.5,50,83750
20240219,12:35:47,0.5,50,83750
20240219,12:35:48,0.5,50,83750
20240219,12:35:49,0.5,50,83750
20240219,12:35:50,0.5,50,83750
20240219,12:35:51,0.5,50,83750
20240219,12:35:52,0.5,50,83750
20240219,12:35:53,0.5,50,83750
20240219,12:35:54,0.5,50,83750
20240219,12:35:55,0.5,50,83750
20240219,12:35:56,0.5,50,83750
20240219,12:35:57,0.5,50,83750
20240219,12:35:58,0.5,50,83750
20240219,12:35:59,0.5,50,83750
20240219,12:36:00,0.5,1850,83750
20240219,12:36:01,0.5,50,83750
20240219,12:36:02,0.5,50,83750
20240219,12:36:03,0.5,200,83750
20240219,12:36:04,0.5,500,83750
20240219,12:36:05,0.5,200,83750
20240219,12:36:06,0.5,50,83750
20240219,12:36:07,0.5,50,83750
20240219,12:36:08,0.5,50,83750
20240219,12:36:09,0.5,50,83750
20240219,12:36:10,0.5,50,83750
20240219,12:36:11,0.5,50,83750
20240219,12:36:12,0.5,50,83750
20240219,12:36:13,0.5,50,83750
20240219,12:36:14,0.5,50,83750
20240219,12:36:15,0.5,50,83750
20240219,12:36:16,0.5,50,83750
20240219,12:36:17,0.5,50,83750
20240219,12:36:18,0.5,50,83750
20240219,12:36:19,0.5,50,83750
20240219,12:36:20,0.5,50,83750
20240219,12:36:21,0.5,50,83750
20240219,12:36:22,0.5,50,83750
20240219,12:36:23,0.5,50,83750
20240219,12:36:24,0.5,50,83750
20240219,12:36:25,0.5,50,83750
20240219,12:36:26,0.5,50,83750
20240219,12:36:27,0.5,50,83750
20240219,12:36:28,0.5,50,83750
20240219,12:36:29,0.5,50,83750
20240219,12:36:30,0.5,50,83750
20240219,12:36:31,0.5,50,83750
20240219,12:36:32,0.5,50,83750
20240219,12:36:33,0.5,50,83750
20240219,12:36:34,0.5,100,83750
20240219,12:36:35,0.5,150,83750
20240219,12:36:36,0.55,50,83750
20240219,12:38:12,0.55,150,83750
20240219,12:39:26,0.55,50,75450
20240219,12:39:27,0.5,50,75450
20240219,12:39:39,0.55,50,75450
20240219,12:39:44,0.5,50,75450
20240219,12:39:57,0.5,50,75450
20240219,12:40:06,0.5,50,75600
20240219,12:40:31,0.5,150,75600
20240219,12:41:24,0.5,50,75600
20240219,12:42:19,0.55,50,75600
20240219,12:42:20,0.55,50,75600
20240219,12:42:21,0.55,100,75600
20240219,12:42:23,0.55,300,75600
20240219,12:42:24,0.55,150,75600
20240219,12:42:25,0.55,150,75600
20240219,12:42:26,0.55,150,75600
20240219,12:42:27,0.55,150,75600
20240219,12:42:28,0.55,150,75600
20240219,12:42:29,0.55,150,75600
20240219,12:42:30,0.55,150,75600
20240219,12:42:31,0.55,150,75600
20240219,12:42:32,0.55,150,75600
20240219,12:42:33,0.5,250,75600
20240219,12:42:34,0.55,200,75600
20240219,12:42:35,0.55,200,75600
20240219,12:42:36,0.55,200,75600
20240219,12:42:37,0.55,200,75600
20240219,12:42:38,0.55,200,75600
20240219,12:42:39,0.55,200,75600
20240219,12:42:40,0.55,50,75600
20240219,12:42:41,0.55,50,75600
20240219,12:42:42,0.55,50,75600
20240219,12:42:43,0.55,50,75600
20240219,12:42:44,0.55,200,75600
20240219,12:42:45,0.55,200,75600
20240219,12:42:46,0.55,200,75600
20240219,12:42:47,0.55,200,75600
20240219,12:42:48,0.55,200,75600
20240219,12:42:49,0.55,200,75600
20240219,12:42:50,0.55,200,75600
20240219,12:42:51,0.55,200,75600
20240219,12:42:52,0.55,200,75600
20240219,12:42:53,0.55,200,75600
20240219,12:42:54,0.55,50,75600
20240219,12:42:56,0.55,50,75600
20240219,12:42:57,0.55,50,75600
20240219,12:42:58,0.55,50,75600
20240219,12:43:00,0.55,50,75600
20240219,12:43:04,0.55,50,80900
20240219,12:43:08,0.55,50,80900
20240219,12:43:09,0.55,50,80900
20240219,12:43:10,0.55,50,80900
20240219,12:43:12,0.55,50,80900
20240219,12:43:13,0.55,50,80900
20240219,12:43:14,0.55,50,80900
20240219,12:43:15,0.55,50,80900
20240219,12:43:16,0.55,50,80900
20240219,12:43:17,0.55,50,80900
20240219,12:44:12,0.55,50,80900
20240219,12:44:13,0.55,50,80900
20240219,12:44:14,0.55,50,80900
20240219,12:44:15,0.55,50,80900
20240219,12:44:16,0.55,50,80900
20240219,12:44:17,0.55,200,80900
20240219,12:44:18,0.55,200,80900
20240219,12:44:19,0.55,6350,80900
20240219,12:44:20,0.55,50,80900
20240219,12:44:22,0.55,50,80900
20240219,12:44:23,0.55,50,80900
20240219,12:44:24,0.55,50,80900
20240219,12:44:25,0.55,50,80900
20240219,12:44:26,0.55,50,80900
20240219,12:44:27,0.55,50,80900
20240219,12:44:31,0.55,50,80900
20240219,12:44:56,0.55,50,80900
20240219,12:44:57,0.55,50,80900
20240219,12:44:58,0.55,50,80900
20240219,12:44:59,0.55,50,80900
20240219,12:45:00,0.55,50,80900
20240219,12:45:01,0.55,200,80900
20240219,12:45:02,0.55,200,80900
20240219,12:45:03,0.55,200,80900
20240219,12:45:04,0.55,200,80900
20240219,12:45:05,0.55,50,80900
20240219,12:45:06,0.55,50,80900
20240219,12:45:07,0.55,50,80900
20240219,12:45:08,0.55,50,80900
20240219,12:45:09,0.55,50,80900
20240219,12:45:10,0.55,50,80900
20240219,12:45:11,0.55,50,80900
20240219,12:45:14,0.55,50,80900
20240219,12:45:15,0.55,50,80900
20240219,12:45:16,0.55,50,80900
20240219,12:45:17,0.55,50,80900
20240219,12:45:18,0.55,50,80900
20240219,12:45:20,0.55,50,80900
20240219,12:45:21,0.55,50,80900
20240219,12:45:25,0.55,50,80900
20240219,12:45:26,0.55,50,80900
20240219,12:45:27,0.55,50,80900
20240219,12:45:28,0.55,50,80900
20240219,12:45:29,0.55,50,80900
20240219,12:45:30,0.55,50,80900
20240219,12:45:31,0.55,200,80900
20240219,12:45:32,0.55,200,80900
20240219,12:45:33,0.55,200,80900
20240219,12:45:34,0.55,50,80900
20240219,12:45:35,0.55,50,80900
20240219,12:45:36,0.55,50,80900
20240219,12:45:37,0.55,50,80900
20240219,12:45:38,0.55,50,80900
20240219,12:45:58,0.55,1500,80900
20240219,12:47:29,0.55,50,80900
20240219,12:47:48,0.55,50,86950
20240219,12:47:49,0.55,50,86950
20240219,12:47:50,0.55,200,86950
20240219,12:47:51,0.55,200,86950
20240219,12:47:52,0.55,200,86950
20240219,12:47:52,0.5,250,86950
20240219,12:47:53,0.55,200,86950
20240219,12:47:54,0.55,50,86950
20240219,12:47:55,0.55,50,86950
20240219,12:47:56,0.55,200,86950
20240219,12:47:57,0.55,200,86950
20240219,12:47:58,0.55,200,86950
20240219,12:47:59,0.55,200,86950
20240219,12:48:00,0.55,200,86950
20240219,12:48:01,0.55,200,86950
20240219,12:48:02,0.55,200,86950
20240219,12:48:03,0.55,50,86950
20240219,12:48:04,0.55,100,86950
20240219,12:48:05,0.55,200,86950
20240219,12:48:06,0.55,200,86950
20240219,12:48:07,0.55,200,86950
20240219,12:48:08,0.55,200,86950
20240219,12:48:09,0.55,250,86950
20240219,12:48:20,0.55,1500,86950
20240219,12:48:21,0.55,3300,86950
20240219,12:48:22,0.55,1450,86950
20240219,12:48:57,0.6,50,86950
20240219,12:48:58,0.6,50,86950
20240219,12:48:59,0.6,50,86950
20240219,12:49:00,0.6,50,86950
20240219,12:49:01,0.6,50,91350
20240219,12:49:02,0.6,200,91350
20240219,12:49:03,0.6,200,91350
20240219,12:49:04,0.6,200,91350
20240219,12:49:05,0.6,200,91350
20240219,12:49:06,0.6,50,91350
20240219,12:49:07,0.6,100,91350
20240219,12:49:08,0.6,50,91350
20240219,12:49:17,0.6,50,91350
20240219,12:49:18,0.6,50,91350
20240219,12:49:19,0.6,50,91350
20240219,12:49:20,0.6,50,91350
20240219,12:49:21,0.6,50,91350
20240219,12:49:22,0.6,50,91350
20240219,12:49:23,0.6,50,91350
20240219,12:49:25,0.6,50,91350
20240219,12:49:26,0.6,50,91350
20240219,12:49:27,0.6,50,91350
20240219,12:49:28,0.6,50,91350
20240219,12:50:30,0.6,50,91350
20240219,12:50:31,0.6,50,91350
20240219,12:50:32,0.6,50,91350
20240219,12:50:33,0.6,50,91350
20240219,12:50:34,0.6,50,91350
20240219,12:50:35,0.6,50,91350
20240219,12:50:36,0.6,200,91350
20240219,12:50:37,0.6,200,91350
20240219,12:50:38,0.6,200,91350
20240219,12:50:39,0.6,50,91350
20240219,12:50:40,0.6,50,91350
20240219,12:50:41,0.6,50,91350
20240219,12:50:42,0.6,50,91350
20240219,12:50:43,0.6,50,91350
20240219,12:50:44,0.6,50,91350
20240219,12:50:45,0.6,50,91350
20240219,12:50:46,0.6,50,91350
20240219,12:50:47,0.6,50,91350
20240219,12:50:48,0.6,50,91350
20240219,12:50:49,0.6,50,91350
20240219,12:50:50,0.6,50,91350
20240219,12:50:51,0.6,50,91350
20240219,12:50:52,0.6,50,91350
20240219,12:50:53,0.6,50,91350
20240219,12:50:54,0.6,50,91350
20240219,12:50:55,0.6,50,91350
20240219,12:50:56,0.6,50,91350
20240219,12:50:57,0.6,50,91350
20240219,12:50:58,0.6,50,91350
20240219,12:50:59,0.6,50,91350
20240219,12:51:00,0.6,200,91350
20240219,12:51:01,0.6,200,91350
20240219,12:51:02,0.6,200,91350
20240219,12:51:04,0.6,50,91350
20240219,12:51:05,0.6,50,91350
20240219,12:51:06,0.6,50,91350
20240219,12:51:07,0.6,50,91350
20240219,12:51:08,0.6,50,91350
20240219,12:51:09,0.6,50,91350
20240219,12:51:10,0.6,50,91350
20240219,12:51:11,0.6,50,91350
20240219,12:51:12,0.6,200,91350
20240219,12:51:13,0.6,200,91350
20240219,12:51:14,0.6,50,91350
20240219,12:51:15,0.6,50,91350
20240219,12:51:16,0.6,50,91350
20240219,12:51:17,0.6,50,91350
20240219,12:51:18,0.6,200,91350
20240219,12:51:19,0.6,200,91350
20240219,12:51:22,0.6,50,91350
20240219,12:51:23,0.6,50,91350
20240219,12:51:28,0.6,50,91350
20240219,12:51:30,0.6,50,91350
20240219,12:51:31,0.6,50,91350
20240219,12:51:32,0.6,50,91350
20240219,12:51:33,0.6,50,91350
20240219,12:51:37,0.6,50,91350
20240219,12:51:38,0.6,50,91350
20240219,12:51:39,0.6,50,91350
20240219,12:51:40,0.6,50,91350
20240219,12:51:41,0.6,50,91350
20240219,12:51:42,0.6,50,91350
20240219,12:51:43,0.6,50,91350
20240219,12:51:44,0.6,200,91350
20240219,12:51:46,0.6,200,91350
20240219,12:51:47,0.6,200,91350
20240219,12:51:48,0.6,50,91350
20240219,12:51:49,0.6,50,91350
20240219,12:51:50,0.6,50,91350
20240219,12:51:51,0.6,50,91350
20240219,12:51:52,0.6,50,91350
20240219,12:51:54,0.6,400,91350
20240219,12:51:55,0.6,200,91350
20240219,12:51:56,0.6,200,91350
20240219,12:52:00,0.6,50,91350
20240219,12:52:01,0.6,50,91350
20240219,12:52:02,0.6,50,97900
20240219,12:52:03,0.6,50,97900
20240219,12:52:04,0.6,50,97900
20240219,12:52:05,0.6,50,97900
20240219,12:52:06,0.6,50,97900
20240219,12:52:07,0.6,50,97900
20240219,12:52:08,0.6,50,97900
20240219,12:52:09,0.6,50,97900
20240219,12:52:10,0.6,100,97900
20240219,12:52:11,0.6,200,97900
20240219,12:52:13,0.6,400,97900
20240219,12:52:14,0.6,50,97900
20240219,12:52:15,0.6,50,97900
20240219,12:52:16,0.6,50,97900
20240219,12:52:17,0.6,50,97900
20240219,12:52:19,0.6,50,97900
20240219,12:52:26,0.6,50,97900
20240219,12:52:27,0.6,50,97900
20240219,12:52:28,0.6,50,97900
20240219,12:52:29,0.6,50,97900
20240219,12:52:30,0.6,50,97900
20240219,12:52:39,0.55,50,97900
20240219,12:53:07,0.6,1100,97900
20240219,12:53:40,0.6,50,97900
20240219,12:54:30,0.55,50,97900
20240219,12:57:03,0.6,50,100650
20240219,12:58:48,0.55,1100,100650
20240219,12:59:10,0.55,50,100700
20240219,12:59:42,0.6,50,100700
20240219,13:00:05,0.6,50,100700
20240219,13:00:14,0.6,50,100700
20240219,13:00:17,0.55,50,100700
20240219,13:00:23,0.55,50,100700
20240219,13:00:40,0.55,50,100700
20240219,13:00:42,0.6,50,100700
20240219,13:00:48,0.6,50,100700
20240219,13:01:08,0.55,50,100700
20240219,13:01:26,0.55,600,99650
20240219,13:01:28,0.55,50,99650
20240219,13:01:34,0.55,50,99650
20240219,13:01:35,0.55,50,99650
20240219,13:01:47,0.55,50,99650
20240219,13:01:49,0.55,50,99650
20240219,13:01:50,0.55,50,99650
20240219,13:01:58,0.55,50,99650
20240219,13:01:59,0.55,50,99650
20240219,13:02:00,0.55,50,99650
20240219,13:02:01,0.55,50,99650
20240219,13:02:03,0.55,50,99650
20240219,13:02:07,0.55,50,99650
20240219,13:02:08,0.55,50,99650
20240219,13:02:10,0.55,50,99650
20240219,13:02:12,0.55,50,99650
20240219,13:02:13,0.55,50,99650
20240219,13:02:14,0.55,50,99650
20240219,13:02:19,0.55,50,99650
20240219,13:02:20,0.55,200,99650
20240219,13:02:21,0.55,200,99650
20240219,13:02:22,0.55,200,99650
20240219,13:02:23,0.55,200,99650
20240219,13:02:24,0.55,200,99650
20240219,13:02:25,0.55,200,99650
20240219,13:02:26,0.55,50,99650
20240219,13:02:27,0.55,50,99650
20240219,13:02:27,0.55,1250,99650
20240219,13:02:28,0.55,50,99650
20240219,13:02:29,0.55,50,99650
20240219,13:02:30,0.55,200,99650
20240219,13:02:31,0.55,200,99650
20240219,13:02:32,0.55,200,99650
20240219,13:02:33,0.55,50,99650
20240219,13:02:34,0.55,50,99650
20240219,13:02:35,0.55,50,99650
20240219,13:02:36,0.55,50,99650
20240219,13:02:37,0.55,50,99650
20240219,13:02:38,0.55,200,99650
20240219,13:02:39,0.55,200,99650
20240219,13:02:41,0.55,400,99650
20240219,13:02:42,0.55,200,99650
20240219,13:02:43,0.55,200,99650
20240219,13:02:44,0.55,200,99650
20240219,13:02:45,0.55,50,99650
20240219,13:02:46,0.55,50,99650
20240219,13:02:47,0.55,50,99650
20240219,13:02:48,0.55,200,99650
20240219,13:02:49,0.55,200,99650
20240219,13:02:50,0.55,200,99650
20240219,13:02:51,0.55,200,99650
20240219,13:02:52,0.55,200,99650
20240219,13:02:53,0.55,200,99650
20240219,13:02:54,0.55,50,99650
20240219,13:02:55,0.55,50,99650
20240219,13:02:56,0.55,50,99650
20240219,13:02:57,0.55,200,99650
20240219,13:02:58,0.55,200,99650
20240219,13:02:59,0.55,200,99650
20240219,13:03:00,0.55,50,99650
20240219,13:03:01,0.55,50,99650
20240219,13:03:02,0.55,200,99650
20240219,13:03:03,0.55,300,99650
20240219,13:03:04,0.55,1650,99650
20240219,13:03:07,0.55,50,99650
20240219,13:03:08,0.55,50,99650
20240219,13:03:08,0.55,1500,99650
20240219,13:03:09,0.55,50,99650
20240219,13:03:10,0.55,1250,99650
20240219,13:03:11,0.55,150,99650
20240219,13:03:12,0.5,50,99650
20240219,13:03:14,0.5,50,99650
20240219,13:03:16,0.5,50,99650
20240219,13:03:17,0.5,50,99650
20240219,13:03:18,0.5,50,99650
20240219,13:03:19,0.5,50,99650
20240219,13:03:20,0.5,50,99650
20240219,13:03:21,0.5,50,99650
20240219,13:03:22,0.5,50,99650
20240219,13:03:23,0.5,50,99650
20240219,13:03:24,0.5,50,99650
20240219,13:03:25,0.5,50,99650
20240219,13:03:26,0.5,50,99650
20240219,13:03:27,0.5,50,99650
20240219,13:03:28,0.5,50,99650
20240219,13:03:29,0.5,50,99650
20240219,13:03:30,0.5,200,99650
20240219,13:03:31,0.5,200,99650
20240219,13:03:32,0.5,200,99650
20240219,13:03:33,0.5,200,99650
20240219,13:03:35,0.5,250,99650
20240219,13:03:36,0.5,50,99650
20240219,13:03:37,0.5,50,99650
20240219,13:03:38,0.5,200,99650
20240219,13:03:39,0.5,200,99650
20240219,13:03:40,0.5,200,99650
20240219,13:03:41,0.5,200,99650
20240219,13:03:42,0.5,200,99650
20240219,13:03:43,0.5,50,99650
20240219,13:03:44,0.5,50,99650
20240219,13:03:45,0.5,50,99650
20240219,13:03:46,0.5,200,99650
20240219,13:03:47,0.5,250,99650
20240219,13:03:48,0.55,250,99650
20240219,13:03:50,0.5,50,99650
20240219,13:03:56,0.55,50,99650
20240219,13:04:00,0.55,50,99650
20240219,13:04:02,0.5,50,99650
20240219,13:04:03,0.5,50,97300
20240219,13:04:37,0.5,50,97300
20240219,13:04:46,0.5,50,97300
20240219,13:04:47,0.55,50,97300
20240219,13:04:55,0.55,100,97300
20240219,13:04:56,0.5,50,97300
20240219,13:05:35,0.55,50,97300
20240219,13:05:38,0.5,50,97300
20240219,13:05:39,0.5,50,97300
20240219,13:05:40,0.5,200,97300
20240219,13:05:41,0.5,200,97300
20240219,13:05:42,0.5,50,97300
20240219,13:05:43,0.5,50,97300
20240219,13:05:44,0.5,50,97300
20240219,13:05:45,0.5,50,97300
20240219,13:05:46,0.5,50,97300
20240219,13:05:47,0.5,50,97300
20240219,13:05:48,0.5,100,97300
20240219,13:05:49,0.5,50,97300
20240219,13:05:50,0.5,50,97300
20240219,13:05:51,0.5,50,97300
20240219,13:05:52,0.5,50,97300
20240219,13:05:53,0.5,50,97300
20240219,13:05:54,0.5,50,97300
20240219,13:05:55,0.5,50,97300
20240219,13:05:56,0.5,50,97300
20240219,13:05:57,0.5,50,97300
20240219,13:05:58,0.5,50,97300
20240219,13:05:59,0.5,200,97300
20240219,13:06:00,0.5,200,97300
20240219,13:06:01,0.5,200,97300
20240219,13:06:04,0.5,50,97300
20240219,13:06:05,0.5,50,97300
20240219,13:06:06,0.5,50,97300
20240219,13:06:07,0.5,50,97300
20240219,13:06:08,0.5,50,97300
20240219,13:06:09,0.5,50,97300
20240219,13:06:10,0.5,50,97300
20240219,13:06:11,0.5,50,97300
20240219,13:06:12,0.5,50,97300
20240219,13:06:13,0.5,50,97300
20240219,13:06:14,0.5,50,97300
20240219,13:06:15,0.5,50,97300
20240219,13:06:16,0.5,50,97300
20240219,13:06:17,0.5,50,97300
20240219,13:06:18,0.5,50,97300
20240219,13:06:19,0.5,50,97300
20240219,13:06:20,0.5,50,97300
20240219,13:06:21,0.5,200,97300
20240219,13:06:22,0.5,200,97300
20240219,13:06:23,0.5,200,97300
20240219,13:06:24,0.5,50,97300
20240219,13:06:25,0.5,50,97300
20240219,13:06:26,0.5,50,97300
20240219,13:06:27,0.5,50,97300
20240219,13:06:28,0.5,200,97300
20240219,13:06:29,0.5,200,97300
20240219,13:06:30,0.5,200,97300
20240219,13:06:31,0.5,200,97300
20240219,13:06:32,0.5,200,97300
20240219,13:06:33,0.5,200,97300
20240219,13:06:34,0.5,200,97300
20240219,13:06:35,0.5,200,97300
20240219,13:06:36,0.5,200,97300
20240219,13:06:37,0.5,200,97300
20240219,13:06:38,0.5,200,97300
20240219,13:06:39,0.5,50,97300
20240219,13:06:40,0.5,50,97300
20240219,13:06:41,0.5,50,97300
20240219,13:06:42,0.5,50,97300
20240219,13:06:43,0.5,50,97300
20240219,13:06:44,0.5,50,97300
20240219,13:06:45,0.5,50,97300
20240219,13:06:46,0.5,50,97300
20240219,13:06:47,0.5,200,97300
20240219,13:06:48,0.5,200,97300
20240219,13:06:49,0.5,200,97300
20240219,13:06:59,0.5,50,97300
20240219,13:07:00,0.5,50,97300
20240219,13:07:01,0.5,50,97300
20240219,13:07:02,0.5,50,97300
20240219,13:07:03,0.5,50,97300
20240219,13:07:04,0.5,50,90150
20240219,13:07:05,0.5,50,90150
20240219,13:07:06,0.5,200,90150
20240219,13:07:07,0.5,200,90150
20240219,13:07:08,0.5,200,90150
20240219,13:07:09,0.5,200,90150
20240219,13:07:10,0.5,200,90150
20240219,13:07:11,0.5,200,90150
20240219,13:07:12,0.5,50,90150
20240219,13:07:13,0.5,50,90150
20240219,13:07:14,0.5,50,90150
20240219,13:07:15,0.5,50,90150
20240219,13:07:16,0.5,50,90150
20240219,13:07:17,0.5,50,90150
20240219,13:07:18,0.5,50,90150
20240219,13:07:47,0.5,50,90150
20240219,13:10:12,0.5,50,90150
20240219,13:10:38,0.5,50,88400
20240219,13:10:39,0.5,200,88400
20240219,13:10:40,0.5,200,88400
20240219,13:10:41,0.5,50,88400
20240219,13:10:42,0.5,50,88400
20240219,13:10:43,0.5,50,88400
20240219,13:10:44,0.5,50,88400
20240219,13:10:45,0.5,50,88400
20240219,13:10:46,0.5,50,88400
20240219,13:10:47,0.5,50,88400
20240219,13:10:48,0.5,50,88400
20240219,13:10:49,0.5,50,88400
20240219,13:10:50,0.5,50,88400
20240219,13:10:51,0.5,50,88400
20240219,13:10:52,0.5,50,88400
20240219,13:10:53,0.5,50,88400
20240219,13:10:54,0.5,50,88400
20240219,13:10:55,0.5,50,88400
20240219,13:10:56,0.5,50,88400
20240219,13:12:03,0.5,50,88400
20240219,13:12:33,0.5,50,88400
20240219,13:12:34,0.5,50,88400
20240219,13:12:35,0.5,50,88400
20240219,13:12:36,0.5,50,88400
20240219,13:12:37,0.5,50,88400
20240219,13:12:38,0.5,50,88400
20240219,13:12:39,0.5,50,88400
20240219,13:12:40,0.5,200,88400
20240219,13:12:41,0.5,200,88400
20240219,13:12:42,0.5,200,88400
20240219,13:12:43,0.5,200,88400
20240219,13:12:44,0.5,200,88400
20240219,13:12:48,0.5,200,88400
20240219,13:12:49,0.5,200,88400
20240219,13:12:50,0.5,200,88400
20240219,13:12:51,0.5,150,88400
20240219,13:13:21,0.5,50,88400
20240219,13:13:45,0.5,250,86150
20240219,13:14:16,0.5,50,86150
20240219,13:15:39,0.55,50,86150
20240219,13:15:54,0.55,50,86150
20240219,13:15:55,0.55,100,86150
20240219,13:15:56,0.55,150,86150
20240219,13:15:57,0.55,150,86150
20240219,13:15:58,0.55,150,86150
20240219,13:15:59,0.55,150,86150
20240219,13:16:00,0.55,150,86150
20240219,13:16:01,0.55,150,86150
20240219,13:16:02,0.55,150,86150
20240219,13:16:03,0.55,150,86150
20240219,13:16:04,0.55,50,86150
20240219,13:16:05,0.55,50,86150
20240219,13:16:06,0.55,50,86400
20240219,13:16:07,0.55,50,86400
20240219,13:16:08,0.55,150,86400
20240219,13:16:09,0.55,250,86400
20240219,13:16:10,0.55,150,86400
20240219,13:16:11,0.55,150,86400
20240219,13:16:12,0.55,50,86400
20240219,13:16:13,0.55,50,86400
20240219,13:16:14,0.55,50,86400
20240219,13:16:15,0.55,50,86400
20240219,13:16:23,0.55,50,86400
20240219,13:16:26,0.55,50,86400
20240219,13:16:27,0.55,50,86400
20240219,13:16:28,0.55,50,86400
20240219,13:16:29,0.55,50,86400
20240219,13:16:30,0.55,50,86400
20240219,13:16:31,0.55,50,86400
20240219,13:16:32,0.55,50,86400
20240219,13:16:33,0.55,50,86400
20240219,13:16:34,0.55,50,86400
20240219,13:16:35,0.55,50,86400
20240219,13:16:36,0.55,50,86400
20240219,13:16:37,0.55,150,86400
20240219,13:16:38,0.55,150,86400
20240219,13:16:39,0.55,200,86400
20240219,13:16:40,0.55,50,86400
20240219,13:16:41,0.55,50,86400
20240219,13:16:42,0.55,50,86400
20240219,13:16:43,0.55,50,86400
20240219,13:16:44,0.55,50,86400
20240219,13:16:45,0.55,100,86400
20240219,13:16:46,0.55,50,86400
20240219,13:16:47,0.55,50,86400
20240219,13:16:48,0.55,50,86400
20240219,13:16:49,0.55,200,86400
20240219,13:16:50,0.55,200,86400
20240219,13:16:51,0.55,200,86400
20240219,13:16:54,0.55,50,86400
20240219,13:16:55,0.55,50,86400
20240219,13:16:56,0.55,50,86400
20240219,13:16:57,0.55,50,86400
20240219,13:16:58,0.55,50,86400
20240219,13:16:59,0.55,50,86400
20240219,13:17:00,0.55,50,86400
20240219,13:17:01,0.55,50,86400
20240219,13:17:02,0.55,50,86400
20240219,13:17:03,0.55,50,86400
20240219,13:17:04,0.55,50,86400
20240219,13:17:06,0.55,50,86400
20240219,13:17:08,0.55,50,86400
20240219,13:17:09,0.55,50,86400
20240219,13:17:10,0.55,50,86400
20240219,13:17:11,0.55,50,86400
20240219,13:17:12,0.55,50,86400
20240219,13:18:30,0.55,50,86400
20240219,13:18:45,0.55,50,86400
20240219,13:18:58,0.5,50,86400
20240219,13:19:04,0.55,50,86400
20240219,13:19:10,0.5,50,89750
20240219,13:19:16,0.55,50,89750
20240219,13:19:21,0.5,200,89750
20240219,13:19:22,0.5,200,89750
20240219,13:19:23,0.5,100,89750
20240219,13:19:24,0.5,50,89750
20240219,13:19:25,0.55,150,89750
20240219,13:19:26,0.5,50,89750
20240219,13:19:27,0.5,50,89750
20240219,13:19:28,0.5,50,89750
20240219,13:19:29,0.55,50,89750
20240219,13:19:37,0.5,50,89750
20240219,13:19:45,0.55,50,89750
20240219,13:19:55,0.5,50,89750
20240219,13:21:21,0.55,50,89750
20240219,13:22:21,0.5,50,88900
20240219,13:22:29,0.55,50,88900
20240219,13:23:57,0.5,200,88900
20240219,13:24:05,0.55,50,88900
20240219,13:24:06,0.55,50,88900
20240219,13:24:07,0.55,50,88900
20240219,13:24:09,0.55,50,88900
20240219,13:24:10,0.55,50,88900
20240219,13:24:11,0.55,50,88900
20240219,13:24:12,0.55,50,88900
20240219,13:24:13,0.55,50,88900
20240219,13:24:14,0.55,50,88900
20240219,13:24:15,0.55,50,88900
20240219,13:24:16,0.55,50,88900
20240219,13:24:17,0.55,50,88900
20240219,13:24:18,0.55,50,88900
20240219,13:24:19,0.55,200,88900
20240219,13:24:20,0.55,200,88900
20240219,13:24:54,0.55,50,88900
20240219,13:24:55,0.55,50,88900
20240219,13:24:56,0.55,50,88900
20240219,13:24:57,0.55,50,88900
20240219,13:24:58,0.55,50,88900
20240219,13:25:01,0.55,50,88900
20240219,13:25:02,0.55,50,88900
20240219,13:25:04,0.55,50,88900
20240219,13:25:05,0.55,50,88900
20240219,13:25:06,0.55,50,88900
20240219,13:25:07,0.55,50,90150
20240219,13:25:08,0.55,50,90150
20240219,13:25:09,0.55,50,90150
20240219,13:25:10,0.55,50,90150
20240219,13:25:11,0.55,50,90150
20240219,13:25:12,0.55,50,90150
20240219,13:25:13,0.55,50,90150
20240219,13:25:14,0.55,50,90150
20240219,13:25:16,0.55,50,90150
20240219,13:25:17,0.55,50,90150
20240219,13:25:18,0.55,50,90150
20240219,13:25:19,0.55,50,90150
20240219,13:25:20,0.55,50,90150
20240219,13:25:21,0.55,50,90150
20240219,13:25:22,0.55,50,90150
20240219,13:25:23,0.55,50,90150
20240219,13:25:24,0.55,50,90150
20240219,13:25:26,0.55,50,90150
20240219,13:25:27,0.55,50,90150
20240219,13:25:28,0.55,50,90150
20240219,13:25:29,0.55,50,90150
20240219,13:25:30,0.55,50,90150
20240219,13:25:31,0.55,50,90150
20240219,13:25:32,0.55,50,90150
20240219,13:25:33,0.55,50,90150
20240219,13:25:34,0.55,50,90150
20240219,13:25:35,0.55,50,90150
20240219,13:25:36,0.55,50,90150
20240219,13:25:37,0.55,50,90150
20240219,13:25:38,0.55,50,90150
20240219,13:25:39,0.55,50,90150
20240219,13:25:41,0.55,400,90150
20240219,13:25:45,0.55,50,90150
20240219,13:25:46,0.55,50,90150
20240219,13:25:47,0.55,50,90150
20240219,13:25:48,0.55,50,90150
20240219,13:25:49,0.55,50,90150
20240219,13:25:50,0.55,50,90150
20240219,13:25:51,0.55,50,90150
20240219,13:25:52,0.55,50,90150
20240219,13:25:55,0.55,50,90150
20240219,13:25:56,0.55,50,90150
20240219,13:25:57,0.55,50,90150
20240219,13:25:58,0.55,50,90150
20240219,13:25:59,0.55,50,90150
20240219,13:26:00,0.55,50,90150
20240219,13:26:01,0.55,50,90150
20240219,13:26:02,0.55,50,90150
20240219,13:26:03,0.55,50,90150
20240219,13:26:04,0.55,50,90150
20240219,13:26:04,0.5,200,90150
20240219,13:26:05,0.55,50,90150
20240219,13:26:06,0.55,50,90150
20240219,13:26:07,0.55,50,90150
20240219,13:26:08,0.55,50,90150
20240219,13:26:09,0.55,50,90150
20240219,13:26:10,0.55,50,90150
20240219,13:26:11,0.55,50,90150
20240219,13:26:12,0.55,50,90150
20240219,13:26:13,0.55,50,90150
20240219,13:26:14,0.55,50,90150
20240219,13:26:15,0.55,50,90150
20240219,13:26:16,0.55,50,90150
20240219,13:26:17,0.55,50,90150
20240219,13:26:18,0.55,50,90150
20240219,13:26:19,0.55,50,90150
20240219,13:26:20,0.55,50,90150
20240219,13:26:21,0.55,50,90150
20240219,13:26:22,0.55,50,90150
20240219,13:26:23,0.55,50,90150
20240219,13:26:24,0.55,50,90150
20240219,13:26:25,0.55,50,90150
20240219,13:26:26,0.55,50,90150
20240219,13:26:27,0.55,50,90150
20240219,13:26:28,0.55,50,90150
20240219,13:26:29,0.55,50,90150
20240219,13:26:30,0.55,50,90150
20240219,13:26:31,0.55,50,90150
20240219,13:26:32,0.55,50,90150
20240219,13:26:33,0.55,50,90150
20240219,13:26:34,0.55,50,90150
20240219,13:26:35,0.55,50,90150
20240219,13:26:36,0.55,50,90150
20240219,13:26:37,0.55,50,90150
20240219,13:26:38,0.55,50,90150
20240219,13:26:39,0.55,50,90150
20240219,13:26:40,0.55,50,90150
20240219,13:26:41,0.55,50,90150
20240219,13:26:42,0.55,50,90150
20240219,13:26:44,0.55,100,90150
20240219,13:26:45,0.55,50,90150
20240219,13:26:46,0.55,50,90150
20240219,13:26:47,0.55,50,90150
20240219,13:26:48,0.55,50,90150
20240219,13:26:49,0.55,50,90150
20240219,13:27:01,0.55,50,90150
20240219,13:27:02,0.55,50,90150
20240219,13:27:03,0.55,50,90150
20240219,13:27:06,0.55,50,90150
20240219,13:27:37,0.5,50,90150
20240219,13:27:38,0.5,50,90150
20240219,13:27:39,0.5,50,90150
20240219,13:27:40,0.5,50,90150
20240219,13:27:41,0.5,50,90150
20240219,13:27:42,0.5,50,90150
20240219,13:27:49,0.5,50,90150
20240219,13:27:50,0.5,50,90150
20240219,13:27:51,0.5,50,90150
20240219,13:27:52,0.5,50,90150
20240219,13:28:19,0.5,50,90150
20240219,13:28:20,0.5,50,94800
20240219,13:28:21,0.5,50,94800
20240219,13:28:22,0.5,200,94800
20240219,13:28:23,0.5,200,94800
20240219,13:28:24,0.5,200,94800
20240219,13:28:25,0.5,200,94800
20240219,13:28:26,0.5,200,94800
20240219,13:28:27,0.5,200,94800
20240219,13:28:28,0.5,200,94800
20240219,13:28:29,0.5,200,94800
20240219,13:28:30,0.5,200,94800
20240219,13:28:31,0.5,200,94800
20240219,13:28:32,0.5,200,94800
20240219,13:28:33,0.5,200,94800
20240219,13:28:34,0.5,200,94800
20240219,13:28:35,0.5,250,94800
20240219,13:28:36,0.5,250,94800
20240219,13:28:37,0.5,200,94800
20240219,13:28:38,0.5,200,94800
20240219,13:28:39,0.5,200,94800
20240219,13:28:40,0.5,200,94800
20240219,13:28:41,0.5,200,94800
20240219,13:28:42,0.5,200,94800
20240219,13:28:43,0.5,200,94800
20240219,13:28:44,0.5,200,94800
20240219,13:28:45,0.5,200,94800
20240219,13:28:46,0.5,200,94800
20240219,13:28:47,0.5,200,94800
20240219,13:28:48,0.5,200,94800
20240219,13:28:49,0.5,200,94800
20240219,13:28:50,0.5,200,94800
20240219,13:28:51,0.5,200,94800
20240219,13:28:52,0.5,200,94800
20240219,13:28:53,0.5,200,94800
20240219,13:28:54,0.5,200,94800
20240219,13:28:55,0.5,200,94800
20240219,13:28:56,0.55,50,94800
20240219,13:29:22,0.55,50,94800
20240219,13:29:55,0.55,50,94800
20240219,13:30:28,0.5,50,94800
20240219,13:30:37,0.55,50,94800
20240219,13:30:38,0.55,100,94800
20240219,13:30:39,0.55,100,94800
20240219,13:30:40,0.55,150,94800
20240219,13:30:41,0.55,150,94800
20240219,13:30:46,0.55,50,94800
20240219,13:31:58,0.5,150,94800
20240219,13:32:17,0.55,50,90050
20240219,13:33:31,0.55,100,90050
20240219,13:33:36,0.5,50,90050
20240219,13:34:37,0.5,150,90050
20240219,13:35:12,0.55,150,90000
20240219,13:35:14,0.55,50,90000
20240219,13:35:15,0.55,50,90000
20240219,13:35:16,0.55,50,90000
20240219,13:35:17,0.55,50,90000
20240219,13:35:18,0.55,150,90000
20240219,13:35:19,0.55,150,90000
20240219,13:35:20,0.55,200,90000
20240219,13:35:25,0.55,50,90000
20240219,13:35:28,0.55,50,90000
20240219,13:35:31,0.55,50,90000
20240219,13:35:32,0.55,50,90000
20240219,13:35:33,0.55,50,90000
20240219,13:35:34,0.55,50,90000
20240219,13:35:35,0.55,50,90000
20240219,13:35:36,0.55,50,90000
20240219,13:35:37,0.55,50,90000
20240219,13:35:38,0.55,50,90000
20240219,13:35:39,0.55,50,90000
20240219,13:35:40,0.55,50,90000
20240219,13:35:41,0.55,50,90000
20240219,13:35:42,0.55,200,90000
20240219,13:35:43,0.55,200,90000
20240219,13:35:45,0.55,400,90000
20240219,13:35:46,0.55,200,90000
20240219,13:35:47,0.55,50,90000
20240219,13:35:49,0.55,50,90000
20240219,13:35:50,0.55,50,90000
20240219,13:35:51,0.55,50,90000
20240219,13:35:52,0.55,50,90000
20240219,13:35:53,0.55,50,90000
20240219,13:35:54,0.55,50,90000
20240219,13:35:55,0.55,50,90000
20240219,13:35:55,0.55,1800,90000
20240219,13:35:56,0.55,50,90000
20240219,13:35:57,0.55,1850,90000
20240219,13:35:58,0.55,1850,90000
20240219,13:35:59,0.55,50,90000
20240219,13:36:00,0.55,950,90000
20240219,13:36:01,0.55,50,90000
20240219,13:36:02,0.55,200,90000
20240219,13:36:03,0.55,200,90000
20240219,13:36:04,0.55,200,90000
20240219,13:36:05,0.55,500,90000
20240219,13:36:06,0.55,200,90000
20240219,13:36:07,0.55,1150,90000
20240219,13:36:08,0.55,50,90000
20240219,13:36:09,0.55,50,90000
20240219,13:36:10,0.55,50,90000
20240219,13:36:11,0.55,50,90000
20240219,13:36:12,0.55,150,90000
20240219,13:36:13,0.55,50,90000
20240219,13:36:14,0.55,50,90000
20240219,13:36:15,0.55,50,90000
20240219,13:36:16,0.55,900,90000
20240219,13:36:17,0.6,200,90000
20240219,13:36:18,0.55,350,90000
20240219,13:36:54,0.6,50,90000
20240219,13:36:59,0.55,150,90000
20240219,13:37:03,0.55,300,90000
20240219,13:37:11,0.6,100,88000
20240219,13:39:21,0.6,200,88000
20240219,13:39:24,0.55,50,88000
20240219,13:39:25,0.6,50,88000
20240219,13:39:34,0.6,100,88000
20240219,13:39:49,0.55,50,88000
20240219,13:40:21,0.6,50,88000
20240219,13:40:22,0.6,50,87900
20240219,13:40:23,0.6,50,87900
20240219,13:40:24,0.6,50,87900
20240219,13:40:25,0.6,50,87900
20240219,13:40:26,0.6,50,87900
20240219,13:40:27,0.6,50,87900
20240219,13:40:28,0.6,50,87900
20240219,13:40:29,0.6,50,87900
20240219,13:40:37,0.6,50,87900
20240219,13:40:38,0.6,50,87900
20240219,13:40:39,0.6,50,87900
20240219,13:40:41,0.6,50,87900
20240219,13:40:42,0.6,50,87900
20240219,13:40:43,0.6,50,87900
20240219,13:40:44,0.6,50,87900
20240219,13:40:45,0.6,50,87900
20240219,13:40:46,0.6,50,87900
20240219,13:40:47,0.6,50,87900
20240219,13:40:48,0.6,50,87900
20240219,13:41:14,0.55,50,87900
20240219,13:41:18,0.55,50,87900
20240219,13:41:28,0.6,50,87900
20240219,13:41:29,0.6,50,87900
20240219,13:41:30,0.6,50,87900
20240219,13:41:31,0.6,50,87900
20240219,13:41:32,0.6,50,87900
20240219,13:41:33,0.6,50,87900
20240219,13:41:34,0.6,50,87900
20240219,13:41:35,0.6,50,87900
20240219,13:41:36,0.6,50,87900
20240219,13:41:37,0.6,50,87900
20240219,13:41:38,0.6,50,87900
20240219,13:41:39,0.6,50,87900
20240219,13:41:40,0.6,50,87900
20240219,13:41:41,0.6,50,87900
20240219,13:41:42,0.6,50,87900
20240219,13:41:43,0.6,50,87900
20240219,13:41:44,0.6,250,87900
20240219,13:41:45,0.6,200,87900
20240219,13:41:46,0.6,200,87900
20240219,13:41:47,0.6,50,87900
20240219,13:41:48,0.6,50,87900
20240219,13:41:49,0.6,50,87900
20240219,13:41:50,0.6,200,87900
20240219,13:41:51,0.6,200,87900
20240219,13:41:52,0.6,200,87900
20240219,13:41:53,0.6,200,87900
20240219,13:41:58,0.6,50,87900
20240219,13:41:59,0.6,50,87900
20240219,13:42:00,0.6,50,87900
20240219,13:42:01,0.6,50,87900
20240219,13:42:02,0.6,50,87900
20240219,13:42:03,0.6,50,87900
20240219,13:42:04,0.6,50,87900
20240219,13:42:05,0.6,50,87900
20240219,13:42:06,0.6,50,87900
20240219,13:42:07,0.6,50,87900
20240219,13:42:08,0.6,50,87900
20240219,13:42:09,0.6,50,87900
20240219,13:42:45,0.6,50,87900
20240219,13:42:46,0.6,50,87900
20240219,13:42:47,0.6,50,87900
20240219,13:42:48,0.6,50,87900
20240219,13:42:49,0.6,50,87900
20240219,13:42:50,0.6,50,87900
20240219,13:42:51,0.6,50,87900
20240219,13:42:52,0.6,50,87900
20240219,13:42:53,0.6,50,87900
20240219,13:42:54,0.6,50,87900
20240219,13:42:55,0.6,50,87900
20240219,13:42:56,0.6,50,87900
20240219,13:42:57,0.6,50,87900
20240219,13:42:58,0.6,50,87900
20240219,13:42:59,0.6,50,87900
20240219,13:43:00,0.6,50,87900
20240219,13:43:01,0.6,50,87900
20240219,13:43:02,0.6,50,87900
20240219,13:43:03,0.6,200,87900
20240219,13:43:04,0.6,200,87900
20240219,13:43:05,0.6,50,87900
20240219,13:43:06,0.6,50,87900
20240219,13:43:07,0.6,50,87900
20240219,13:43:08,0.6,50,87900
20240219,13:43:09,0.6,50,87900
20240219,13:43:10,0.6,50,91100
20240219,13:43:11,0.6,50,91100
20240219,13:43:12,0.6,50,91100
20240219,13:43:13,0.6,50,91100
20240219,13:43:14,0.6,50,91100
20240219,13:43:15,0.6,200,91100
20240219,13:43:16,0.6,200,91100
20240219,13:43:38,0.6,50,91100
20240219,13:43:39,0.6,50,91100
20240219,13:43:40,0.6,50,91100
20240219,13:43:41,0.6,50,91100
20240219,13:43:42,0.6,50,91100
20240219,13:43:43,0.6,200,91100
20240219,13:43:44,0.6,200,91100
20240219,13:43:45,0.6,200,91100
20240219,13:43:45,0.55,50,91100
20240219,13:43:48,0.6,50,91100
20240219,13:43:49,0.6,50,91100
20240219,13:43:50,0.6,50,91100
20240219,13:43:51,0.6,50,91100
20240219,13:43:52,0.6,50,91100
20240219,13:43:53,0.6,50,91100
20240219,13:43:54,0.6,50,91100
20240219,13:43:55,0.6,50,91100
20240219,13:43:56,0.6,50,91100
20240219,13:43:57,0.6,50,91100
20240219,13:43:58,0.6,50,91100
20240219,13:43:59,0.6,50,91100
20240219,13:44:00,0.6,50,91100
20240219,13:44:01,0.6,50,91100
20240219,13:44:08,0.6,50,91100
20240219,13:44:09,0.6,50,91100
20240219,13:44:13,0.6,50,91100
20240219,13:44:14,0.6,50,91100
20240219,13:44:15,0.6,50,91100
20240219,13:44:16,0.6,50,91100
20240219,13:44:17,0.6,50,91100
20240219,13:45:02,0.6,100,91100
20240219,13:45:37,0.6,50,91100
20240219,13:45:47,0.55,1650,91100
20240219,13:46:37,0.55,100,92300
20240219,13:46:40,0.6,50,92300
20240219,13:46:42,0.6,50,92300
20240219,13:46:43,0.6,50,92300
20240219,13:46:44,0.6,50,92300
20240219,13:46:45,0.6,50,92300
20240219,13:46:51,0.6,50,92300
20240219,13:46:52,0.6,50,92300
20240219,13:46:52,0.55,100,92300
20240219,13:46:53,0.55,700,92300
20240219,13:46:55,0.6,250,92300
20240219,13:46:56,0.6,50,92300
20240219,13:46:57,0.6,100,92300
20240219,13:46:58,0.6,50,92300
20240219,13:46:59,0.6,50,92300
20240219,13:47:00,0.6,50,92300
20240219,13:47:01,0.6,50,92300
20240219,13:47:02,0.6,50,92300
20240219,13:47:03,0.6,200,92300
20240219,13:47:04,0.6,300,92300
20240219,13:47:05,0.6,100,92300
20240219,13:47:06,0.55,100,92300
20240219,13:47:07,0.6,50,92300
20240219,13:47:08,0.6,50,92300
20240219,13:47:09,0.6,50,92300
20240219,13:47:10,0.6,200,92300
20240219,13:47:11,0.6,200,92300
20240219,13:47:12,0.6,200,92300
20240219,13:47:13,0.6,200,92300
20240219,13:47:15,0.6,50,92300
20240219,13:47:16,0.6,50,92300
20240219,13:47:17,0.6,50,92300
20240219,13:47:18,0.6,50,92300
20240219,13:47:19,0.6,50,92300
20240219,13:47:20,0.6,50,92300
20240219,13:47:21,0.6,50,92300
20240219,13:47:22,0.6,50,92300
20240219,13:47:23,0.6,50,92300
20240219,13:47:24,0.6,50,92300
20240219,13:47:25,0.6,50,92300
20240219,13:47:26,0.6,50,92300
20240219,13:47:27,0.6,50,92300
20240219,13:47:28,0.6,50,92300
20240219,13:47:29,0.6,50,92300
20240219,13:47:30,0.6,50,92300
20240219,13:47:31,0.6,50,92300
20240219,13:47:32,0.6,50,92300
20240219,13:47:33,0.6,50,92300
20240219,13:47:34,0.6,50,92300
20240219,13:47:35,0.6,50,92300
20240219,13:47:36,0.6,50,92300
20240219,13:47:37,0.6,50,92300
20240219,13:47:38,0.6,50,92300
20240219,13:47:44,0.6,50,92300
20240219,13:48:32,0.6,50,92300
20240219,13:49:15,0.55,200,95300
20240219,13:49:23,0.6,1000,95300
20240219,13:49:35,0.6,50,95300
20240219,13:49:56,0.6,200,95300
20240219,13:50:07,0.55,50,95300
20240219,13:50:08,0.55,50,95300
20240219,13:50:09,0.55,100,95300
20240219,13:50:10,0.55,200,95300
20240219,13:50:11,0.55,200,95300
20240219,13:50:12,0.55,200,95300
20240219,13:50:13,0.55,200,95300
20240219,13:50:14,0.55,200,95300
20240219,13:50:15,0.55,50,95300
20240219,13:50:16,0.55,50,95300
20240219,13:50:17,0.55,50,95300
20240219,13:50:18,0.55,50,95300
20240219,13:50:19,0.55,50,95300
20240219,13:50:20,0.55,50,95300
20240219,13:50:21,0.55,200,95300
20240219,13:50:22,0.55,200,95300
20240219,13:50:23,0.55,200,95300
20240219,13:50:24,0.55,50,95300
20240219,13:50:25,0.55,50,95300
20240219,13:50:26,0.55,50,95300
20240219,13:50:27,0.55,50,95300
20240219,13:50:28,0.55,50,95300
20240219,13:50:29,0.55,50,95300
20240219,13:50:30,0.55,50,95300
20240219,13:50:31,0.55,50,95300
20240219,13:50:32,0.55,50,95300
20240219,13:50:33,0.55,50,95300
20240219,13:50:34,0.55,50,95300
20240219,13:50:35,0.55,50,95300
20240219,13:50:36,0.55,50,95300
20240219,13:50:37,0.55,200,95300
20240219,13:50:38,0.55,200,95300
20240219,13:50:39,0.55,200,95300
20240219,13:50:43,0.55,50,95300
20240219,13:50:44,0.55,50,95300
20240219,13:50:45,0.55,50,95300
20240219,13:50:46,0.55,50,95300
20240219,13:50:47,0.55,50,95300
20240219,13:50:48,0.55,200,95300
20240219,13:50:49,0.55,200,95300
20240219,13:50:50,0.55,200,95300
20240219,13:50:51,0.55,200,95300
20240219,13:50:52,0.55,200,95300
20240219,13:50:53,0.55,200,95300
20240219,13:50:54,0.55,200,95300
20240219,13:50:55,0.55,200,95300
20240219,13:50:56,0.55,200,95300
20240219,13:51:03,0.55,50,95300
20240219,13:51:04,0.55,50,95300
20240219,13:51:05,0.55,50,95300
20240219,13:51:06,0.55,50,95300
20240219,13:51:07,0.55,50,95300
20240219,13:51:08,0.55,200,95300
20240219,13:51:09,0.55,200,95300
20240219,13:51:10,0.55,200,95300
20240219,13:51:11,0.55,200,95300
20240219,13:51:12,0.55,200,95300
20240219,13:51:13,0.55,200,95300
20240219,13:51:14,0.55,200,95300
20240219,13:51:15,0.55,200,95300
20240219,13:51:22,0.55,50,95300
20240219,13:51:23,0.55,50,95300
20240219,13:51:24,0.55,50,95300
20240219,13:51:25,0.55,50,95300
20240219,13:51:26,0.55,50,95300
20240219,13:51:29,0.55,50,95300
20240219,13:51:33,0.55,50,95300
20240219,13:51:34,0.55,50,95300
20240219,13:51:35,0.55,50,95300
20240219,13:51:36,0.55,50,95300
20240219,13:51:37,0.55,50,95300
20240219,13:51:38,0.55,50,95300
20240219,13:51:39,0.55,50,95300
20240219,13:51:40,0.5,750,95300
20240219,13:51:41,0.5,50,95300
20240219,13:51:42,0.5,50,95300
20240219,13:51:43,0.5,50,95300
20240219,13:51:44,0.5,200,95300
20240219,13:51:45,0.5,250,95300
20240219,13:51:46,0.5,50,95300
20240219,13:51:47,0.5,50,95300
20240219,13:51:48,0.5,50,95300
20240219,13:51:49,0.5,50,95300
20240219,13:51:50,0.5,50,95300
20240219,13:51:51,0.5,50,95300
20240219,13:51:52,0.5,50,95300
20240219,13:51:53,0.5,50,95300
20240219,13:51:54,0.5,50,95300
20240219,13:51:55,0.5,50,95300
20240219,13:51:56,0.5,150,95300
20240219,13:51:57,0.5,50,95300
20240219,13:52:04,0.5,50,95300
20240219,13:52:05,0.5,50,95300
20240219,13:52:06,0.5,150,95300
20240219,13:52:14,0.5,50,90850
20240219,13:52:25,0.55,100,90850
20240219,13:53:00,0.5,50,90850
20240219,13:53:01,0.5,200,90850
20240219,13:53:02,0.5,200,90850
20240219,13:53:03,0.5,200,90850
20240219,13:53:04,0.5,200,90850
20240219,13:53:05,0.5,200,90850
20240219,13:53:06,0.5,50,90850
20240219,13:53:07,0.5,50,90850
20240219,13:53:08,0.5,50,90850
20240219,13:53:09,0.5,50,90850
20240219,13:53:10,0.5,50,90850
20240219,13:53:11,0.5,50,90850
20240219,13:53:12,0.5,50,90850
20240219,13:53:13,0.5,50,90850
20240219,13:53:14,0.5,50,90850
20240219,13:53:15,0.5,50,90850
20240219,13:54:05,0.5,50,90850
20240219,13:54:32,0.5,50,90850
20240219,13:54:33,0.5,50,90850
20240219,13:54:34,0.5,50,90850
20240219,13:54:35,0.5,50,90850
20240219,13:54:36,0.5,200,90850
20240219,13:54:37,0.5,200,90850
20240219,13:54:40,0.5,50,90850
20240219,13:54:41,0.5,50,90850
20240219,13:54:42,0.5,50,90850
20240219,13:54:43,0.5,50,90850
20240219,13:54:44,0.5,50,90850
20240219,13:54:45,0.5,50,90850
20240219,13:54:46,0.5,50,90850
20240219,13:54:47,0.5,50,90850
20240219,13:54:48,0.5,200,90850
20240219,13:54:49,0.5,200,90850
20240219,13:54:50,0.5,150,90850
20240219,13:55:05,0.5,150,90850
20240219,13:55:06,0.5,150,90850
20240219,13:55:54,0.55,150,87450
20240219,13:56:03,0.5,150,87450
20240219,13:56:04,0.5,200,87450
20240219,13:56:05,0.5,150,87450
20240219,13:56:06,0.5,150,87450
20240219,13:56:10,0.5,150,87450
20240219,13:56:11,0.5,150,87450
20240219,13:56:12,0.5,150,87450
20240219,13:56:13,0.55,50,87450
20240219,13:56:27,0.55,350,87450
20240219,13:59:11,0.5,150,87450
20240219,13:59:12,0.5,150,86750
20240219,13:59:13,0.5,150,86750
20240219,13:59:31,0.5,150,86750
20240219,13:59:32,0.5,150,86750
20240219,14:00:34,0.5,150,86750
20240219,14:00:35,0.5,150,86750
20240219,14:00:36,0.5,150,86750
20240219,14:00:37,0.5,150,86750
20240219,14:00:38,0.5,150,86750
20240219,14:00:39,0.5,150,86750
20240219,14:00:40,0.5,150,86750
20240219,14:00:41,0.5,150,86750
20240219,14:00:42,0.5,150,86750
20240219,14:00:43,0.5,150,86750
20240219,14:00:44,0.5,150,86750
20240219,14:00:45,0.5,150,86750
20240219,14:00:46,0.5,150,86750
20240219,14:00:47,0.5,150,86750
20240219,14:00:48,0.5,150,86750
20240219,14:00:49,0.5,150,86750
20240219,14:00:50,0.5,150,86750
20240219,14:00:51,0.5,150,86750
20240219,14:00:52,0.5,150,86750
20240219,14:01:04,0.5,50,86750
20240219,14:01:05,0.5,150,86750
20240219,14:01:06,0.5,150,86750
20240219,14:01:07,0.5,150,86750
20240219,14:01:44,0.55,50,84050
20240219,14:03:11,0.55,1800,84050
20240219,14:03:12,0.55,1800,84050
20240219,14:03:16,0.5,1800,84050
20240219,14:03:19,0.55,1800,84050
20240219,14:03:37,0.55,50,84050
20240219,14:03:38,0.55,50,84050
20240219,14:03:39,0.55,50,84050
20240219,14:03:40,0.55,50,84050
20240219,14:03:41,0.55,50,84050
20240219,14:03:42,0.55,50,84050
20240219,14:03:43,0.55,50,84050
20240219,14:03:44,0.55,50,84050
20240219,14:03:45,0.55,50,84050
20240219,14:03:46,0.55,50,84050
20240219,14:03:47,0.55,50,84050
20240219,14:03:48,0.55,50,84050
20240219,14:03:49,0.55,50,84050
20240219,14:03:50,0.55,50,84050
20240219,14:03:51,0.55,50,84050
20240219,14:03:52,0.55,50,84050
20240219,14:03:53,0.55,50,84050
20240219,14:03:56,0.55,50,84050
20240219,14:03:57,0.55,50,84050
20240219,14:03:58,0.55,50,84050
20240219,14:03:59,0.55,50,84050
20240219,14:04:00,0.55,50,84050
20240219,14:04:01,0.55,50,84050
20240219,14:04:02,0.55,50,84050
20240219,14:04:03,0.55,50,84050
20240219,14:04:04,0.55,50,84050
20240219,14:04:05,0.55,50,84050
20240219,14:04:06,0.55,50,84050
20240219,14:04:07,0.55,50,84050
20240219,14:04:08,0.55,50,84050
20240219,14:04:23,0.55,50,92800
20240219,14:04:30,0.5,50,92800
20240219,14:04:32,0.55,500,92800
20240219,14:04:38,0.55,50,92800
20240219,14:04:44,0.5,50,92800
20240219,14:04:47,0.55,2550,92800
20240219,14:04:50,0.55,50,92800
20240219,14:04:51,0.55,50,92800
20240219,14:04:52,0.55,50,92800
20240219,14:04:53,0.55,50,92800
20240219,14:04:54,0.55,50,92800
20240219,14:04:55,0.55,50,92800
20240219,14:04:56,0.55,50,92800
20240219,14:04:57,0.55,50,92800
20240219,14:04:58,0.55,50,92800
20240219,14:04:59,0.55,100,92800
20240219,14:05:00,0.55,50,92800
20240219,14:05:01,0.55,50,92800
20240219,14:05:02,0.55,50,92800
20240219,14:05:03,0.55,50,92800
20240219,14:05:04,0.55,100,92800
20240219,14:05:05,0.55,50,92800
20240219,14:05:06,0.55,50,92800
20240219,14:05:07,0.55,50,92800
20240219,14:05:08,0.55,50,92800
20240219,14:05:09,0.55,50,92800
20240219,14:05:12,0.55,50,92800
20240219,14:05:13,0.55,100,92800
20240219,14:05:14,0.55,50,92800
20240219,14:05:15,0.55,50,92800
20240219,14:05:16,0.55,50,92800
20240219,14:05:17,0.55,50,92800
20240219,14:05:18,0.55,50,92800
20240219,14:05:19,0.55,50,92800
20240219,14:05:23,0.55,50,92800
20240219,14:05:25,0.55,50,92800
20240219,14:05:25,0.55,1200,92800
20240219,14:05:28,0.55,100,92800
20240219,14:05:29,0.55,50,92800
20240219,14:05:30,0.55,50,92800
20240219,14:05:31,0.6,650,92800
20240219,14:05:32,0.6,50,92800
20240219,14:05:37,0.6,50,92800
20240219,14:05:38,0.6,50,92800
20240219,14:05:39,0.6,50,92800
20240219,14:05:40,0.6,50,92800
20240219,14:05:41,0.6,50,92800
20240219,14:05:42,0.6,50,92800
20240219,14:05:43,0.6,50,92800
20240219,14:05:44,0.6,50,92800
20240219,14:05:45,0.6,50,92800
20240219,14:05:46,0.6,50,92800
20240219,14:05:47,0.6,50,92800
20240219,14:05:48,0.6,50,92800
20240219,14:05:49,0.6,50,92800
20240219,14:05:50,0.6,50,92800
20240219,14:05:51,0.6,50,92800
20240219,14:05:52,0.6,50,92800
20240219,14:05:53,0.6,50,92800
20240219,14:05:54,0.6,50,92800
20240219,14:05:56,0.6,50,92800
20240219,14:05:57,0.6,50,92800
20240219,14:05:57,0.6,100,92800
20240219,14:05:58,0.6,50,92800
20240219,14:05:59,0.6,50,92800
20240219,14:06:00,0.6,50,92800
20240219,14:06:01,0.6,50,92800
20240219,14:06:02,0.6,2600,92800
20240219,14:06:03,0.6,50,92800
20240219,14:06:04,0.6,50,92800
20240219,14:06:05,0.6,50,92800
20240219,14:06:06,0.6,100,92800
20240219,14:06:07,0.6,50,92800
20240219,14:06:08,0.6,50,92800
20240219,14:06:09,0.6,50,92800
20240219,14:06:10,0.6,50,92800
20240219,14:06:11,0.55,50,92800
20240219,14:06:13,0.55,900,92800
20240219,14:06:14,0.55,600,92800
20240219,14:06:17,0.55,50,92800
20240219,14:06:18,0.55,50,92800
20240219,14:06:19,0.55,50,92800
20240219,14:06:20,0.55,50,92800
20240219,14:06:21,0.55,50,92800
20240219,14:06:22,0.55,100,92800
20240219,14:06:23,0.55,50,92800
20240219,14:06:24,0.55,50,92800
20240219,14:06:25,0.55,50,92800
20240219,14:06:26,0.55,50,92800
20240219,14:06:27,0.55,100,92800
20240219,14:06:28,0.55,1100,92800
20240219,14:06:29,0.6,50,92800
20240219,14:06:30,0.6,50,92800
20240219,14:06:31,0.6,50,92800
20240219,14:06:32,0.6,100,92800
20240219,14:06:33,0.6,100,92800
20240219,14:06:34,0.6,100,92800
20240219,14:06:38,0.6,50,92800
20240219,14:06:44,0.6,50,92800
20240219,14:06:45,0.6,50,92800
20240219,14:06:46,0.6,50,92800
20240219,14:06:47,0.6,50,92800
20240219,14:06:48,0.6,50,92800
20240219,14:06:49,0.6,50,92800
20240219,14:06:50,0.6,50,92800
20240219,14:06:51,0.6,50,92800
20240219,14:06:52,0.6,50,92800
20240219,14:06:53,0.6,50,92800
20240219,14:07:20,0.55,50,94750
20240219,14:07:52,0.6,750,94750
20240219,14:07:57,0.6,150,94750
20240219,14:08:02,0.55,50,94750
20240219,14:08:05,0.6,50,94750
20240219,14:08:11,0.6,50,94750
20240219,14:08:12,0.6,50,94750
20240219,14:08:13,0.6,50,94750
20240219,14:08:14,0.6,50,94750
20240219,14:08:15,0.6,50,94750
20240219,14:08:16,0.6,50,94750
20240219,14:08:17,0.6,100,94750
20240219,14:08:18,0.6,150,94750
20240219,14:08:19,0.6,50,94750
20240219,14:08:20,0.6,50,94750
20240219,14:08:21,0.6,50,94750
20240219,14:08:22,0.55,50,94750
20240219,14:08:48,0.6,50,94750
20240219,14:09:06,0.6,50,94750
20240219,14:09:07,0.6,50,94750
20240219,14:09:08,0.6,50,94750
20240219,14:09:09,0.6,50,94750
20240219,14:09:10,0.6,50,94750
20240219,14:09:13,0.6,50,94750
20240219,14:09:15,0.6,50,94750
20240219,14:09:16,0.6,50,94750
20240219,14:09:17,0.6,50,94750
20240219,14:09:18,0.6,50,94750
20240219,14:09:19,0.6,50,94750
20240219,14:09:20,0.6,50,94750
20240219,14:09:21,0.6,50,94750
20240219,14:09:22,0.6,50,94750
20240219,14:09:23,0.6,50,94750
20240219,14:09:24,0.6,50,94750
20240219,14:09:25,0.6,50,94750
20240219,14:09:26,0.6,50,94750
20240219,14:09:27,0.6,400,94750
20240219,14:09:28,0.6,50,94750
20240219,14:09:29,0.6,50,94750
20240219,14:09:30,0.6,50,94750
20240219,14:09:40,0.55,100,94750
20240219,14:09:44,0.55,50,94750
20240219,14:10:03,0.6,1000,94750
20240219,14:10:32,0.55,50,94750
20240219,14:10:33,0.55,50,95600
20240219,14:10:34,0.55,200,95600
20240219,14:10:35,0.55,200,95600
20240219,14:10:36,0.55,200,95600
20240219,14:10:37,0.55,200,95600
20240219,14:10:38,0.55,150,95600
20240219,14:10:39,0.55,150,95600
20240219,14:10:40,0.55,150,95600
20240219,14:10:43,0.55,150,95600
20240219,14:10:44,0.55,150,95600
20240219,14:10:45,0.55,150,95600
20240219,14:10:46,0.55,150,95600
20240219,14:10:47,0.55,150,95600
20240219,14:10:48,0.55,150,95600
20240219,14:10:49,0.55,150,95600
20240219,14:10:50,0.55,150,95600
20240219,14:10:51,0.55,150,95600
20240219,14:10:52,0.55,150,95600
20240219,14:10:53,0.55,150,95600
20240219,14:10:54,0.55,150,95600
20240219,14:10:56,0.55,400,95600
20240219,14:10:57,0.55,150,95600
20240219,14:10:58,0.55,150,95600
20240219,14:10:59,0.55,150,95600
20240219,14:11:00,0.55,1650,95600
20240219,14:11:01,0.55,150,95600
20240219,14:11:02,0.55,150,95600
20240219,14:11:03,0.55,150,95600
20240219,14:11:04,0.55,50,95600
20240219,14:11:05,0.55,50,95600
20240219,14:11:06,0.5,200,95600
20240219,14:11:07,0.5,150,95600
20240219,14:11:08,0.5,150,95600
20240219,14:11:09,0.5,150,95600
20240219,14:11:10,0.5,150,95600
20240219,14:11:11,0.5,150,95600
20240219,14:11:20,0.55,50,95600
20240219,14:11:32,0.55,50,95600
20240219,14:11:44,0.55,50,95600
20240219,14:12:50,0.55,100,95600
20240219,14:12:59,0.55,1500,95600
20240219,14:13:01,0.55,1500,95600
20240219,14:14:03,0.5,50,95600
20240219,14:14:03,0.55,50,98500
20240219,14:14:30,0.5,50,98500
20240219,14:16:20,0.55,50,98500
20240219,14:16:21,0.55,50,98450
20240219,14:16:22,0.55,50,98450
20240219,14:16:23,0.55,50,98450
20240219,14:16:24,0.55,50,98450
20240219,14:16:25,0.55,50,98450
20240219,14:16:26,0.55,50,98450
20240219,14:16:27,0.55,50,98450
20240219,14:16:28,0.55,50,98450
20240219,14:16:29,0.55,50,98450
20240219,14:16:30,0.55,50,98450
20240219,14:16:31,0.55,50,98450
20240219,14:16:32,0.55,50,98450
20240219,14:16:33,0.55,100,98450
20240219,14:16:34,0.55,100,98450
20240219,14:16:35,0.55,100,98450
20240219,14:16:38,0.55,50,98450
20240219,14:16:40,0.55,50,98450
20240219,14:16:41,0.55,50,98450
20240219,14:16:42,0.55,700,98450
20240219,14:16:43,0.55,50,98450
20240219,14:16:44,0.55,950,98450
20240219,14:16:45,0.55,100,98450
20240219,14:16:47,0.55,50,98450
20240219,14:16:48,0.6,50,98450
20240219,14:16:49,0.6,50,98450
20240219,14:16:50,0.6,100,98450
20240219,14:16:52,0.6,50,98450
20240219,14:16:53,0.6,50,98450
20240219,14:16:54,0.6,50,98450
20240219,14:16:55,0.6,50,98450
20240219,14:16:56,0.6,50,98450
20240219,14:16:57,0.6,50,98450
20240219,14:16:58,0.6,50,98450
20240219,14:16:59,0.6,50,98450
20240219,14:17:00,0.6,50,98450
20240219,14:17:01,0.6,50,98450
20240219,14:17:02,0.6,50,98450
20240219,14:17:03,0.6,50,98450
20240219,14:17:04,0.6,50,98450
20240219,14:17:05,0.6,50,98450
20240219,14:17:06,0.6,50,98450
20240219,14:17:07,0.6,50,98450
20240219,14:17:08,0.6,50,98450
20240219,14:17:09,0.6,50,98450
20240219,14:17:10,0.6,50,98450
20240219,14:17:11,0.6,100,98450
20240219,14:17:12,0.6,100,98450
20240219,14:17:13,0.6,150,98450
20240219,14:17:14,0.6,50,98450
20240219,14:17:15,0.6,50,98450
20240219,14:17:16,0.6,50,98450
20240219,14:17:17,0.6,50,98450
20240219,14:17:18,0.6,50,98450
20240219,14:17:19,0.6,50,98450
20240219,14:17:20,0.6,50,98450
20240219,14:17:21,0.6,50,98450
20240219,14:17:22,0.6,50,98450
20240219,14:17:23,0.6,50,98450
20240219,14:17:24,0.6,50,98450
20240219,14:17:25,0.6,50,98450
20240219,14:17:26,0.6,50,98450
20240219,14:17:27,0.6,50,98450
20240219,14:17:28,0.6,50,98450
20240219,14:17:29,0.6,50,98450
20240219,14:17:30,0.6,50,98450
20240219,14:17:31,0.6,50,98450
20240219,14:17:32,0.6,50,98450
20240219,14:17:33,0.6,50,98450
20240219,14:17:34,0.6,150,98450
20240219,14:17:35,0.6,150,98450
20240219,14:17:36,0.6,150,98450
20240219,14:17:37,0.6,150,98450
20240219,14:17:38,0.6,150,98450
20240219,14:17:40,0.6,50,98450
20240219,14:17:41,0.6,50,98450
20240219,14:17:42,0.6,50,98450
20240219,14:17:43,0.6,50,98450
20240219,14:17:44,0.6,50,98450
20240219,14:17:45,0.6,50,98450
20240219,14:17:46,0.6,50,98450
20240219,14:17:47,0.6,50,98450
20240219,14:17:48,0.6,50,98450
20240219,14:17:53,0.6,50,98450
20240219,14:17:54,0.6,50,98450
20240219,14:17:55,0.6,50,98450
20240219,14:17:56,0.6,50,98450
20240219,14:17:57,0.6,50,98450
20240219,14:17:58,0.6,50,98450
20240219,14:17:59,0.6,50,98450
20240219,14:18:00,0.6,150,98450
20240219,14:18:01,0.6,150,98450
20240219,14:18:02,0.6,150,98450
20240219,14:18:03,0.6,100,98450
20240219,14:18:05,0.6,50,98450
20240219,14:18:28,0.6,50,98450
20240219,14:18:49,0.6,50,98450
20240219,14:18:55,0.55,50,98450
20240219,14:19:15,0.6,50,103800
20240219,14:19:16,0.6,50,103800
20240219,14:19:17,0.6,50,103800
20240219,14:19:18,0.6,50,103800
20240219,14:19:19,0.6,50,103800
20240219,14:19:20,0.6,50,103800
20240219,14:19:21,0.6,50,103800
20240219,14:19:22,0.6,150,103800
20240219,14:19:23,0.6,150,103800
20240219,14:19:24,0.6,50,103800
20240219,14:19:25,0.6,50,103800
20240219,14:19:26,0.6,50,103800
20240219,14:19:27,0.6,50,103800
20240219,14:19:28,0.6,50,103800
20240219,14:19:29,0.6,50,103800
20240219,14:19:30,0.6,50,103800
20240219,14:19:31,0.6,150,103800
20240219,14:19:32,0.6,150,103800
20240219,14:19:33,0.6,150,103800
20240219,14:19:34,0.6,150,103800
20240219,14:19:35,0.6,50,103800
20240219,14:19:36,0.6,50,103800
20240219,14:19:37,0.6,50,103800
20240219,14:19:38,0.6,50,103800
20240219,14:19:39,0.6,50,103800
20240219,14:20:08,0.55,100,103800
20240219,14:20:40,0.55,50,103800
20240219,14:21:26,0.6,50,103800
20240219,14:21:29,0.6,50,103800
20240219,14:21:30,0.6,50,103800
20240219,14:21:30,0.55,1200,103800
20240219,14:21:31,0.6,50,103800
20240219,14:21:35,0.6,50,103800
20240219,14:21:36,0.6,50,103800
20240219,14:21:37,0.6,50,103800
20240219,14:21:38,0.6,50,103800
20240219,14:21:39,0.6,50,103800
20240219,14:21:40,0.6,50,103800
20240219,14:21:41,0.6,50,103800
20240219,14:21:42,0.6,50,103800
20240219,14:21:43,0.6,50,103800
20240219,14:21:44,0.6,50,103800
20240219,14:21:45,0.6,50,103800
20240219,14:21:46,0.6,50,103800
20240219,14:21:47,0.6,50,103800
20240219,14:21:48,0.6,50,103800
20240219,14:21:49,0.6,50,103800
20240219,14:22:25,0.55,100,103800
20240219,14:22:36,0.6,50,105100
20240219,14:22:37,0.6,50,105100
20240219,14:22:38,0.6,50,105100
20240219,14:22:39,0.6,150,105100
20240219,14:22:40,0.6,150,105100
20240219,14:22:41,0.6,150,105100
20240219,14:22:42,0.6,50,105100
20240219,14:22:43,0.6,50,105100
20240219,14:22:44,0.6,50,105100
20240219,14:22:45,0.6,50,105100
20240219,14:22:46,0.6,50,105100
20240219,14:22:47,0.6,50,105100
20240219,14:22:48,0.6,150,105100
