date,time,tick_price,volume,open_interest
20240208,14:06:08,588.9,50,50
20240209,14:12:30,588.0,1,50
20240209,14:12:30,588.0,50,50
20240209,14:12:52,582.8,50,50
20240209,15:29:44,572.0,50,100
20240213,10:58:46,622.95,1,150
20240213,10:58:46,622.95,200,150
20240213,11:00:10,615.0,100,150
20240213,11:00:12,615.0,400,150
20240213,11:46:32,615.0,200,850
20240213,15:00:55,630.95,50,650
20240213,15:01:07,580.4,50,650
20240213,15:01:17,582.65,50,650
20240213,15:01:27,584.2,50,800
20240213,15:01:39,583.0,50,800
20240214,09:51:38,750.05,1,900
20240214,09:51:38,750.05,500,900
20240214,12:48:48,668.75,50,500
20240214,12:50:03,667.85,50,550
20240214,14:10:50,640.9,50,550
20240214,14:29:56,579.0,50,600
20240214,14:34:08,519.9,50,650
20240214,14:38:16,519.9,50,650
20240214,14:38:27,515.9,50,700
20240214,14:39:15,515.9,50,700
20240214,14:59:17,489.45,400,850
20240214,15:00:50,468.6,50,850
20240214,15:00:52,468.6,50,850
20240214,15:06:03,487.5,100,1250
20240214,15:14:37,509.2,100,1350
20240214,15:18:44,494.65,50,1350
20240214,15:23:05,494.65,50,1300
20240214,15:23:07,492.55,50,1300
20240215,09:16:31,450.0,1,1400
20240215,09:16:31,450.05,150,1400
20240215,09:16:48,452.95,50,1400
20240215,09:19:40,460.5,50,1500
20240215,09:19:52,472.95,200,1500
20240215,09:20:00,470.0,50,1500
20240215,09:20:02,468.55,150,1500
20240215,09:25:42,469.0,200,1700
20240215,09:30:36,491.05,150,1700
20240215,09:35:03,515.0,50,1850
20240215,09:35:21,515.0,50,1850
20240215,09:36:01,515.0,400,1850
20240215,09:41:11,520.0,50,1950
20240215,09:48:23,520.0,50,1900
20240215,09:48:24,460.35,250,1900
20240215,09:48:54,471.1,150,1850
20240215,09:49:09,475.7,550,1850
20240215,09:51:59,485.95,200,2350
20240215,09:53:16,486.05,50,2350
20240215,09:53:38,484.2,50,2350
20240215,09:53:59,486.85,50,2350
20240215,09:55:15,532.85,150,2700
20240215,09:59:46,536.85,150,2550
20240215,10:00:05,545.35,400,2550
20240215,10:06:43,545.35,250,2150
20240215,10:13:00,485.25,100,2000
20240215,10:14:12,472.35,150,2000
20240215,10:16:02,463.55,50,2150
20240215,10:18:17,466.75,100,2150
20240215,10:18:24,468.6,50,2150
20240215,10:21:02,470.85,400,2250
20240215,10:30:02,478.95,100,2450
20240215,10:42:14,480.15,500,2550
20240215,10:44:05,481.8,900,3050
20240215,10:44:30,482.1,100,3050
20240215,10:46:15,479.05,200,3600
20240215,10:46:26,479.25,50,3600
20240215,10:47:28,473.4,150,3600
20240215,10:48:45,468.4,50,3600
20240215,10:52:52,475.0,100,3800
20240215,10:53:00,474.35,50,3800
20240215,10:53:30,473.5,150,3800
20240215,10:56:05,487.55,100,3850
20240215,10:56:23,490.45,150,3850
20240215,10:56:26,495.1,100,3850
20240215,10:56:33,507.5,100,3850
20240215,10:58:54,496.7,100,4000
20240215,10:59:01,493.95,150,4000
20240215,11:00:02,497.85,200,4000
20240215,11:00:19,495.95,100,4000
20240215,11:00:31,490.75,50,4000
20240215,11:00:36,489.5,50,4000
20240215,11:00:51,475.75,50,4200
20240215,11:01:01,478.45,250,4200
20240215,11:04:41,489.7,50,4150
20240215,11:04:49,489.1,100,4150
20240215,11:05:19,485.85,300,4150
20240215,11:05:26,485.45,150,4150
20240215,11:06:38,484.6,100,4150
20240215,11:07:39,491.4,50,4500
20240215,11:07:43,491.0,50,4500
20240215,11:08:21,488.95,50,4500
20240215,11:08:59,487.15,500,4500
20240215,11:10:21,481.9,100,5000
20240215,11:11:33,469.45,250,5000
20240215,11:12:02,470.05,100,5000
20240215,11:14:15,473.55,100,5200
20240215,11:20:00,474.65,500,5200
20240215,11:20:03,475.6,100,5300
20240215,11:21:58,472.0,100,5450
20240215,11:22:43,471.35,100,5450
20240215,11:23:53,465.7,100,5450
20240215,11:25:03,479.55,150,5600
20240215,11:29:02,483.3,100,5600
20240215,11:32:01,486.25,100,5700
20240215,11:32:20,491.8,50,5700
20240215,11:32:34,489.6,100,5700
20240215,11:38:00,481.75,100,5800
20240215,11:38:02,484.0,100,5800
20240215,11:45:47,479.3,50,5900
20240215,11:51:41,480.95,100,5950
20240215,11:52:23,477.65,50,5950
20240215,11:52:38,474.25,300,5950
20240215,11:54:23,465.75,100,5950
20240215,11:55:26,464.65,600,6350
20240215,11:55:56,468.45,100,6350
20240215,11:56:01,467.15,300,6350
20240215,11:56:39,463.35,50,6350
20240215,11:58:47,470.8,150,6900
20240215,11:59:02,472.85,100,6900
20240215,12:17:25,483.6,50,7000
20240215,12:17:36,491.2,100,7000
20240215,12:18:03,483.95,50,7000
20240215,12:19:01,483.25,200,6950
20240215,12:19:22,484.9,100,6950
20240215,12:23:52,464.05,100,7050
20240215,12:24:05,464.0,300,7050
20240215,12:24:07,464.0,150,7050
20240215,12:24:09,465.4,150,7050
20240215,12:25:02,462.05,100,7050
20240215,12:26:30,467.0,50,7600
20240215,12:31:30,478.95,100,7650
20240215,12:33:37,495.1,100,7650
20240215,12:33:38,497.5,100,7650
20240215,12:33:42,496.9,100,7650
20240215,12:33:45,497.15,50,7650
20240215,12:34:03,500.0,50,7650
20240215,12:36:39,477.35,1000,7750
20240215,12:38:13,491.7,1000,7250
20240215,12:45:45,484.9,100,7750
20240215,12:50:01,471.1,100,7750
20240215,12:51:36,475.65,100,7750
20240215,12:51:42,474.75,100,7750
20240215,12:51:44,475.65,100,7750
20240215,12:51:46,476.6,200,7750
20240215,12:51:52,472.1,50,7750
20240215,13:02:54,472.1,50,7950
20240215,13:16:00,464.6,50,8000
20240215,13:16:01,463.3,150,8000
20240215,13:17:10,469.1,50,8000
20240215,13:21:23,462.4,100,8150
20240215,13:27:48,456.25,100,8150
20240215,13:30:52,451.35,150,8150
20240215,13:33:02,453.35,1000,8350
20240215,13:33:43,446.5,100,8350
20240215,13:35:18,446.5,50,8350
20240215,13:38:31,435.7,50,8350
20240215,13:38:43,430.4,100,8350
20240215,13:38:56,428.8,50,8350
20240215,13:39:25,428.8,100,8350
20240215,13:39:28,423.1,50,8350
20240215,13:39:33,420.6,400,8350
20240215,13:40:03,401.8,100,8350
20240215,13:40:06,401.8,200,8350
20240215,13:41:51,397.0,150,8600
20240215,13:41:56,394.0,100,8600
20240215,13:42:03,391.8,50,8600
20240215,13:42:05,391.8,100,8600
20240215,13:42:06,394.15,50,8600
20240215,13:42:08,392.0,100,8600
20240215,13:42:20,391.25,150,8600
20240215,13:43:36,395.6,50,8850
20240215,13:44:13,390.0,50,8850
20240215,13:44:23,389.8,250,8850
20240215,13:44:38,389.8,50,8850
20240215,13:45:13,395.0,50,8850
20240215,13:45:18,395.8,100,8850
20240215,13:45:30,395.95,250,8850
20240215,13:45:33,398.7,250,8850
20240215,13:45:35,401.6,1000,8850
20240215,13:46:21,392.7,50,9950
20240215,13:46:48,393.3,50,9950
20240215,13:47:29,395.15,50,9950
20240215,13:48:01,388.1,350,9950
20240215,13:49:03,388.1,50,9950
20240215,13:49:26,388.1,100,10350
20240215,13:51:26,397.65,100,10350
20240215,13:52:02,395.85,100,10350
20240215,13:52:19,394.75,50,10600
20240215,13:52:32,392.05,50,10600
20240215,13:52:44,389.6,50,10600
20240215,13:55:15,402.8,150,10600
20240215,13:55:30,399.95,150,10550
20240215,13:56:05,401.4,50,10550
20240215,13:56:07,403.85,300,10550
20240215,13:56:15,405.15,50,10550
20240215,13:57:20,392.5,100,10550
20240215,13:57:22,389.1,100,10550
20240215,13:57:34,387.9,100,10550
20240215,13:58:02,387.9,100,10550
20240215,13:59:12,388.8,100,10900
20240215,14:00:57,393.1,150,10900
20240215,14:02:58,396.5,50,10900
20240215,14:03:52,399.0,150,11150
20240215,14:04:44,401.2,100,11150
20240215,14:04:55,408.5,100,11250
20240215,14:06:11,401.6,50,11250
20240215,14:06:21,403.45,50,11250
20240215,14:07:10,399.2,100,11250
20240215,14:08:32,396.45,300,11200
20240215,14:08:55,399.4,50,11200
20240215,14:09:12,399.9,50,11200
20240215,14:09:33,399.55,100,11200
20240215,14:10:03,399.55,50,11200
20240215,14:11:37,395.9,50,11400
20240215,14:11:52,395.4,100,11400
20240215,14:13:37,404.95,50,11450
20240215,14:13:56,404.35,100,11450
20240215,14:14:57,410.7,100,11450
20240215,14:14:59,415.3,100,11450
20240215,14:16:21,412.5,100,11650
20240215,14:16:44,406.9,100,11650
20240215,14:17:34,412.95,400,11650
20240215,14:17:54,414.7,100,11650
20240215,14:19:05,418.45,150,11650
20240215,14:19:41,415.9,100,12100
20240215,14:19:54,415.0,50,12100
20240215,14:21:02,414.0,50,12100
20240215,14:23:27,419.3,100,12100
20240215,14:23:37,415.85,50,12100
20240215,14:23:43,414.1,50,12100
20240215,14:24:25,427.55,100,12100
20240215,14:24:28,429.8,100,12100
20240215,14:24:40,429.5,100,12100
20240215,14:25:03,436.0,50,12100
20240215,14:26:17,428.3,200,12200
20240215,14:26:50,426.2,200,12200
20240215,14:27:02,422.3,200,12200
20240215,14:27:15,420.0,50,12200
20240215,14:27:58,420.85,200,12200
20240215,14:28:13,425.15,50,12200
20240215,14:28:29,426.7,50,12300
20240215,14:28:45,425.3,150,12300
20240215,14:29:10,422.6,100,12300
20240215,14:29:59,425.05,100,12300
20240215,14:30:04,423.75,100,12300
20240215,14:30:22,421.0,50,12300
20240215,14:30:37,420.1,50,12300
20240215,14:30:40,419.45,50,12300
20240215,14:30:47,417.5,100,12300
20240215,14:30:50,418.0,100,12300
20240215,14:31:02,414.35,500,12300
20240215,14:31:05,414.1,800,12300
20240215,14:31:17,419.45,150,12300
20240215,14:31:27,416.85,650,13150
20240215,14:31:45,420.25,150,13150
20240215,14:31:52,420.15,100,13150
20240215,14:32:03,422.5,50,13150
20240215,14:32:08,422.8,100,13150
20240215,14:32:20,422.0,100,13150
20240215,14:32:43,426.95,50,13150
20240215,14:32:48,431.6,100,13150
20240215,14:33:28,424.95,350,13150
20240215,14:33:53,423.3,100,13150
20240215,14:33:57,422.4,200,13150
20240215,14:34:15,426.3,100,13150
20240215,14:34:17,425.65,100,13150
20240215,14:34:18,426.7,200,13150
20240215,14:34:33,427.05,350,14250
20240215,14:34:35,427.8,50,14250
20240215,14:34:42,423.8,50,14250
20240215,14:35:01,427.0,50,14250
20240215,14:35:20,426.75,500,14250
20240215,14:35:23,427.0,100,14250
20240215,14:36:00,427.95,450,14250
20240215,14:36:08,426.7,100,14250
20240215,14:36:10,426.4,300,14250
20240215,14:36:27,426.45,200,14250
20240215,14:36:53,428.0,100,14250
20240215,14:36:55,428.35,250,14250
20240215,14:37:16,428.3,250,14250
20240215,14:37:44,426.4,100,14250
20240215,14:37:51,426.25,200,15850
20240215,14:37:54,426.0,50,15850
20240215,14:38:05,424.75,50,15850
20240215,14:38:19,424.9,100,15850
20240215,14:38:20,423.3,250,15850
20240215,14:38:57,422.75,50,15850
20240215,14:39:00,423.2,50,15850
20240215,14:39:02,422.1,50,15850
20240215,14:39:19,422.8,100,15850
20240215,14:39:25,423.0,100,15850
20240215,14:39:39,418.6,50,15850
20240215,14:39:44,420.35,100,15850
20240215,14:40:00,418.3,100,15850
20240215,14:40:05,417.6,50,15850
20240215,14:40:07,419.3,50,15850
20240215,14:40:09,417.65,50,15850
20240215,14:40:12,418.7,50,15850
20240215,14:40:14,417.65,500,15850
20240215,14:40:20,418.5,100,15850
20240215,14:40:29,418.0,50,16750
20240215,14:40:32,416.5,250,16750
20240215,14:40:39,418.15,150,16750
20240215,14:40:50,418.7,50,16750
20240215,14:40:55,419.1,100,16750
20240215,14:40:57,419.4,200,16750
20240215,14:41:25,420.15,150,16750
20240215,14:41:42,420.1,50,16750
20240215,14:41:50,419.2,400,16750
20240215,14:42:15,424.95,200,16750
20240215,14:42:25,425.75,400,16750
20240215,14:42:33,427.05,250,16750
20240215,14:42:35,426.3,100,16750
20240215,14:43:01,425.15,50,16750
20240215,14:43:03,426.35,100,16750
20240215,14:43:11,426.55,50,16750
20240215,14:43:30,426.45,100,16750
20240215,14:43:50,424.85,1700,17550
20240215,14:43:54,422.45,50,17550
20240215,14:43:57,423.2,50,17550
20240215,14:44:17,424.6,50,17550
20240215,14:44:30,424.1,500,17550
20240215,14:44:42,425.55,250,17550
20240215,14:44:45,424.45,250,17550
20240215,14:44:57,422.75,150,17550
20240215,14:45:08,422.2,50,17550
20240215,14:45:12,419.8,50,17550
20240215,14:45:20,418.9,150,17550
20240215,14:45:22,417.45,150,17550
20240215,14:45:23,419.7,50,17550
20240215,14:45:43,417.65,50,17550
20240215,14:46:27,420.1,50,17550
20240215,14:47:01,418.2,50,18300
20240215,14:47:16,421.1,50,18300
20240215,14:47:18,422.2,500,18300
20240215,14:47:28,419.2,100,18300
20240215,14:48:56,424.55,500,18300
20240215,14:49:00,423.95,250,18300
20240215,14:49:05,425.1,100,18300
20240215,14:49:18,425.6,450,18300
20240215,14:49:29,424.6,150,19700
20240215,14:49:31,424.45,100,19700
20240215,14:49:48,424.45,100,19700
20240215,14:50:08,423.35,50,19700
20240215,14:50:11,423.3,100,19700
20240215,14:50:23,419.4,250,19700
20240215,14:50:31,420.5,50,19700
20240215,14:50:32,422.0,50,19700
20240215,14:50:54,419.6,100,19700
20240215,14:50:56,419.1,50,19700
20240215,14:50:59,418.2,100,19700
20240215,14:51:09,418.5,50,19700
20240215,14:51:14,416.2,50,19700
20240215,14:51:35,417.3,100,19700
20240215,14:51:47,416.3,50,19700
20240215,14:51:55,416.35,50,19700
20240215,14:51:59,416.65,50,19700
20240215,14:52:07,414.8,50,19700
20240215,14:52:15,412.4,50,19700
20240215,14:52:29,410.5,200,20400
20240215,14:52:44,411.65,50,20400
20240215,14:53:26,416.9,50,20400
20240215,14:53:54,420.05,400,20400
20240215,14:54:02,421.3,150,20400
20240215,14:54:06,417.25,300,20400
20240215,14:54:17,417.0,100,20400
20240215,14:54:21,415.85,50,20400
20240215,14:54:27,411.6,200,20400
20240215,14:54:31,411.9,100,20400
20240215,14:54:34,409.7,350,20400
20240215,14:54:36,411.0,100,20400
20240215,14:54:39,410.45,50,20400
20240215,14:54:41,410.6,150,20400
20240215,14:55:19,406.2,100,20400
20240215,14:55:28,406.15,100,21200
20240215,14:55:33,409.9,100,21200
20240215,14:55:36,409.7,100,21200
20240215,14:55:38,407.6,250,21200
20240215,14:55:48,409.0,50,21200
20240215,14:55:53,409.2,150,21200
20240215,14:55:58,410.1,100,21200
20240215,14:56:17,408.4,50,21200
20240215,14:56:19,406.85,150,21200
20240215,14:56:21,406.3,50,21200
20240215,14:56:27,405.8,50,21200
20240215,14:56:31,408.3,100,21200
20240215,14:56:41,410.9,50,21200
20240215,14:57:09,414.0,250,21200
20240215,14:57:14,415.8,100,21200
20240215,14:57:31,417.25,450,21200
20240215,14:57:34,419.6,100,21200
20240215,14:57:36,418.9,100,21200
20240215,14:57:43,419.4,100,21200
20240215,14:57:46,416.55,250,21200
20240215,14:57:49,417.1,50,21200
20240215,14:57:54,413.65,100,21200
20240215,14:58:09,407.6,100,21200
20240215,14:58:21,409.5,50,21200
20240215,14:58:31,406.8,150,21200
20240215,14:58:32,408.9,100,22800
20240215,14:58:56,415.7,50,22800
20240215,14:58:59,416.9,50,22800
20240215,14:59:12,415.55,350,22800
20240215,14:59:26,415.3,50,22800
20240215,14:59:34,413.1,50,22800
20240215,14:59:36,412.95,50,22800
20240215,14:59:41,414.15,200,22800
20240215,14:59:46,410.85,400,22800
20240215,14:59:54,413.0,100,22800
20240215,14:59:58,413.8,50,22800
20240215,15:00:01,412.95,250,22800
20240215,15:00:06,412.35,100,22800
20240215,15:00:13,413.7,100,22800
20240215,15:00:18,415.6,200,22800
20240215,15:00:26,415.6,50,22800
20240215,15:00:27,414.65,50,22800
20240215,15:00:36,413.6,150,22800
20240215,15:01:21,413.35,250,22800
20240215,15:01:22,413.1,250,22800
20240215,15:02:03,413.3,150,24300
20240215,15:02:41,411.15,100,24300
20240215,15:03:19,420.1,200,24300
20240215,15:03:51,426.5,50,24300
20240215,15:03:58,425.75,100,24300
20240215,15:03:59,426.45,50,24300
20240215,15:04:44,413.0,50,24350
20240215,15:05:09,411.15,50,24350
20240215,15:05:28,410.85,150,24350
20240215,15:06:04,411.8,50,24350
20240215,15:06:23,416.25,100,24350
20240215,15:07:13,414.7,200,24350
20240215,15:07:15,415.75,150,24350
20240215,15:07:16,413.9,50,24350
20240215,15:07:29,414.0,50,24400
20240215,15:07:43,413.9,50,24400
20240215,15:08:03,415.75,100,24400
20240215,15:08:23,413.2,600,24400
20240215,15:09:08,416.55,50,24400
20240215,15:09:18,416.5,100,24400
20240215,15:09:51,416.1,100,24400
20240215,15:10:36,413.3,50,24750
20240215,15:10:53,413.3,50,24750
20240215,15:15:45,405.65,50,24850
20240215,15:16:06,405.0,50,24850
20240215,15:16:56,400.0,50,24900
20240215,15:17:32,403.2,100,24900
20240215,15:18:24,400.0,200,24900
20240215,15:18:38,401.0,100,24900
20240215,15:18:44,402.1,100,24900
20240215,15:18:50,401.55,200,24900
20240215,15:19:03,401.2,100,24900
20240215,15:19:17,398.65,100,24900
20240215,15:19:24,398.8,200,24900
20240215,15:19:43,396.2,100,25300
20240215,15:20:17,396.25,50,25300
20240215,15:20:43,394.7,50,25300
20240215,15:20:58,393.4,700,25300
20240215,15:23:59,385.45,1050,25600
20240215,15:24:23,385.45,100,25600
20240215,15:24:45,388.75,100,25600
20240215,15:26:17,388.95,850,25550
20240215,15:26:32,389.75,50,25550
20240215,15:26:39,389.6,150,25550
20240215,15:26:54,389.9,50,25550
20240215,15:27:25,390.2,500,25550
20240215,15:28:32,385.85,500,25650
20240215,15:28:40,387.3,1500,25650
20240215,15:29:16,388.2,50,25650
20240215,15:29:23,388.2,50,25650
20240216,09:15:06,360.0,1,24100
20240216,09:15:06,360.0,1000,24100
20240216,09:15:07,362.8,300,24100
20240216,09:15:08,364.2,150,24100
20240216,09:15:09,364.2,200,24100
20240216,09:15:10,362.6,100,24100
20240216,09:15:17,355.8,50,24100
20240216,09:15:18,355.2,550,24100
20240216,09:15:20,355.2,300,24100
20240216,09:15:24,358.5,250,24100
20240216,09:15:27,360.15,550,26900
20240216,09:15:42,360.0,250,26900
20240216,09:15:57,359.1,100,26900
20240216,09:15:59,357.95,50,26900
20240216,09:16:01,359.85,200,26900
20240216,09:16:15,353.85,50,26900
20240216,09:16:16,353.55,1000,26900
20240216,09:16:17,355.65,50,26900
20240216,09:16:29,353.4,250,26900
20240216,09:16:36,353.4,100,26900
20240216,09:16:52,353.4,100,26900
20240216,09:17:13,355.95,50,26900
20240216,09:17:15,358.75,650,26900
20240216,09:17:17,359.7,50,26900
20240216,09:17:33,359.85,100,26900
20240216,09:17:34,358.5,50,26900
20240216,09:17:46,359.2,250,26900
20240216,09:17:54,358.45,50,26900
20240216,09:17:56,358.5,50,26900
20240216,09:17:58,358.5,50,26900
20240216,09:18:00,358.5,50,26900
20240216,09:18:01,358.05,50,26900
20240216,09:18:02,357.95,50,26900
20240216,09:18:03,358.1,50,26900
20240216,09:18:05,356.4,1500,26900
20240216,09:18:06,357.0,650,26900
20240216,09:18:07,356.7,1300,26900
20240216,09:18:08,357.15,50,26900
20240216,09:18:11,357.7,1450,26900
20240216,09:18:16,357.6,50,26900
20240216,09:18:18,357.0,150,26900
20240216,09:18:20,355.8,50,26900
20240216,09:18:21,355.0,50,26900
20240216,09:18:22,355.05,50,26900
20240216,09:18:25,356.1,100,33800
20240216,09:18:31,355.0,50,33800
20240216,09:18:34,354.2,250,33800
20240216,09:18:39,355.2,50,33800
20240216,09:18:40,356.7,300,33800
20240216,09:18:41,356.0,100,33800
20240216,09:18:48,356.25,150,33800
20240216,09:18:50,356.05,100,33800
20240216,09:18:51,356.15,50,33800
20240216,09:18:55,356.85,100,33800
20240216,09:18:59,356.9,50,33800
20240216,09:19:01,358.15,350,33800
20240216,09:19:03,357.0,400,33800
20240216,09:19:07,354.9,400,33800
20240216,09:19:21,359.85,550,33800
20240216,09:19:22,360.15,50,33800
20240216,09:19:32,359.85,50,33800
20240216,09:19:37,358.65,50,33800
20240216,09:19:43,360.15,100,33800
20240216,09:19:44,360.9,50,33800
20240216,09:19:47,360.3,50,33800
20240216,09:19:48,362.35,100,33800
20240216,09:19:51,359.5,50,33800
20240216,09:19:52,360.6,250,33800
20240216,09:19:53,360.6,50,33800
20240216,09:19:56,359.55,50,33800
20240216,09:19:56,359.15,550,33800
20240216,09:19:57,359.55,100,33800
20240216,09:19:59,359.95,300,33800
20240216,09:20:00,359.95,100,33800
20240216,09:20:01,359.1,50,33800
20240216,09:20:02,358.15,100,33800
20240216,09:20:04,358.0,50,33800
20240216,09:20:06,358.8,300,33800
20240216,09:20:07,358.5,50,33800
20240216,09:20:08,359.25,100,33800
20240216,09:20:09,358.5,50,33800
20240216,09:20:10,359.1,50,33800
20240216,09:20:11,359.95,50,33800
20240216,09:20:14,359.55,50,33800
20240216,09:20:25,361.05,100,33800
20240216,09:20:29,366.6,1800,33800
20240216,09:20:38,366.6,200,33800
20240216,09:20:55,360.1,1450,33800
20240216,09:20:58,360.45,550,33800
20240216,09:21:12,364.0,100,33800
20240216,09:21:26,363.85,650,37200
20240216,09:21:27,363.0,1550,37200
20240216,09:21:36,361.75,600,37200
20240216,09:21:41,361.65,400,37200
20240216,09:21:56,362.35,50,37200
20240216,09:22:05,361.4,450,37200
20240216,09:22:06,361.75,50,37200
20240216,09:22:16,361.65,50,37200
20240216,09:22:22,362.35,150,37200
20240216,09:22:24,362.35,100,37200
20240216,09:22:25,362.15,150,37200
20240216,09:22:26,361.75,150,37200
20240216,09:22:29,360.5,250,37200
20240216,09:23:00,362.3,1800,37200
20240216,09:23:04,365.0,250,37200
20240216,09:23:06,368.65,100,37200
20240216,09:23:08,368.65,50,37200
20240216,09:23:09,365.6,100,37200
20240216,09:23:14,366.1,100,37200
20240216,09:23:16,366.4,50,37200
20240216,09:23:19,366.8,150,37200
20240216,09:23:21,363.45,100,37200
20240216,09:23:24,365.1,150,37200
20240216,09:23:43,362.45,50,37200
20240216,09:23:51,360.0,50,37200
20240216,09:24:11,358.95,50,37200
20240216,09:24:19,360.25,1900,37200
20240216,09:24:20,359.45,150,37200
20240216,09:24:38,361.65,350,39800
20240216,09:24:40,362.6,250,39800
20240216,09:24:48,363.0,250,39800
20240216,09:24:56,361.4,800,39800
20240216,09:24:59,366.0,100,39800
20240216,09:25:02,366.2,50,39800
20240216,09:25:06,364.55,50,39800
20240216,09:25:10,365.6,1050,39800
20240216,09:25:11,365.5,100,39800
20240216,09:25:22,363.7,500,39800
20240216,09:25:23,362.25,650,39800
20240216,09:25:29,362.05,50,39800
20240216,09:25:39,361.95,250,39800
20240216,09:25:45,361.6,50,39800
20240216,09:25:49,365.55,150,39800
20240216,09:25:56,367.0,50,39800
20240216,09:25:59,365.2,150,39800
20240216,09:26:00,365.8,150,39800
20240216,09:26:02,367.5,50,39800
20240216,09:26:07,370.0,150,39800
20240216,09:26:36,370.0,150,39800
20240216,09:26:55,362.85,50,39800
20240216,09:26:58,362.3,50,39800
20240216,09:27:50,367.25,50,42750
20240216,09:27:51,367.25,200,42750
20240216,09:28:17,370.45,50,42750
20240216,09:28:25,370.45,300,42750
20240216,09:28:39,366.65,50,42750
20240216,09:28:52,364.0,50,42750
20240216,09:28:54,364.05,50,42750
20240216,09:28:57,363.0,50,42750
20240216,09:28:59,361.15,250,42750
20240216,09:29:10,357.05,400,42750
20240216,09:29:11,355.5,850,42750
20240216,09:29:13,352.6,1100,42750
20240216,09:29:16,355.35,100,42750
20240216,09:29:17,355.3,200,42750
20240216,09:29:19,353.0,500,42750
20240216,09:29:20,352.35,300,42750
20240216,09:29:22,351.25,650,42750
20240216,09:29:22,353.5,50,42750
20240216,09:29:26,351.95,300,42750
20240216,09:29:27,352.55,50,42750
20240216,09:29:31,356.4,200,42750
20240216,09:29:32,356.85,250,42750
20240216,09:29:56,362.5,150,42750
20240216,09:29:59,359.25,100,42750
20240216,09:30:10,356.1,50,42750
20240216,09:30:16,357.15,50,42750
20240216,09:30:21,356.4,300,42750
20240216,09:30:28,357.5,150,44900
20240216,09:30:37,359.95,200,44900
20240216,09:30:45,359.8,250,44900
20240216,09:31:05,356.55,50,44900
20240216,09:31:11,354.4,450,44900
20240216,09:31:18,353.35,50,44900
20240216,09:31:25,354.9,100,44900
20240216,09:31:56,356.25,450,44900
20240216,09:32:02,352.2,500,44900
20240216,09:32:36,360.4,100,44900
20240216,09:32:57,360.4,1550,44900
20240216,09:33:07,363.3,150,44900
20240216,09:33:56,363.15,250,45400
20240216,09:34:01,361.5,50,45400
20240216,09:34:15,362.35,50,45400
20240216,09:35:36,364.7,50,45400
20240216,09:35:41,364.3,50,45400
20240216,09:35:51,361.7,850,45400
20240216,09:36:02,359.4,800,45400
20240216,09:37:51,363.3,200,45450
20240216,09:38:04,361.5,600,45450
20240216,09:38:08,364.5,150,45450
20240216,09:38:09,365.05,100,45450
20240216,09:38:23,364.85,850,45450
20240216,09:38:38,361.5,50,45450
20240216,09:38:39,361.5,200,45450
20240216,09:38:51,360.0,1300,45450
20240216,09:38:53,360.55,100,45450
20240216,09:38:55,359.0,100,45450
20240216,09:39:02,362.2,300,45450
20240216,09:39:15,360.45,1000,45450
20240216,09:39:17,358.7,100,45450
20240216,09:39:21,358.05,350,45450
20240216,09:39:32,356.4,400,46800
20240216,09:39:34,355.0,100,46800
20240216,09:39:49,355.2,200,46800
20240216,09:39:59,350.0,900,46800
20240216,09:40:02,353.55,450,46800
20240216,09:40:03,353.8,100,46800
20240216,09:40:21,357.5,50,46800
20240216,09:40:22,360.0,300,46800
20240216,09:40:27,358.35,50,46800
20240216,09:40:38,352.5,200,46800
20240216,09:40:41,350.8,50,46800
20240216,09:40:43,349.65,200,46800
20240216,09:41:00,349.3,250,46800
20240216,09:41:03,349.3,250,46800
20240216,09:41:14,355.15,50,46800
20240216,09:41:39,350.15,50,46800
20240216,09:41:48,347.55,150,46800
20240216,09:41:49,347.1,400,46800
20240216,09:42:17,347.1,100,46800
20240216,09:42:35,352.45,100,47100
20240216,09:42:47,352.3,250,47100
20240216,09:42:50,353.8,50,47100
20240216,09:42:59,353.8,50,47100
20240216,09:43:02,356.0,350,47100
20240216,09:43:48,356.1,50,47100
20240216,09:44:03,364.0,150,47100
20240216,09:44:04,365.2,150,47100
20240216,09:44:07,366.6,600,47100
20240216,09:44:13,362.15,250,47100
20240216,09:44:14,362.45,50,47100
20240216,09:44:16,362.2,50,47100
20240216,09:44:28,358.35,100,47100
20240216,09:44:30,355.45,100,47100
20240216,09:45:02,365.65,600,47100
20240216,09:45:19,364.75,50,47100
20240216,09:46:04,365.55,50,47300
20240216,09:46:05,366.9,100,47300
20240216,09:46:28,371.7,450,47300
20240216,09:46:30,371.7,50,47300
20240216,09:47:15,373.5,100,47300
20240216,09:47:48,380.65,800,47300
20240216,09:47:55,377.7,50,47300
20240216,09:48:03,380.85,50,47300
20240216,09:48:12,380.85,150,47300
20240216,09:48:14,380.55,200,47300
20240216,09:48:59,375.15,50,46650
20240216,09:49:09,380.55,50,46650
20240216,09:49:34,379.0,1500,46650
20240216,09:49:39,378.2,50,46650
20240216,09:49:49,377.65,50,46650
20240216,09:50:03,379.7,200,46650
20240216,09:50:16,376.1,100,46650
20240216,09:50:19,374.95,50,46650
20240216,09:50:21,375.05,150,46650
20240216,09:50:44,371.25,100,46650
20240216,09:52:24,361.65,150,46650
20240216,09:52:25,363.85,100,46550
20240216,09:53:00,367.5,250,46550
20240216,09:53:39,367.65,50,46550
20240216,09:53:51,367.35,100,46550
20240216,09:54:00,366.15,200,46550
20240216,09:54:14,362.25,500,46550
20240216,09:54:27,363.15,50,46550
20240216,09:54:35,359.7,150,47400
20240216,09:54:39,359.4,1500,47400
20240216,09:54:44,358.5,250,47400
20240216,09:54:50,359.9,550,47400
20240216,09:54:58,360.45,50,47400
20240216,09:55:02,355.7,50,47400
20240216,09:55:07,355.95,150,47400
20240216,09:55:20,356.2,50,47400
20240216,09:55:27,355.0,50,47400
20240216,09:55:45,350.0,50,47400
20240216,09:55:51,349.6,50,47400
20240216,09:56:02,351.0,50,47400
20240216,09:56:06,349.6,1200,47400
20240216,09:56:07,349.05,450,47400
20240216,09:56:17,353.1,150,47400
20240216,09:56:29,353.5,250,47400
20240216,09:56:36,355.9,50,47400
20240216,09:57:02,350.25,300,47400
20240216,09:57:03,349.65,1100,47400
20240216,09:58:33,351.15,50,47400
20240216,09:59:02,351.3,450,48250
20240216,09:59:04,350.9,50,48250
20240216,09:59:05,352.0,200,48250
20240216,10:00:18,348.55,250,48250
20240216,10:01:01,348.3,50,48400
20240216,10:01:02,345.0,500,48400
20240216,10:01:07,345.8,250,48400
20240216,10:01:10,346.5,50,48400
20240216,10:01:24,345.2,50,48400
20240216,10:02:07,349.7,50,48400
20240216,10:02:40,349.7,50,48400
20240216,10:03:03,347.7,50,48400
20240216,10:03:16,346.3,1250,48400
20240216,10:03:31,344.85,250,48400
20240216,10:03:33,344.85,250,48700
20240216,10:03:51,341.55,300,48700
20240216,10:03:57,343.5,250,48700
20240216,10:04:06,342.0,500,48700
20240216,10:04:11,340.7,50,48700
20240216,10:04:14,340.7,250,48700
20240216,10:04:27,344.7,200,48700
20240216,10:04:36,345.3,50,48700
20240216,10:04:42,346.35,100,48700
20240216,10:05:05,348.95,200,48700
20240216,10:05:12,348.45,200,48700
20240216,10:05:37,352.4,250,48700
20240216,10:05:42,349.5,250,48700
20240216,10:05:46,350.85,250,48700
20240216,10:05:55,348.4,50,48700
20240216,10:06:02,348.6,350,48700
20240216,10:06:35,340.0,100,48200
20240216,10:06:36,335.8,1350,48200
20240216,10:06:37,336.65,50,48200
20240216,10:06:41,339.25,200,48200
20240216,10:06:58,341.1,50,48200
20240216,10:07:00,343.95,100,48200
20240216,10:07:00,344.1,50,48200
20240216,10:07:02,344.75,500,48200
20240216,10:07:37,340.0,50,48200
20240216,10:08:03,337.0,50,48200
20240216,10:08:06,337.0,50,48200
20240216,10:08:18,338.25,200,48200
20240216,10:08:22,338.25,100,48200
20240216,10:08:24,339.1,250,48200
20240216,10:08:48,342.35,1350,48200
20240216,10:08:54,340.9,100,48200
20240216,10:09:01,340.0,50,48200
20240216,10:09:02,337.4,250,48200
20240216,10:09:19,333.9,600,48200
20240216,10:09:20,332.85,500,48200
20240216,10:09:21,334.0,100,48200
20240216,10:09:24,333.85,50,48200
20240216,10:09:36,335.2,250,48200
20240216,10:09:40,336.0,400,48500
20240216,10:09:43,335.6,150,48500
20240216,10:09:48,334.5,100,48500
20240216,10:10:00,332.25,300,48500
20240216,10:10:02,331.95,350,48500
20240216,10:10:08,330.1,50,48500
20240216,10:10:25,330.1,150,48500
20240216,10:10:27,334.1,50,48500
20240216,10:10:33,335.35,100,48500
20240216,10:10:36,333.0,350,48500
20240216,10:10:37,333.15,50,48500
20240216,10:11:03,333.0,1000,48500
20240216,10:11:05,332.4,250,48500
20240216,10:11:26,336.35,200,48500
20240216,10:11:28,337.35,250,48500
20240216,10:12:37,332.95,300,49150
20240216,10:12:40,333.7,100,49150
20240216,10:13:01,333.4,1300,49150
20240216,10:13:02,333.0,100,49150
20240216,10:13:03,331.5,800,49150
20240216,10:13:08,331.6,250,49150
20240216,10:13:40,331.95,50,49150
20240216,10:13:42,331.15,250,49150
20240216,10:14:03,329.25,1650,49150
20240216,10:14:06,329.25,250,49150
20240216,10:14:07,329.25,200,49150
20240216,10:14:08,331.8,50,49150
20240216,10:14:09,331.25,200,49150
20240216,10:14:20,329.75,50,49150
20240216,10:14:27,329.4,250,49150
20240216,10:14:33,329.8,50,49150
20240216,10:14:44,326.0,50,49150
20240216,10:14:53,326.0,50,49150
20240216,10:15:01,324.15,500,49150
20240216,10:15:06,324.15,100,49150
20240216,10:15:07,326.05,100,49150
20240216,10:15:18,325.65,50,49150
20240216,10:15:19,325.8,50,49150
20240216,10:15:23,325.9,1100,49150
20240216,10:15:25,328.0,150,49150
20240216,10:15:26,329.2,250,49150
20240216,10:15:30,328.35,50,49150
20240216,10:15:38,330.75,50,51550
20240216,10:15:43,331.7,50,51550
20240216,10:15:48,332.1,900,51550
20240216,10:15:52,333.45,100,51550
20240216,10:15:58,333.65,50,51550
20240216,10:16:02,328.65,1600,51550
20240216,10:16:07,328.0,50,51550
20240216,10:16:54,330.7,50,51550
20240216,10:17:04,330.75,100,51550
20240216,10:17:15,331.05,350,51550
20240216,10:17:17,331.2,250,51550
20240216,10:17:23,332.25,50,51550
20240216,10:17:25,332.4,250,51550
20240216,10:17:26,333.15,250,51550
20240216,10:18:02,336.15,700,51550
20240216,10:18:03,333.25,100,51550
20240216,10:18:06,335.55,100,51550
20240216,10:18:10,334.1,500,51550
20240216,10:18:16,333.25,50,51550
20240216,10:18:18,332.8,350,51550
20240216,10:18:23,332.3,100,51550
20240216,10:18:35,330.25,100,53250
20240216,10:19:43,334.55,900,53250
20240216,10:19:53,332.4,1550,53250
20240216,10:20:02,334.8,200,53250
20240216,10:20:09,337.05,250,53250
20240216,10:20:14,337.05,200,53250
20240216,10:20:42,338.4,50,53250
20240216,10:20:49,334.55,300,53250
20240216,10:21:03,337.25,100,53250
20240216,10:21:27,334.05,500,53250
20240216,10:21:31,332.55,100,53250
20240216,10:21:34,331.95,150,53250
20240216,10:21:35,331.2,150,53250
20240216,10:21:43,330.25,50,52800
20240216,10:21:52,331.1,300,52800
20240216,10:21:53,330.5,100,52800
20240216,10:21:54,331.2,50,52800
20240216,10:21:59,334.65,50,52800
20240216,10:22:02,334.65,650,52800
20240216,10:22:26,334.4,50,52800
20240216,10:22:33,334.2,50,52800
20240216,10:22:34,334.45,50,52800
20240216,10:23:24,332.6,200,52800
20240216,10:24:27,338.7,50,52800
20240216,10:24:45,338.9,250,53250
20240216,10:25:02,336.9,50,53250
20240216,10:25:18,335.0,100,53250
20240216,10:26:04,337.9,50,53250
20240216,10:26:24,331.85,150,53250
20240216,10:26:54,332.55,900,53250
20240216,10:26:57,332.25,250,53250
20240216,10:27:02,332.55,50,53250
20240216,10:27:10,333.85,700,53250
20240216,10:27:12,334.0,250,53250
20240216,10:27:21,332.9,250,53250
20240216,10:27:23,333.05,50,53250
20240216,10:27:24,332.25,200,53250
20240216,10:28:03,333.45,50,54150
20240216,10:28:13,333.45,50,54150
20240216,10:28:33,332.0,500,54150
20240216,10:29:24,326.85,250,54150
20240216,10:29:39,327.3,500,54150
20240216,10:29:50,326.0,250,54150
20240216,10:29:51,326.2,100,54150
20240216,10:30:00,328.85,600,54150
20240216,10:30:04,328.05,250,54150
20240216,10:30:05,327.85,200,54150
20240216,10:30:10,325.0,2000,54150
20240216,10:30:12,326.05,50,54150
20240216,10:30:13,327.1,50,54150
20240216,10:30:15,326.35,50,54150
20240216,10:30:26,326.0,50,54150
20240216,10:30:27,325.75,50,54150
20240216,10:30:32,324.8,550,54150
20240216,10:30:38,324.0,300,55500
20240216,10:30:48,324.0,200,55500
20240216,10:31:06,329.0,1100,55500
20240216,10:31:07,328.85,150,55500
20240216,10:31:16,330.45,100,55500
20240216,10:31:17,331.7,250,55500
20240216,10:31:22,331.4,500,55500
20240216,10:31:36,334.65,50,55500
20240216,10:31:39,333.75,50,55500
20240216,10:31:44,334.05,300,55500
20240216,10:32:01,334.2,1300,55500
20240216,10:32:02,332.7,150,55500
20240216,10:32:03,332.5,100,55500
20240216,10:32:05,330.5,250,55500
20240216,10:32:48,333.85,100,55500
20240216,10:32:57,335.35,550,55500
20240216,10:32:58,334.95,500,55500
20240216,10:33:05,334.8,250,55500
20240216,10:33:07,336.45,50,55500
20240216,10:33:52,335.0,500,54700
20240216,10:33:59,335.75,50,54700
20240216,10:34:05,332.75,250,54700
20240216,10:34:08,335.85,100,54700
20240216,10:35:18,331.15,600,54700
20240216,10:35:19,331.05,50,54700
20240216,10:35:21,331.0,50,54700
20240216,10:35:22,330.0,550,54700
20240216,10:35:36,329.3,250,54700
20240216,10:36:03,331.5,250,54700
20240216,10:36:04,330.6,100,54700
20240216,10:36:52,329.75,250,54800
20240216,10:37:00,330.6,50,54800
20240216,10:37:49,333.95,250,54800
20240216,10:37:56,339.0,50,54800
20240216,10:37:58,340.0,500,54800
20240216,10:38:02,341.6,50,54800
20240216,10:38:05,343.35,50,54800
20240216,10:38:06,342.75,50,54800
20240216,10:38:40,340.05,450,54800
20240216,10:39:42,338.75,500,54250
20240216,10:39:46,339.35,600,54250
20240216,10:40:03,338.3,50,54250
20240216,10:40:05,338.9,350,54250
20240216,10:40:25,344.1,250,54250
20240216,10:40:30,343.3,200,54250
20240216,10:40:32,340.85,50,54250
20240216,10:40:33,340.55,200,54250
20240216,10:40:37,338.9,150,54250
20240216,10:40:39,339.5,200,54250
20240216,10:40:44,338.5,250,54250
20240216,10:40:47,338.15,1800,54250
20240216,10:40:48,338.3,50,54250
20240216,10:41:02,337.35,250,54250
20240216,10:41:42,339.45,250,54250
20240216,10:41:53,338.8,100,54250
20240216,10:41:55,338.1,150,54250
20240216,10:41:58,337.8,50,54250
20240216,10:42:32,338.1,250,54250
20240216,10:42:38,340.05,50,54250
20240216,10:43:02,339.85,900,53150
20240216,10:43:22,340.35,250,53150
20240216,10:43:25,339.65,50,53150
20240216,10:43:51,337.0,150,53150
20240216,10:44:00,336.2,150,53150
20240216,10:44:34,332.55,50,53150
20240216,10:44:46,330.0,500,53150
20240216,10:45:00,331.05,500,53150
20240216,10:45:03,327.75,450,53150
20240216,10:45:09,329.75,50,53150
20240216,10:45:10,330.1,250,53150
20240216,10:45:34,333.7,50,53150
20240216,10:45:43,332.9,500,54250
20240216,10:46:17,332.7,450,54250
20240216,10:46:31,336.0,350,54250
20240216,10:46:55,336.35,150,54250
20240216,10:47:08,340.6,50,54250
20240216,10:47:16,340.3,200,54250
20240216,10:47:20,340.15,50,54250
20240216,10:47:37,337.8,150,54250
20240216,10:47:52,336.3,50,54250
20240216,10:48:02,338.35,150,54250
20240216,10:48:32,337.95,1550,54250
20240216,10:49:03,340.1,400,54550
20240216,10:49:05,339.05,50,54550
20240216,10:49:09,340.15,200,54550
20240216,10:49:09,340.85,50,54550
20240216,10:49:43,335.25,200,54550
20240216,10:50:26,336.4,150,54550
20240216,10:50:30,338.05,600,54550
20240216,10:50:51,339.95,100,54550
20240216,10:51:01,339.6,250,54550
20240216,10:51:02,340.7,250,54550
20240216,10:51:37,340.5,50,54550
20240216,10:51:38,339.05,100,54550
20240216,10:51:54,340.35,100,54200
20240216,10:51:59,340.65,100,54200
20240216,10:52:18,337.85,950,54200
20240216,10:52:24,334.95,350,54200
20240216,10:52:36,337.0,50,54200
20240216,10:52:39,336.0,50,54200
20240216,10:52:43,335.85,100,54200
20240216,10:52:44,334.05,400,54200
20240216,10:53:02,335.95,250,54200
20240216,10:53:03,335.2,50,54200
20240216,10:53:09,338.65,450,54200
20240216,10:53:15,338.1,250,54200
20240216,10:53:39,335.6,50,54200
20240216,10:53:42,334.5,250,54200
20240216,10:53:43,336.05,1550,54200
20240216,10:53:44,337.05,250,54200
20240216,10:53:47,337.8,200,54200
20240216,10:53:53,337.1,150,54200
20240216,10:53:54,337.05,550,54200
20240216,10:54:01,337.3,450,54200
20240216,10:54:03,338.1,550,54200
20240216,10:54:24,337.8,400,54200
20240216,10:54:26,335.25,550,54200
20240216,10:55:03,334.35,500,54600
20240216,10:55:08,333.0,100,54600
20240216,10:55:11,333.4,500,54600
20240216,10:55:33,335.0,1750,54600
20240216,10:55:35,333.3,450,54600
20240216,10:55:39,333.7,50,54600
20240216,10:56:01,332.35,50,54600
20240216,10:56:14,332.25,250,54600
20240216,10:56:29,333.55,50,54600
20240216,10:56:36,332.95,100,54600
20240216,10:56:38,333.3,450,54600
20240216,10:57:03,336.0,150,54600
20240216,10:57:15,337.05,550,54600
20240216,10:58:14,333.7,150,53350
20240216,10:59:02,335.45,550,53350
20240216,10:59:43,334.75,50,53350
20240216,10:59:44,334.8,50,53350
20240216,10:59:46,333.7,100,53350
20240216,11:01:11,338.85,50,53100
20240216,11:01:33,341.0,100,53100
20240216,11:01:39,343.8,100,53100
20240216,11:01:40,344.15,100,53100
20240216,11:02:02,340.1,200,53100
20240216,11:02:03,340.8,250,53100
20240216,11:02:04,339.3,250,53100
20240216,11:02:10,339.6,550,53100
20240216,11:02:16,340.8,250,53100
20240216,11:02:17,339.7,100,53100
20240216,11:02:42,338.15,50,53100
20240216,11:02:51,338.95,50,53100
20240216,11:03:02,340.0,1200,53100
20240216,11:03:31,333.35,350,53100
20240216,11:03:42,332.1,250,53100
20240216,11:04:05,333.3,50,51900
20240216,11:04:13,334.35,50,51900
20240216,11:04:31,334.35,150,51900
20240216,11:04:46,336.4,200,51900
20240216,11:05:29,333.3,50,51900
20240216,11:05:40,334.05,200,51900
20240216,11:05:59,333.6,250,51900
20240216,11:06:07,332.85,50,51900
20240216,11:06:08,332.0,50,51900
20240216,11:06:15,330.3,250,51900
20240216,11:06:16,330.0,500,51900
20240216,11:06:26,331.1,50,51900
20240216,11:06:29,332.05,50,51900
20240216,11:07:07,335.8,50,52200
20240216,11:07:40,332.05,1100,52200
20240216,11:07:44,333.3,250,52200
20240216,11:07:51,331.7,50,52200
20240216,11:08:02,331.15,300,52200
20240216,11:08:07,330.6,200,52200
20240216,11:08:10,329.7,250,52200
20240216,11:08:20,328.65,50,52200
20240216,11:08:26,331.0,1100,52200
20240216,11:08:44,330.9,50,52200
20240216,11:09:03,331.3,600,52200
20240216,11:09:31,332.55,300,52200
20240216,11:09:34,332.25,300,52200
20240216,11:09:35,332.1,300,52200
20240216,11:10:02,332.05,100,53700
20240216,11:10:22,334.65,50,53700
20240216,11:10:29,336.45,50,53700
20240216,11:10:31,336.45,50,53700
20240216,11:10:32,336.3,50,53700
20240216,11:10:34,336.4,50,53700
20240216,11:10:53,336.75,250,53700
20240216,11:11:01,334.65,250,53700
20240216,11:11:08,334.7,50,53700
20240216,11:11:10,334.6,50,53700
20240216,11:11:20,335.25,200,53700
20240216,11:11:22,334.75,50,53700
20240216,11:11:24,335.65,50,53700
20240216,11:11:29,336.6,100,53700
20240216,11:11:34,334.7,50,53700
20240216,11:11:34,335.1,50,53700
20240216,11:11:35,335.45,50,53700
20240216,11:11:45,336.2,50,53700
20240216,11:11:46,335.9,50,53700
20240216,11:11:50,335.8,50,53700
20240216,11:11:59,336.05,50,53700
20240216,11:12:06,336.5,250,53700
20240216,11:12:06,334.15,50,53700
20240216,11:12:14,333.75,50,53700
20240216,11:12:56,335.1,250,53650
20240216,11:13:18,335.5,50,53650
20240216,11:13:19,334.6,250,53650
20240216,11:13:20,334.0,100,53650
20240216,11:13:42,337.0,50,53650
20240216,11:13:46,336.9,50,53650
20240216,11:13:59,337.5,50,53650
20240216,11:14:03,339.0,550,53650
20240216,11:14:12,338.8,150,53650
20240216,11:15:24,338.4,100,53650
20240216,11:15:28,338.85,250,53650
20240216,11:15:52,339.0,850,53650
20240216,11:15:56,340.5,300,53650
20240216,11:16:40,336.15,250,53650
20240216,11:16:57,334.65,50,53650
20240216,11:17:19,333.7,50,53650
20240216,11:17:29,332.4,250,53650
20240216,11:18:03,330.0,500,53650
20240216,11:18:23,330.7,500,53650
20240216,11:18:25,329.75,1500,53650
20240216,11:19:02,331.8,250,54400
20240216,11:21:02,328.25,100,54400
20240216,11:21:03,327.25,50,54400
20240216,11:21:25,333.0,250,54400
20240216,11:21:30,333.2,100,54400
20240216,11:21:46,334.25,500,54650
20240216,11:22:03,334.5,250,54650
20240216,11:22:10,330.9,50,54650
20240216,11:22:15,329.55,150,54650
20240216,11:22:44,331.0,50,54650
20240216,11:22:59,331.65,500,54650
20240216,11:23:31,333.25,50,54650
20240216,11:23:48,335.0,250,54650
20240216,11:24:05,335.0,50,54650
20240216,11:24:20,337.05,200,54650
20240216,11:24:21,337.75,100,54650
20240216,11:24:25,338.1,50,54650
20240216,11:24:38,334.05,500,54650
20240216,11:24:59,334.75,50,54500
20240216,11:25:13,332.0,500,54500
20240216,11:25:37,336.6,350,54500
20240216,11:25:47,335.9,250,54500
20240216,11:25:51,336.55,50,54500
20240216,11:26:00,337.15,50,54500
20240216,11:26:40,332.0,200,54500
20240216,11:27:00,332.2,50,54500
20240216,11:27:11,331.5,100,54500
20240216,11:30:01,334.35,600,54850
20240216,11:30:03,336.0,250,54850
20240216,11:30:13,333.15,50,54850
20240216,11:30:30,335.9,50,54850
20240216,11:30:37,335.1,250,54850
20240216,11:31:56,337.0,150,54350
20240216,11:32:02,338.35,100,54350
20240216,11:32:03,340.2,150,54350
20240216,11:32:16,340.75,250,54350
20240216,11:32:28,337.45,200,54350
20240216,11:32:36,336.95,150,54350
20240216,11:33:02,338.2,250,54350
20240216,11:33:17,334.05,600,54350
20240216,11:33:59,336.6,300,54350
20240216,11:34:09,337.25,250,54000
20240216,11:34:48,339.6,250,54000
20240216,11:35:00,337.8,200,54000
20240216,11:35:06,340.0,850,54000
20240216,11:35:12,337.85,100,54000
20240216,11:35:15,339.2,550,54000
20240216,11:35:31,337.9,100,54000
20240216,11:36:16,347.55,1450,54000
20240216,11:36:16,346.95,50,54000
20240216,11:36:24,344.15,1250,54000
20240216,11:36:25,343.35,50,54000
20240216,11:36:29,343.6,150,54000
20240216,11:36:41,345.45,100,54000
20240216,11:36:42,345.9,50,54000
20240216,11:36:48,344.95,50,53950
20240216,11:36:50,344.85,450,53950
20240216,11:37:03,346.35,150,53950
20240216,11:37:04,346.25,250,53950
20240216,11:37:13,347.45,50,53950
20240216,11:37:14,348.15,200,53950
20240216,11:37:19,347.25,250,53950
20240216,11:37:26,346.0,250,53950
20240216,11:37:37,348.0,100,53950
20240216,11:37:42,348.0,50,53950
20240216,11:37:43,351.05,550,53950
20240216,11:37:50,350.7,50,53950
20240216,11:37:52,349.5,50,53950
20240216,11:37:58,349.05,900,53950
20240216,11:38:02,351.45,250,53950
20240216,11:38:03,351.7,50,53950
20240216,11:38:12,347.8,100,53950
20240216,11:38:17,348.25,100,53950
20240216,11:38:27,346.0,1000,53950
20240216,11:39:02,347.05,500,53950
20240216,11:39:18,347.85,50,53950
20240216,11:39:24,347.6,50,53950
20240216,11:39:39,349.35,350,53950
20240216,11:40:48,348.9,50,52850
20240216,11:40:49,348.75,500,52850
20240216,11:41:01,344.9,250,52850
20240216,11:41:02,346.0,100,52850
20240216,11:41:03,344.5,200,52850
20240216,11:41:08,344.5,1050,52850
20240216,11:41:19,344.95,250,52850
20240216,11:41:44,346.05,300,52850
20240216,11:42:01,350.75,250,52850
20240216,11:42:19,351.65,150,52850
20240216,11:42:27,350.85,250,52850
20240216,11:42:28,349.75,350,52850
20240216,11:42:29,350.15,250,52850
20240216,11:42:47,351.15,250,54100
20240216,11:42:59,356.0,1200,54100
20240216,11:43:03,357.5,950,54100
20240216,11:43:05,355.05,50,54100
20240216,11:43:08,355.65,1850,54100
20240216,11:43:30,351.6,100,54100
20240216,11:43:38,350.0,1650,54100
20240216,11:43:56,346.6,250,54100
20240216,11:44:03,347.65,350,54100
20240216,11:44:14,345.1,100,54100
20240216,11:44:15,345.3,50,54100
20240216,11:44:19,345.3,1100,54100
20240216,11:44:30,341.7,250,54100
20240216,11:44:33,341.9,50,54100
20240216,11:44:43,340.6,100,54100
20240216,11:44:53,339.4,50,54100
20240216,11:45:01,342.4,50,54100
20240216,11:45:02,344.35,250,54100
20240216,11:45:19,346.05,50,54100
20240216,11:46:02,346.0,50,52700
20240216,11:46:15,349.0,1100,52700
20240216,11:46:19,352.05,500,52700
20240216,11:46:25,355.05,200,52700
20240216,11:46:36,352.0,150,52700
20240216,11:46:39,354.75,1200,52700
20240216,11:46:40,354.8,300,52700
20240216,11:46:41,354.3,50,52700
20240216,11:46:54,350.95,150,52700
20240216,11:46:55,352.45,100,52700
20240216,11:47:02,352.8,50,52700
20240216,11:47:03,353.7,50,52700
20240216,11:47:04,354.6,50,52700
20240216,11:47:23,352.15,500,52700
20240216,11:47:24,352.35,250,52700
20240216,11:47:40,348.6,1350,52700
20240216,11:47:53,352.0,50,52700
20240216,11:47:54,351.0,100,52700
20240216,11:48:02,352.35,100,52700
20240216,11:48:03,350.6,50,52700
20240216,11:48:22,348.4,100,52700
20240216,11:48:37,350.7,50,52700
20240216,11:48:59,347.95,250,53200
20240216,11:49:03,347.55,250,53200
20240216,11:49:29,345.9,50,53200
20240216,11:49:46,351.0,1100,53200
20240216,11:49:52,350.55,200,53200
20240216,11:49:55,350.55,350,53200
20240216,11:50:37,343.55,300,53200
20240216,11:50:54,343.8,250,53200
20240216,11:51:00,341.85,50,53200
20240216,11:51:01,340.7,1200,53200
20240216,11:51:03,341.3,300,53200
20240216,11:51:05,341.25,50,53200
20240216,11:51:06,340.0,200,53200
20240216,11:51:15,340.8,250,53200
20240216,11:51:55,342.4,100,53200
20240216,11:52:03,342.7,100,53700
20240216,11:52:10,339.6,50,53700
20240216,11:52:21,339.0,50,53700
20240216,11:53:48,342.0,50,53700
20240216,11:54:41,342.0,150,53700
20240216,11:55:01,342.6,150,53700
20240216,11:55:04,343.2,50,53950
20240216,11:55:16,341.25,50,53950
20240216,11:55:21,342.3,150,53950
20240216,11:56:27,339.55,100,53950
20240216,11:56:30,340.2,100,53950
20240216,11:56:40,340.75,50,53950
20240216,11:56:59,340.6,250,53950
20240216,11:57:00,341.05,50,53950
20240216,11:57:16,339.7,100,53950
20240216,11:57:17,339.7,50,53950
20240216,11:57:24,341.05,50,53950
20240216,11:57:36,342.45,250,53950
20240216,11:58:43,338.0,100,53950
20240216,12:00:26,331.0,50,53800
20240216,12:00:32,332.65,50,53800
20240216,12:00:35,333.75,200,53800
20240216,12:00:54,335.5,50,53700
20240216,12:01:35,336.5,50,53700
20240216,12:01:57,337.9,300,53700
20240216,12:02:11,338.15,50,53700
20240216,12:04:16,333.6,250,53800
20240216,12:04:19,332.7,200,53800
20240216,12:05:18,332.75,250,53800
20240216,12:05:20,332.7,150,53800
20240216,12:05:24,332.4,50,53800
20240216,12:05:40,333.2,350,53800
20240216,12:05:54,334.45,250,53800
20240216,12:06:02,333.7,500,53800
20240216,12:06:10,332.95,50,53800
20240216,12:06:22,330.7,250,53800
20240216,12:06:34,330.2,150,53800
20240216,12:06:35,330.55,50,53800
20240216,12:08:04,330.55,50,53850
20240216,12:08:53,328.65,150,53850
20240216,12:08:55,329.0,50,53850
20240216,12:09:00,328.85,50,53850
20240216,12:09:03,323.15,1750,53850
20240216,12:09:05,325.0,500,53850
20240216,12:09:14,327.35,50,53850
20240216,12:09:40,332.4,500,53850
20240216,12:09:51,334.35,50,55100
20240216,12:09:56,336.0,50,55100
20240216,12:09:58,335.1,500,55100
20240216,12:09:59,335.3,250,55100
20240216,12:10:01,335.7,50,55100
20240216,12:10:02,334.95,1500,55100
20240216,12:10:03,332.85,200,55100
20240216,12:10:28,334.2,50,55100
20240216,12:10:41,334.0,50,55100
20240216,12:11:02,332.35,250,55100
20240216,12:11:05,331.25,250,55100
20240216,12:11:10,330.2,450,55100
20240216,12:11:21,332.15,50,55100
20240216,12:11:57,329.25,150,55100
20240216,12:12:02,325.85,450,55100
20240216,12:12:29,329.55,200,55100
20240216,12:12:43,330.95,50,55100
20240216,12:12:44,331.05,850,55100
20240216,12:12:48,331.5,50,55100
20240216,12:13:02,329.1,550,55200
20240216,12:13:36,328.8,200,55200
20240216,12:16:15,331.45,50,55250
20240216,12:16:25,330.0,50,55250
20240216,12:16:26,330.0,1600,55250
20240216,12:17:02,331.55,250,55250
20240216,12:17:52,335.0,50,55250
20240216,12:18:01,335.0,450,55250
20240216,12:18:02,335.65,300,55250
20240216,12:18:18,336.2,50,55250
20240216,12:18:46,336.85,500,55250
20240216,12:20:00,338.65,50,55250
20240216,12:20:05,337.8,1300,55100
20240216,12:20:07,338.55,300,55100
20240216,12:20:26,337.7,50,55100
20240216,12:20:36,340.0,500,55100
20240216,12:21:04,342.0,50,55100
20240216,12:21:16,342.55,50,55100
20240216,12:21:37,342.45,50,55100
20240216,12:22:21,342.1,50,55200
20240216,12:22:23,342.7,50,55200
20240216,12:22:52,343.35,250,55200
20240216,12:23:02,343.3,100,55200
20240216,12:23:03,343.35,50,55200
20240216,12:23:08,342.85,300,55200
20240216,12:23:23,340.45,250,55200
20240216,12:23:30,341.5,50,55200
20240216,12:24:02,344.55,250,55200
20240216,12:24:22,346.0,1300,55200
20240216,12:24:23,346.25,1050,55200
20240216,12:25:12,346.2,50,54950
20240216,12:25:17,346.15,100,54950
20240216,12:25:33,344.05,250,54950
20240216,12:25:34,343.15,50,54950
20240216,12:26:25,345.95,50,54950
20240216,12:26:30,346.3,50,54950
20240216,12:27:19,352.4,250,54950
20240216,12:27:24,351.9,50,54950
20240216,12:27:56,348.5,50,54750
20240216,12:28:40,347.7,50,54750
20240216,12:28:42,346.7,100,54750
20240216,12:29:20,349.65,250,54750
20240216,12:29:29,350.0,500,54750
20240216,12:30:02,352.05,250,54750
20240216,12:30:24,352.65,50,54750
20240216,12:30:25,352.3,50,54750
20240216,12:31:00,349.2,50,54850
20240216,12:31:02,350.25,300,54850
20240216,12:31:15,349.2,50,54850
20240216,12:31:16,350.35,250,54850
20240216,12:31:17,349.15,150,54850
20240216,12:31:34,350.35,100,54850
20240216,12:31:35,351.05,50,54850
20240216,12:31:54,350.55,50,54850
20240216,12:32:08,350.65,100,54850
20240216,12:32:18,350.25,500,54850
20240216,12:32:21,349.65,100,54850
20240216,12:32:22,349.15,500,54850
20240216,12:32:26,348.05,100,54850
20240216,12:32:29,348.7,50,54850
20240216,12:32:37,345.55,250,54850
20240216,12:32:42,345.9,200,54850
20240216,12:32:43,345.2,50,54850
20240216,12:32:45,346.0,100,54850
20240216,12:32:46,346.3,100,54850
20240216,12:32:48,347.3,50,54850
20240216,12:32:56,349.0,50,54850
20240216,12:32:58,350.45,100,54850
20240216,12:33:03,349.65,1800,54850
20240216,12:33:05,351.3,50,54850
20240216,12:33:19,350.2,50,54850
20240216,12:33:51,351.95,300,54850
20240216,12:33:55,349.85,50,54750
20240216,12:33:58,350.3,50,54750
20240216,12:34:01,348.95,300,54750
20240216,12:34:03,353.25,100,54750
20240216,12:34:07,349.05,550,54750
20240216,12:34:11,348.1,150,54750
20240216,12:34:13,348.3,300,54750
20240216,12:34:19,347.9,50,54750
20240216,12:34:29,347.8,50,54750
20240216,12:34:31,347.2,50,54750
20240216,12:34:35,347.4,250,54750
20240216,12:34:42,346.5,1150,54750
20240216,12:34:44,347.7,250,54750
20240216,12:34:53,347.25,50,54750
20240216,12:35:01,347.35,450,54750
20240216,12:35:46,349.35,50,54750
20240216,12:35:51,346.95,1050,54750
20240216,12:35:53,347.7,250,54750
20240216,12:36:08,346.0,100,54750
20240216,12:36:16,345.0,100,54750
20240216,12:36:26,343.85,250,54750
20240216,12:36:28,344.85,100,54750
20240216,12:36:40,345.15,50,54750
20240216,12:37:16,343.8,400,55950
20240216,12:37:39,342.7,250,55950
20240216,12:38:00,343.6,550,55950
20240216,12:38:01,344.25,250,55950
20240216,12:38:08,343.2,400,55950
20240216,12:38:10,343.05,200,55950
20240216,12:38:28,341.65,200,55950
20240216,12:38:33,341.1,50,55950
20240216,12:38:33,342.0,300,55950
20240216,12:38:35,341.2,50,55950
20240216,12:38:38,340.9,400,55950
20240216,12:38:53,339.7,100,55950
20240216,12:38:54,341.35,100,55950
20240216,12:38:56,340.55,200,55950
20240216,12:39:02,340.75,250,55950
20240216,12:39:15,339.9,50,55950
20240216,12:39:38,339.9,150,55950
20240216,12:39:45,339.5,50,55950
20240216,12:39:52,338.6,250,55950
20240216,12:39:56,339.1,350,56150
20240216,12:40:10,339.5,50,56150
20240216,12:40:37,338.6,150,56150
20240216,12:40:51,338.75,100,56150
20240216,12:41:25,343.05,600,56150
20240216,12:41:27,343.2,400,56150
20240216,12:41:33,343.35,450,56150
20240216,12:41:38,344.45,600,56150
20240216,12:41:45,344.7,300,56150
20240216,12:41:56,343.25,50,56150
20240216,12:42:01,342.85,250,56150
20240216,12:42:21,340.0,100,56150
20240216,12:42:35,339.3,1800,56150
20240216,12:42:47,340.2,50,56150
20240216,12:42:58,340.9,50,56750
20240216,12:44:08,340.2,100,56750
20240216,12:45:04,340.95,150,56750
20240216,12:45:40,338.65,500,56750
20240216,12:46:02,339.6,300,57200
20240216,12:46:34,341.45,150,57200
20240216,12:48:18,340.95,50,57200
20240216,12:48:41,337.0,200,57200
20240216,12:49:25,334.2,950,57650
20240216,12:49:26,334.2,50,57650
20240216,12:49:30,333.45,250,57650
20240216,12:49:34,332.7,450,57650
20240216,12:50:10,333.55,150,57650
20240216,12:50:20,333.25,100,57650
20240216,12:50:24,332.4,50,57650
20240216,12:50:32,332.0,100,57650
20240216,12:50:44,332.25,250,57650
20240216,12:51:02,333.1,250,57650
20240216,12:51:04,335.45,200,57650
20240216,12:51:09,334.7,50,57650
20240216,12:51:11,334.9,150,57650
20240216,12:51:20,335.0,150,57650
20240216,12:51:30,334.7,50,57650
20240216,12:51:55,336.15,50,57650
20240216,12:52:08,336.6,100,57450
20240216,12:52:14,335.4,50,57450
20240216,12:52:52,336.35,1000,57450
20240216,12:53:01,335.4,50,57450
20240216,12:53:04,335.65,250,57450
20240216,12:53:37,333.5,100,57450
20240216,12:53:52,332.85,50,57450
20240216,12:54:00,333.1,100,57450
20240216,12:54:03,330.0,50,57450
20240216,12:54:19,330.1,250,57450
20240216,12:54:25,330.4,350,57450
20240216,12:54:27,330.45,500,57450
20240216,12:54:35,330.25,100,57450
20240216,12:54:49,326.8,250,57450
20240216,12:54:50,326.55,400,57450
20240216,12:54:51,326.0,50,57450
20240216,12:55:16,324.8,50,57450
20240216,12:55:24,323.55,250,56600
20240216,12:55:29,323.25,50,56600
20240216,12:55:30,322.0,50,56600
20240216,12:55:36,321.8,50,56600
20240216,12:55:37,320.0,100,56600
20240216,12:55:42,320.0,150,56600
20240216,12:55:47,321.9,100,56600
20240216,12:56:01,322.5,300,56600
20240216,12:56:21,324.45,350,56600
20240216,12:56:28,325.05,850,56600
20240216,12:56:39,324.95,250,56600
20240216,12:56:52,325.45,1800,56600
20240216,12:57:01,324.3,250,56600
20240216,12:57:07,324.0,100,56600
20240216,12:57:55,325.75,500,56600
20240216,12:57:59,326.85,100,57150
20240216,12:58:00,326.85,50,57150
20240216,12:58:01,327.0,400,57150
20240216,12:58:02,327.0,50,57150
20240216,12:58:12,326.1,350,57150
20240216,12:59:36,324.0,100,57150
20240216,13:00:39,325.75,150,57150
20240216,13:00:54,318.45,1750,57150
20240216,13:00:56,318.6,250,57150
20240216,13:00:59,319.9,50,57150
20240216,13:01:02,320.1,250,57200
20240216,13:01:04,320.3,250,57200
20240216,13:01:12,324.4,50,57200
20240216,13:01:36,327.55,50,57200
20240216,13:01:46,327.3,250,57200
20240216,13:01:47,328.0,50,57200
20240216,13:01:48,330.0,250,57200
20240216,13:01:53,329.35,50,57200
20240216,13:02:01,326.15,250,57200
20240216,13:02:19,326.15,100,57200
20240216,13:02:34,330.3,100,57200
20240216,13:02:35,330.15,50,57200
20240216,13:02:45,329.7,350,57200
20240216,13:02:46,330.5,250,57200
20240216,13:02:47,329.8,50,57200
20240216,13:03:22,328.0,50,57200
20240216,13:03:28,329.05,50,57200
20240216,13:03:53,329.1,500,57200
20240216,13:03:56,328.0,50,57200
20240216,13:04:00,328.65,250,57300
20240216,13:04:39,328.85,100,57300
20240216,13:04:40,328.85,250,57300
20240216,13:04:45,328.65,50,57300
20240216,13:04:49,328.8,1250,57300
20240216,13:04:57,328.75,700,57300
20240216,13:05:08,328.3,50,57300
20240216,13:05:29,328.3,50,57300
20240216,13:05:59,327.8,50,57300
20240216,13:06:05,329.0,250,57300
20240216,13:06:36,329.55,250,57300
20240216,13:06:46,330.6,500,57300
20240216,13:07:51,329.5,50,58700
20240216,13:08:05,328.0,50,58700
20240216,13:10:22,326.85,100,58750
20240216,13:10:34,323.8,150,58750
20240216,13:10:35,323.05,50,58750
20240216,13:10:37,322.85,250,58750
20240216,13:10:40,323.7,250,58750
20240216,13:11:03,323.7,50,58750
20240216,13:11:32,325.2,250,58750
20240216,13:11:37,324.7,250,58750
20240216,13:12:37,325.3,500,58750
20240216,13:12:45,324.9,250,58750
20240216,13:13:03,326.4,300,59150
20240216,13:13:09,326.25,250,59150
20240216,13:13:12,326.8,50,59150
20240216,13:14:17,328.5,50,59150
20240216,13:14:36,326.7,550,59150
20240216,13:14:52,327.4,250,59150
20240216,13:14:53,326.55,250,59150
20240216,13:15:02,327.7,50,59150
20240216,13:15:16,328.0,50,59150
20240216,13:15:21,328.0,50,59150
20240216,13:15:29,328.6,100,59150
20240216,13:15:37,328.9,200,59150
20240216,13:16:05,326.4,200,59150
20240216,13:16:39,325.95,100,59250
20240216,13:16:42,325.65,200,59250
20240216,13:16:50,326.35,50,59250
20240216,13:17:02,324.0,250,59250
20240216,13:17:05,323.9,100,59250
20240216,13:17:20,324.8,250,59250
20240216,13:17:23,323.5,250,59250
20240216,13:17:58,328.2,150,59250
20240216,13:18:10,327.9,250,59250
20240216,13:18:32,328.8,350,59250
20240216,13:18:35,330.5,250,59250
20240216,13:18:56,329.4,100,59250
20240216,13:19:01,329.7,100,59700
20240216,13:19:04,330.55,450,59700
20240216,13:19:28,330.35,250,59700
20240216,13:19:31,330.0,500,59700
20240216,13:19:33,330.65,50,59700
20240216,13:19:34,331.35,50,59700
20240216,13:19:36,332.0,100,59700
20240216,13:19:37,332.65,250,59700
20240216,13:19:57,332.65,150,59700
20240216,13:20:01,333.0,50,59700
20240216,13:20:02,333.15,500,59700
20240216,13:20:07,333.6,100,59700
20240216,13:20:08,333.55,150,59700
20240216,13:20:15,334.35,150,59700
20240216,13:20:17,335.1,200,59700
20240216,13:20:18,335.1,100,59700
20240216,13:20:28,335.9,150,59700
20240216,13:20:29,335.9,300,59700
20240216,13:20:31,336.55,100,59700
20240216,13:20:33,337.85,850,59700
20240216,13:20:34,336.5,250,59700
20240216,13:20:37,337.85,250,59700
20240216,13:20:47,338.15,250,59700
20240216,13:20:53,336.0,100,59700
20240216,13:21:02,335.05,100,59700
20240216,13:21:03,334.65,400,59700
20240216,13:21:48,331.4,50,59700
20240216,13:21:50,331.45,50,59700
20240216,13:21:55,331.05,400,59700
20240216,13:21:58,332.05,250,59700
20240216,13:22:23,330.0,200,59800
20240216,13:22:51,330.55,200,59800
20240216,13:22:57,335.0,400,59800
20240216,13:23:03,333.55,100,59800
20240216,13:23:15,334.8,250,59800
20240216,13:23:18,334.0,50,59800
20240216,13:23:23,334.4,50,59800
20240216,13:23:29,335.0,50,59800
20240216,13:23:46,333.55,250,59800
20240216,13:23:50,332.7,50,59800
20240216,13:24:09,331.95,50,59800
20240216,13:24:19,332.15,50,59800
20240216,13:24:45,332.2,50,59800
20240216,13:25:33,332.2,50,59300
20240216,13:25:41,333.0,50,59300
20240216,13:26:14,331.95,250,59300
20240216,13:26:16,331.95,50,59300
20240216,13:26:35,332.0,50,59300
20240216,13:26:41,332.8,200,59300
20240216,13:27:46,332.0,500,59300
20240216,13:28:02,334.95,1000,59300
20240216,13:28:03,335.9,50,59300
20240216,13:28:05,333.6,250,58600
20240216,13:28:06,334.75,50,58600
20240216,13:28:13,335.7,500,58600
20240216,13:28:26,335.9,50,58600
20240216,13:28:46,336.0,50,58600
20240216,13:28:52,336.0,50,58600
20240216,13:29:43,338.7,250,58600
20240216,13:29:59,339.95,950,58600
20240216,13:30:02,338.1,900,58600
20240216,13:30:24,338.0,50,58600
20240216,13:30:34,339.0,450,58600
20240216,13:30:59,340.2,250,58600
20240216,13:31:07,343.0,50,59000
20240216,13:31:07,345.0,100,59000
20240216,13:31:19,344.3,100,59000
20240216,13:31:24,345.35,150,59000
20240216,13:31:34,342.9,100,59000
20240216,13:31:39,345.0,100,59000
20240216,13:31:42,346.9,50,59000
20240216,13:32:02,348.65,50,59000
20240216,13:32:07,348.5,300,59000
20240216,13:32:23,345.55,500,59000
20240216,13:32:34,342.35,950,59000
20240216,13:32:40,341.85,100,59000
20240216,13:32:58,341.0,250,59000
20240216,13:33:36,340.35,1600,59000
20240216,13:33:44,339.95,200,59000
20240216,13:34:02,342.35,400,59000
20240216,13:34:03,342.55,50,57750
20240216,13:34:04,340.95,100,57750
20240216,13:34:12,340.95,650,57750
20240216,13:34:18,340.8,50,57750
20240216,13:34:50,338.55,2050,57750
20240216,13:34:59,335.8,50,57750
20240216,13:35:02,336.5,50,57750
20240216,13:35:03,334.45,200,57750
20240216,13:35:05,332.95,350,57750
20240216,13:35:07,332.4,50,57750
20240216,13:35:18,333.3,50,57750
20240216,13:35:21,331.65,250,57750
20240216,13:35:24,332.05,200,57750
20240216,13:35:27,330.8,250,57750
20240216,13:35:30,328.8,400,57750
20240216,13:35:40,331.25,850,57750
20240216,13:35:42,330.7,250,57750
20240216,13:35:44,330.8,50,57750
20240216,13:35:52,330.45,100,57750
20240216,13:35:54,329.65,250,57750
20240216,13:36:00,329.4,100,57750
20240216,13:36:01,329.4,200,57750
20240216,13:36:03,328.65,500,57750
20240216,13:36:06,329.4,50,57750
20240216,13:36:11,329.65,50,57750
20240216,13:36:35,331.95,1800,57750
20240216,13:36:43,331.8,150,57750
20240216,13:36:45,332.15,250,57750
20240216,13:36:46,332.25,50,57750
20240216,13:36:53,333.55,1250,57750
20240216,13:36:56,333.0,50,57750
20240216,13:36:59,332.65,150,57750
20240216,13:37:20,332.2,250,57150
20240216,13:37:21,332.5,50,57150
20240216,13:37:26,332.35,50,57150
20240216,13:37:28,333.3,1050,57150
20240216,13:37:33,332.9,400,57150
20240216,13:37:53,331.95,50,57150
20240216,13:38:11,333.25,50,57150
20240216,13:38:39,331.9,250,57150
20240216,13:38:57,332.0,200,57150
20240216,13:39:13,334.5,100,57150
20240216,13:39:17,334.5,150,57150
20240216,13:39:24,333.2,250,57150
20240216,13:39:45,332.9,50,57150
20240216,13:40:10,329.9,500,57050
20240216,13:40:39,337.6,250,57050
20240216,13:40:49,339.15,50,57050
20240216,13:41:03,340.15,50,57050
20240216,13:41:06,338.8,150,57050
20240216,13:41:12,340.45,100,57050
20240216,13:41:20,339.95,250,57050
20240216,13:42:02,338.1,250,57050
20240216,13:42:17,338.0,50,57050
20240216,13:43:19,337.0,50,57400
20240216,13:43:53,334.35,100,57400
20240216,13:44:32,333.75,300,57400
20240216,13:45:15,333.15,100,57400
20240216,13:46:30,332.15,100,57900
20240216,13:46:57,331.15,100,57900
20240216,13:47:57,329.65,300,57900
20240216,13:48:36,331.2,300,57900
20240216,13:48:42,331.15,250,57900
20240216,13:48:46,332.5,100,57900
20240216,13:48:52,332.6,50,57900
20240216,13:49:12,334.0,50,58150
20240216,13:49:16,333.0,200,58150
20240216,13:49:26,334.45,200,58150
20240216,13:49:38,333.95,50,58150
20240216,13:50:31,330.0,50,58150
20240216,13:50:34,329.15,250,58150
20240216,13:50:40,330.55,50,58150
20240216,13:50:52,331.65,250,58150
20240216,13:50:58,331.1,250,58150
20240216,13:51:01,331.75,250,58150
20240216,13:51:27,335.2,100,58150
20240216,13:51:32,335.6,50,58150
20240216,13:51:37,336.0,150,58150
20240216,13:51:38,335.7,250,58150
20240216,13:51:49,337.7,50,58150
20240216,13:51:50,337.85,50,58150
20240216,13:51:52,337.1,50,58150
20240216,13:52:01,336.2,100,58150
20240216,13:52:12,339.15,250,59200
20240216,13:52:40,333.5,100,59200
20240216,13:52:41,334.8,100,59200
20240216,13:52:47,335.45,50,59200
20240216,13:52:57,334.2,250,59200
20240216,13:53:02,335.7,250,59200
20240216,13:53:05,335.4,250,59200
20240216,13:53:33,336.9,100,59200
20240216,13:53:35,335.65,100,59200
20240216,13:53:57,337.0,250,59200
20240216,13:54:14,332.2,150,59200
20240216,13:54:16,332.15,400,59200
20240216,13:54:18,333.3,100,59200
20240216,13:54:20,333.35,50,59200
20240216,13:54:24,334.3,100,59200
20240216,13:54:43,334.5,700,59200
20240216,13:54:47,333.75,50,59200
20240216,13:54:50,334.05,100,59200
20240216,13:54:54,334.0,400,59200
20240216,13:54:58,334.45,450,59200
20240216,13:55:10,335.8,50,60900
20240216,13:56:09,334.5,300,60900
20240216,13:56:18,336.0,50,60900
20240216,13:56:31,338.55,50,60900
20240216,13:57:01,338.2,50,60900
20240216,13:57:12,338.2,50,60900
20240216,13:57:36,338.2,200,60900
20240216,13:58:36,335.25,250,61300
20240216,13:59:02,335.25,250,61300
20240216,13:59:57,337.55,100,61300
20240216,13:59:58,338.35,250,61300
20240216,14:00:15,340.6,50,61300
20240216,14:00:21,343.0,250,61300
20240216,14:00:22,342.75,50,61300
20240216,14:00:27,343.5,100,61300
20240216,14:00:37,345.0,100,61300
20240216,14:00:45,343.9,100,61300
20240216,14:01:02,345.0,150,61300
20240216,14:01:11,345.45,1000,62000
20240216,14:01:17,346.5,250,62000
20240216,14:01:31,343.5,200,62000
20240216,14:01:56,339.6,50,62000
20240216,14:01:57,338.45,150,62000
20240216,14:03:01,331.5,100,62000
20240216,14:03:02,330.3,250,62000
20240216,14:03:15,332.9,50,62000
20240216,14:03:33,333.7,200,62000
20240216,14:04:07,335.25,150,60700
20240216,14:04:20,336.4,150,60700
20240216,14:05:58,336.0,200,60700
20240216,14:05:59,336.6,100,60700
20240216,14:06:02,335.8,150,60700
20240216,14:06:57,333.9,50,60700
20240216,14:07:06,331.2,100,60700
20240216,14:07:50,332.2,100,60600
20240216,14:08:25,333.0,100,60600
20240216,14:08:27,332.6,150,60600
20240216,14:08:33,331.3,250,60600
20240216,14:08:38,332.25,350,60600
20240216,14:09:15,332.65,300,60600
20240216,14:09:19,332.0,200,60600
20240216,14:09:20,331.75,100,60600
20240216,14:09:22,332.85,50,60600
20240216,14:09:33,332.7,100,60600
20240216,14:09:53,338.8,50,60600
20240216,14:10:38,332.1,400,60000
20240216,14:11:07,333.9,150,60000
20240216,14:11:08,333.25,50,60000
20240216,14:11:13,332.65,250,60000
20240216,14:11:22,332.4,100,60000
20240216,14:11:23,334.7,350,60000
20240216,14:12:22,333.75,50,60000
20240216,14:12:56,336.8,200,60000
20240216,14:12:57,338.0,200,60000
20240216,14:13:10,340.0,50,59450
20240216,14:13:20,339.3,450,59450
20240216,14:13:21,338.7,200,59450
20240216,14:13:26,339.9,250,59450
20240216,14:13:31,341.95,250,59450
20240216,14:13:32,342.0,100,59450
20240216,14:13:40,343.0,100,59450
20240216,14:13:45,345.6,100,59450
20240216,14:13:48,348.15,300,59450
20240216,14:13:49,349.35,150,59450
20240216,14:13:52,350.7,50,59450
20240216,14:13:58,349.95,100,59450
20240216,14:14:01,351.25,100,59450
20240216,14:14:02,352.45,200,59450
20240216,14:14:03,351.25,200,59450
20240216,14:14:04,350.15,100,59450
20240216,14:14:07,350.7,200,59450
20240216,14:14:08,350.2,500,59450
20240216,14:14:15,350.7,250,59450
20240216,14:14:16,351.35,50,59450
20240216,14:14:19,350.4,350,59450
20240216,14:14:39,344.3,200,59450
20240216,14:15:11,342.45,50,59450
20240216,14:15:47,342.3,100,59450
20240216,14:16:37,345.0,200,59400
20240216,14:16:43,344.25,50,59400
20240216,14:16:54,344.35,250,59400
20240216,14:17:38,344.45,200,59400
20240216,14:18:20,337.2,250,59400
20240216,14:18:58,344.35,250,59400
20240216,14:19:39,347.0,250,59800
20240216,14:20:13,345.15,50,59800
20240216,14:20:50,346.6,50,59800
20240216,14:22:05,339.05,50,59800
20240216,14:22:30,344.6,50,59650
20240216,14:23:05,346.0,1000,59650
20240216,14:23:14,347.8,100,59650
20240216,14:23:17,349.0,350,59650
20240216,14:23:23,348.25,100,59650
20240216,14:23:32,348.3,50,59650
20240216,14:23:53,345.4,50,59650
20240216,14:23:57,344.7,50,59650
20240216,14:24:08,345.2,100,59650
20240216,14:24:17,347.65,150,59650
20240216,14:24:19,348.9,100,59650
20240216,14:24:43,344.45,250,59650
20240216,14:24:49,344.15,1850,59650
20240216,14:24:51,343.7,50,59650
20240216,14:25:02,341.9,2150,59650
20240216,14:25:05,341.75,1450,59650
20240216,14:25:07,343.85,250,59650
20240216,14:25:11,342.45,500,61100
20240216,14:25:19,342.3,50,61100
20240216,14:25:56,341.1,250,61100
20240216,14:26:28,343.1,150,61100
20240216,14:26:44,341.4,250,61100
20240216,14:26:58,341.2,250,61100
20240216,14:27:01,340.4,100,61100
20240216,14:27:02,340.25,50,61100
20240216,14:27:15,341.1,250,61100
20240216,14:29:01,338.0,50,61650
20240216,14:29:10,336.65,1900,61650
20240216,14:29:17,336.0,500,61650
20240216,14:29:22,337.25,50,61650
20240216,14:29:24,335.4,200,61650
20240216,14:29:38,332.85,250,61650
20240216,14:29:43,334.05,250,61650
20240216,14:30:03,333.7,200,61650
20240216,14:30:18,333.0,100,61650
20240216,14:30:20,332.25,400,61650
20240216,14:30:54,328.0,650,61650
20240216,14:30:55,328.6,250,61650
20240216,14:30:56,328.95,50,61650
20240216,14:31:09,318.8,1400,61650
20240216,14:31:14,325.75,100,60400
20240216,14:31:16,325.25,350,60400
20240216,14:31:21,326.55,250,60400
20240216,14:31:24,327.0,200,60400
20240216,14:31:26,327.0,100,60400
20240216,14:31:28,328.65,250,60400
20240216,14:31:30,329.35,50,60400
20240216,14:31:36,327.85,1000,60400
20240216,14:31:39,329.15,50,60400
20240216,14:31:43,328.6,50,60400
20240216,14:31:47,330.0,50,60400
20240216,14:31:49,330.45,200,60400
20240216,14:32:03,327.0,150,60400
20240216,14:32:05,326.4,350,60400
20240216,14:32:12,327.55,50,60400
20240216,14:32:13,327.4,50,60400
20240216,14:32:45,329.35,50,60400
20240216,14:32:49,329.8,50,60400
20240216,14:32:53,331.4,100,60400
20240216,14:33:26,329.2,50,60400
20240216,14:33:43,330.45,250,60400
20240216,14:34:06,333.9,50,60400
20240216,14:34:18,330.45,50,58700
20240216,14:35:14,329.6,50,58700
20240216,14:36:13,326.85,200,58700
20240216,14:36:33,323.95,50,58700
20240216,14:36:39,325.0,50,58700
20240216,14:36:44,322.15,400,58700
20240216,14:37:24,322.55,50,59100
20240216,14:37:35,323.0,250,59100
20240216,14:37:54,321.6,150,59100
20240216,14:38:04,321.25,400,59100
20240216,14:38:10,320.1,50,59100
20240216,14:38:20,320.7,50,59100
20240216,14:38:26,321.25,50,59100
20240216,14:38:27,320.25,200,59100
20240216,14:38:36,321.85,50,59100
20240216,14:38:44,320.85,400,59100
20240216,14:38:48,320.7,100,59100
20240216,14:38:59,320.0,50,59100
20240216,14:39:02,319.6,250,59100
20240216,14:39:03,319.65,300,59100
20240216,14:39:05,318.9,200,59100
20240216,14:39:14,318.0,50,59100
20240216,14:39:17,314.4,200,59100
20240216,14:39:24,314.4,100,59100
20240216,14:39:26,314.4,50,59100
20240216,14:39:31,316.45,150,59100
20240216,14:39:39,314.8,100,59100
20240216,14:39:41,313.1,300,59100
20240216,14:39:45,313.1,250,59100
20240216,14:39:48,312.55,1500,59100
20240216,14:39:52,312.55,50,59100
20240216,14:39:56,313.9,150,59100
20240216,14:40:02,311.35,1200,59100
20240216,14:40:05,311.5,950,59100
20240216,14:40:10,311.5,100,59100
20240216,14:40:11,313.0,50,59100
20240216,14:40:12,313.65,1900,58550
20240216,14:40:16,313.2,300,58550
20240216,14:40:17,313.1,400,58550
20240216,14:40:25,310.7,50,58550
20240216,14:40:30,310.7,200,58550
20240216,14:40:37,311.0,400,58550
20240216,14:40:52,315.05,50,58550
20240216,14:40:56,312.0,250,58550
20240216,14:40:59,313.2,350,58550
20240216,14:41:09,313.25,300,58550
20240216,14:41:14,311.4,350,58550
20240216,14:41:38,311.4,50,58550
20240216,14:41:44,309.9,50,58550
20240216,14:41:51,309.9,250,58550
20240216,14:41:56,309.7,50,58550
20240216,14:42:00,309.7,1800,58550
20240216,14:42:02,308.0,250,58550
20240216,14:42:02,308.0,150,58550
20240216,14:42:04,308.0,450,58550
20240216,14:42:08,308.1,150,58550
20240216,14:42:14,307.2,250,58550
20240216,14:42:27,306.8,2000,58550
20240216,14:42:31,308.55,100,58550
20240216,14:42:40,308.0,150,58550
20240216,14:42:57,308.9,250,58550
20240216,14:43:04,308.9,350,58550
20240216,14:43:05,309.9,300,58550
20240216,14:43:07,310.3,50,58550
20240216,14:43:22,309.75,1000,64200
20240216,14:43:24,309.3,350,64200
20240216,14:43:36,310.5,100,64200
20240216,14:43:39,312.0,1800,64200
20240216,14:43:47,312.15,300,64200
20240216,14:43:56,311.6,300,64200
20240216,14:43:57,312.0,50,64200
20240216,14:44:02,311.0,1650,64200
20240216,14:44:03,309.9,200,64200
20240216,14:44:38,314.0,500,64200
20240216,14:44:39,314.0,1450,64200
20240216,14:44:42,313.75,100,64200
20240216,14:44:45,315.0,50,64200
20240216,14:44:48,315.45,100,64200
20240216,14:44:49,316.4,200,64200
20240216,14:44:58,317.1,350,64200
20240216,14:45:01,314.6,250,64200
20240216,14:45:03,316.8,1950,64200
20240216,14:45:06,316.95,400,64200
20240216,14:45:19,314.15,100,64200
20240216,14:45:31,315.9,50,64200
20240216,14:45:39,313.65,50,64200
20240216,14:45:40,312.0,250,64200
20240216,14:45:44,312.2,250,64200
20240216,14:45:47,311.2,1000,64200
20240216,14:45:56,311.95,250,64200
20240216,14:46:30,314.45,350,63700
20240216,14:46:55,311.4,250,63700
20240216,14:47:09,314.7,50,63700
20240216,14:47:19,315.0,100,63700
20240216,14:47:41,317.0,50,63700
20240216,14:48:22,319.0,350,63700
20240216,14:48:38,321.0,50,63700
20240216,14:48:58,322.5,450,63700
20240216,14:49:26,318.9,500,63250
20240216,14:49:29,318.2,50,63250
20240216,14:49:34,317.6,150,63250
20240216,14:49:37,316.55,150,63250
20240216,14:49:39,316.7,50,63250
20240216,14:50:25,317.1,50,63250
20240216,14:50:46,317.85,250,63250
20240216,14:50:57,319.1,300,63250
20240216,14:51:49,319.85,100,63250
20240216,14:51:57,318.0,100,63250
20240216,14:52:01,317.6,350,63250
20240216,14:52:48,322.25,150,62750
20240216,14:53:29,319.2,300,62750
20240216,14:53:38,318.45,250,62750
20240216,14:54:15,317.2,100,62750
20240216,14:54:21,317.7,100,62750
20240216,14:54:45,320.2,300,62750
20240216,14:54:49,320.95,300,62750
20240216,14:54:50,320.25,50,62750
20240216,14:55:10,320.25,100,62750
20240216,14:55:38,321.0,100,62700
20240216,14:55:48,322.0,250,62700
20240216,14:56:18,322.45,200,62700
20240216,14:56:39,321.0,50,62700
20240216,14:56:48,321.3,250,62700
20240216,14:57:03,319.65,600,62700
20240216,14:57:16,321.65,50,62700
20240216,14:57:19,323.15,100,62700
20240216,14:57:25,322.4,250,62700
20240216,14:57:27,323.7,250,62700
20240216,14:57:42,321.0,500,62700
20240216,14:57:44,321.0,250,62700
20240216,14:57:54,320.25,500,62700
20240216,14:57:55,320.25,50,62700
20240216,14:58:22,320.1,500,62900
20240216,14:58:24,320.45,500,62900
20240216,14:58:43,322.45,150,62900
20240216,14:59:03,323.75,800,62900
20240216,14:59:42,320.25,50,62900
20240216,14:59:44,320.0,50,62900
20240216,15:00:00,317.45,600,62900
20240216,15:00:01,317.9,250,62900
20240216,15:00:02,318.35,800,62900
20240216,15:00:04,318.3,600,62900
20240216,15:00:10,316.35,400,62900
20240216,15:00:13,314.1,300,62900
20240216,15:00:19,319.2,50,62900
20240216,15:00:41,317.65,100,62900
20240216,15:00:43,316.85,100,62900
20240216,15:00:48,316.8,300,62900
20240216,15:00:48,316.45,100,62900
20240216,15:01:00,319.85,100,62900
20240216,15:01:00,319.5,100,62900
20240216,15:01:01,320.4,850,62900
20240216,15:01:03,320.05,400,62900
20240216,15:01:04,317.1,100,62900
20240216,15:01:09,317.45,100,62900
20240216,15:01:11,318.0,100,62900
20240216,15:01:12,317.8,150,62900
20240216,15:01:13,317.0,250,62900
20240216,15:01:33,318.5,200,63450
20240216,15:01:36,319.05,200,63450
20240216,15:01:37,319.1,100,63450
20240216,15:01:38,320.25,250,63450
20240216,15:02:16,322.0,400,63450
20240216,15:02:20,319.45,100,63450
20240216,15:02:23,320.0,50,63450
20240216,15:02:23,320.4,50,63450
20240216,15:02:55,316.95,250,63450
20240216,15:02:58,317.5,250,63450
20240216,15:03:05,315.0,750,63450
20240216,15:03:07,312.5,1050,63450
20240216,15:03:11,311.8,100,63450
20240216,15:03:16,314.35,50,63450
20240216,15:03:42,314.0,50,63450
20240216,15:03:45,313.65,250,63450
20240216,15:03:51,314.0,150,63450
20240216,15:03:54,313.7,100,63450
20240216,15:04:02,316.65,250,63450
20240216,15:04:03,314.7,100,63450
20240216,15:04:07,316.4,100,63450
20240216,15:04:10,317.5,150,63450
20240216,15:04:20,319.9,100,65300
20240216,15:04:21,318.55,150,65300
20240216,15:04:31,320.0,650,65300
20240216,15:04:33,322.0,50,65300
20240216,15:04:36,322.5,850,65300
20240216,15:04:44,324.0,700,65300
20240216,15:04:45,325.0,900,65300
20240216,15:04:46,326.0,500,65300
20240216,15:04:47,326.75,250,65300
20240216,15:04:49,328.0,400,65300
20240216,15:04:50,326.4,350,65300
20240216,15:04:51,326.0,300,65300
20240216,15:04:55,327.4,50,65300
20240216,15:04:56,326.3,150,65300
20240216,15:05:01,325.35,700,65300
20240216,15:05:02,327.75,250,65300
20240216,15:05:18,323.7,200,65300
20240216,15:05:55,324.25,300,65300
20240216,15:06:01,325.05,300,65300
20240216,15:06:36,328.0,50,65300
20240216,15:06:40,328.5,400,65300
20240216,15:06:46,329.7,100,65300
20240216,15:06:49,330.25,100,65300
20240216,15:06:53,330.2,250,65300
20240216,15:07:01,328.7,450,65300
20240216,15:07:25,331.85,50,62000
20240216,15:07:35,332.05,200,62000
20240216,15:07:43,334.15,250,62000
20240216,15:07:51,331.0,250,62000
20240216,15:07:59,330.0,50,62000
20240216,15:08:46,334.35,250,62000
20240216,15:08:51,334.2,50,62000
20240216,15:09:29,332.7,100,62000
20240216,15:09:52,332.7,50,62000
20240216,15:09:58,331.95,1250,62000
20240216,15:09:59,332.0,250,62000
20240216,15:10:01,333.6,250,62000
20240216,15:10:02,333.8,100,62000
20240216,15:10:53,329.6,100,61600
20240216,15:10:57,330.0,50,61600
20240216,15:11:19,329.2,50,61600
20240216,15:11:56,333.95,100,61600
20240216,15:12:18,335.0,50,61600
20240216,15:12:53,339.0,50,61600
20240216,15:13:03,339.5,50,61600
20240216,15:13:14,339.1,50,61600
20240216,15:13:27,336.65,200,61300
20240216,15:14:01,335.5,1800,61300
20240216,15:14:19,334.75,250,61300
20240216,15:14:27,335.0,50,61300
20240216,15:15:06,341.7,50,61300
20240216,15:15:12,336.8,550,61300
20240216,15:15:22,336.85,50,61300
20240216,15:15:59,335.7,100,61300
20240216,15:16:17,339.95,50,61300
20240216,15:16:18,339.9,50,59450
20240216,15:16:46,340.0,50,59450
20240216,15:17:10,339.3,250,59450
20240216,15:17:12,340.0,250,59450
20240216,15:17:17,340.55,250,59450
20240216,15:17:24,340.1,50,59450
20240216,15:17:28,340.7,100,59450
20240216,15:17:35,340.0,100,59450
20240216,15:17:43,339.5,50,59450
20240216,15:17:46,338.25,100,59450
20240216,15:17:58,338.55,50,59450
20240216,15:18:01,340.45,250,59450
20240216,15:18:02,339.2,100,59450
20240216,15:19:02,341.15,250,59450
20240216,15:19:03,342.0,50,59450
20240216,15:19:32,342.05,250,59500
20240216,15:19:42,342.95,150,59500
20240216,15:19:55,342.95,100,59500
20240216,15:19:57,343.55,50,59500
20240216,15:20:01,343.25,150,59500
20240216,15:20:02,343.45,350,59500
20240216,15:20:03,344.6,450,59500
20240216,15:20:04,344.1,200,59500
20240216,15:20:07,344.95,200,59500
20240216,15:20:16,346.35,200,59500
20240216,15:20:23,347.85,200,59500
20240216,15:20:26,347.6,150,59500
20240216,15:20:29,348.3,100,59500
20240216,15:20:35,350.35,150,59500
20240216,15:20:40,351.8,100,59500
20240216,15:20:50,354.1,100,59500
20240216,15:20:57,354.9,200,59500
20240216,15:20:58,354.1,50,59500
20240216,15:20:59,353.5,50,59500
20240216,15:21:12,351.15,100,59500
20240216,15:21:13,351.4,50,59500
20240216,15:21:23,350.0,50,59500
20240216,15:21:35,350.0,50,59500
20240216,15:22:01,349.15,100,59500
20240216,15:22:08,349.2,50,59500
20240216,15:22:13,349.45,50,59500
20240216,15:23:20,348.4,1000,59500
20240216,15:23:35,347.1,1100,58850
20240216,15:23:38,347.3,300,58850
20240216,15:23:40,348.4,50,58850
20240216,15:23:51,350.2,50,58850
20240216,15:23:52,349.95,100,58850
20240216,15:23:54,349.1,200,58850
20240216,15:23:56,349.05,100,58850
20240216,15:23:57,349.1,200,58850
20240216,15:23:59,349.35,200,58850
20240216,15:24:09,348.75,50,58850
20240216,15:24:10,348.7,100,58850
20240216,15:24:19,349.5,100,58850
20240216,15:24:28,349.6,50,58850
20240216,15:24:32,349.6,100,58850
20240216,15:24:35,349.65,100,58850
20240216,15:24:36,349.25,250,58850
20240216,15:24:37,349.45,50,58850
20240216,15:25:00,350.4,150,58850
20240216,15:25:19,351.45,50,56250
20240216,15:25:21,351.4,550,56250
20240216,15:25:30,351.3,50,56250
20240216,15:25:44,350.6,50,56250
20240216,15:26:00,350.6,100,56250
20240216,15:26:08,350.0,150,56250
20240216,15:26:16,349.55,50,56250
20240216,15:26:19,350.1,250,56250
20240216,15:26:23,349.9,50,56250
20240216,15:26:25,349.85,200,56250
20240216,15:26:50,346.85,250,56250
20240216,15:26:51,347.35,150,56250
20240216,15:26:55,347.05,50,56250
20240216,15:26:57,347.0,250,56250
20240216,15:27:04,346.25,100,56250
20240216,15:27:05,346.25,50,56250
20240216,15:27:10,345.45,50,56250
20240216,15:27:11,345.0,900,56250
20240216,15:27:12,344.95,250,56250
20240216,15:27:13,345.35,1700,56250
20240216,15:27:15,346.3,600,56250
20240216,15:27:16,346.25,250,56250
20240216,15:27:39,344.6,50,56250
20240216,15:27:41,343.9,100,56250
20240216,15:28:05,340.35,100,56250
20240216,15:28:08,342.1,300,56250
20240216,15:28:10,342.4,150,56250
20240216,15:28:11,341.7,450,56250
20240216,15:28:14,341.75,50,56250
20240216,15:28:38,335.5,250,56000
20240216,15:28:39,335.25,50,56000
20240216,15:29:06,336.85,100,56000
20240216,15:29:37,342.1,300,56000
20240216,15:29:45,342.4,200,56000
20240216,15:29:48,344.85,1050,56000
20240219,09:15:02,298.9,1,56000
20240219,09:15:02,298.9,1000,56000
20240219,09:15:10,320.0,1100,54550
20240219,09:15:18,320.0,100,54550
20240219,09:15:20,319.75,50,54550
20240219,09:15:22,316.5,50,54550
20240219,09:15:25,313.85,200,54550
20240219,09:15:26,311.65,50,54550
20240219,09:15:27,315.9,850,54550
20240219,09:15:32,315.2,50,54300
20240219,09:15:34,314.7,50,54300
20240219,09:15:37,315.45,50,54300
20240219,09:15:39,313.15,50,54300
20240219,09:15:40,313.35,500,54300
20240219,09:16:02,313.6,150,54300
20240219,09:16:04,310.0,50,54300
20240219,09:16:07,303.5,1250,54300
20240219,09:16:09,308.2,1600,54300
20240219,09:16:10,310.65,500,54300
20240219,09:16:11,312.25,750,54300
20240219,09:16:14,306.65,100,54300
20240219,09:16:17,306.2,50,54300
20240219,09:16:20,306.2,150,54300
20240219,09:16:21,306.7,150,54300
20240219,09:16:22,308.1,50,54300
20240219,09:16:25,307.55,50,54300
20240219,09:16:28,307.3,50,54300
20240219,09:16:55,309.35,350,54300
20240219,09:16:56,308.5,50,54300
20240219,09:17:01,308.5,300,54300
20240219,09:17:03,309.1,50,54300
20240219,09:17:06,309.1,50,54300
20240219,09:17:18,310.8,550,54300
20240219,09:17:24,308.15,50,54300
20240219,09:17:45,307.05,50,54300
20240219,09:17:46,307.8,500,54300
20240219,09:17:49,309.0,50,54300
20240219,09:17:53,310.5,200,54300
20240219,09:17:59,308.35,50,54300
20240219,09:18:04,306.4,150,54300
20240219,09:18:05,307.2,200,54300
20240219,09:18:07,307.3,600,54300
20240219,09:18:08,307.3,50,54300
20240219,09:18:09,307.2,100,54300
20240219,09:18:18,310.55,1900,54300
20240219,09:18:25,307.95,350,54300
20240219,09:18:30,305.0,150,54300
20240219,09:18:37,310.95,50,58500
20240219,09:18:39,311.65,50,58500
20240219,09:18:43,309.9,50,58500
20240219,09:18:47,305.6,50,58500
20240219,09:19:01,309.75,450,58500
20240219,09:19:15,308.0,50,58500
20240219,09:19:24,306.45,250,58500
20240219,09:19:25,307.1,50,58500
20240219,09:19:36,306.6,50,58500
20240219,09:19:37,305.9,400,58500
20240219,09:19:39,306.65,50,58500
20240219,09:19:40,307.95,150,58500
20240219,09:19:53,307.5,600,58500
20240219,09:20:00,307.4,100,58500
20240219,09:20:03,304.7,500,58500
20240219,09:20:12,306.8,150,58500
20240219,09:20:15,306.3,50,58500
20240219,09:20:16,304.75,50,58500
20240219,09:20:18,306.5,150,58500
20240219,09:20:40,307.85,100,58500
20240219,09:20:43,308.7,50,58500
20240219,09:20:49,310.5,50,58500
20240219,09:20:50,310.6,50,58500
20240219,09:20:53,309.95,50,58500
20240219,09:20:54,310.3,50,58500
20240219,09:20:59,311.1,50,58500
20240219,09:21:12,312.7,150,58500
20240219,09:21:14,312.6,50,58500
20240219,09:21:23,310.35,50,58500
20240219,09:21:26,312.6,50,58500
20240219,09:21:27,313.6,50,58500
20240219,09:21:28,314.0,750,58500
20240219,09:21:30,313.25,50,58500
20240219,09:21:32,313.35,50,59750
20240219,09:21:36,313.35,100,59750
20240219,09:21:40,312.8,50,59750
20240219,09:21:41,312.95,150,59750
20240219,09:21:43,312.85,50,59750
20240219,09:21:44,312.6,150,59750
20240219,09:21:46,312.65,150,59750
20240219,09:21:48,314.05,150,59750
20240219,09:21:50,315.0,100,59750
20240219,09:21:52,317.4,700,59750
20240219,09:21:56,318.2,50,59750
20240219,09:21:57,318.3,50,59750
20240219,09:21:58,318.7,100,59750
20240219,09:22:00,319.15,300,59750
20240219,09:22:03,317.55,250,59750
20240219,09:22:04,314.2,1400,59750
20240219,09:22:06,314.85,50,59750
20240219,09:22:10,313.95,250,59750
20240219,09:22:20,314.75,50,59750
20240219,09:22:56,313.7,50,59750
20240219,09:23:04,317.55,500,59750
20240219,09:23:06,318.55,100,59750
20240219,09:23:20,317.55,300,59750
20240219,09:23:41,320.0,200,59750
20240219,09:23:52,313.95,300,59750
20240219,09:23:58,314.95,100,59750
20240219,09:24:01,314.75,50,59750
20240219,09:24:03,312.6,150,59750
20240219,09:24:12,313.35,50,59750
20240219,09:24:21,317.4,500,59750
20240219,09:24:44,317.9,200,58500
20240219,09:24:45,317.95,300,58500
20240219,09:24:50,317.2,200,58500
20240219,09:24:56,317.95,250,58500
20240219,09:25:00,317.4,250,58500
20240219,09:25:04,319.75,50,58500
20240219,09:25:06,319.35,50,58500
20240219,09:25:09,319.7,400,58500
20240219,09:25:10,320.0,600,58500
20240219,09:25:14,319.05,150,58500
20240219,09:25:21,317.35,50,58500
20240219,09:25:31,320.6,1600,58500
20240219,09:25:36,315.5,700,58500
20240219,09:25:37,317.3,100,58500
20240219,09:26:03,320.9,100,58500
20240219,09:26:04,320.9,50,58500
20240219,09:26:06,321.15,50,58500
20240219,09:26:10,321.15,50,58500
20240219,09:26:15,325.7,300,58500
20240219,09:26:17,325.7,50,58500
20240219,09:26:20,324.6,100,58500
20240219,09:26:22,325.15,100,58500
20240219,09:26:30,324.95,100,58500
20240219,09:26:32,326.95,1100,58500
20240219,09:26:35,326.95,350,58500
20240219,09:26:36,322.9,400,58500
20240219,09:26:49,323.85,100,58500
20240219,09:27:09,322.05,100,58500
20240219,09:27:11,322.0,50,58500
20240219,09:27:13,320.0,300,58500
20240219,09:27:16,319.8,50,58500
20240219,09:27:18,319.55,150,58500
20240219,09:27:31,320.5,250,58500
20240219,09:27:39,323.1,100,60700
20240219,09:27:41,324.55,50,60700
20240219,09:28:13,323.55,100,60700
20240219,09:28:20,324.05,500,60700
20240219,09:28:44,326.1,400,60700
20240219,09:28:50,325.7,200,60700
20240219,09:28:56,326.3,500,60700
20240219,09:29:00,325.0,350,60700
20240219,09:29:04,326.05,250,60700
20240219,09:29:09,327.45,50,60700
20240219,09:29:12,327.45,200,60700
20240219,09:29:17,325.35,500,60700
20240219,09:29:21,326.0,500,60700
20240219,09:29:28,323.55,50,60700
20240219,09:29:47,327.7,50,60700
20240219,09:30:00,329.1,100,60700
20240219,09:30:03,329.1,50,60700
20240219,09:30:04,328.0,200,60700
20240219,09:30:05,327.9,50,60700
20240219,09:30:06,329.0,50,60700
20240219,09:30:08,330.6,150,60700
20240219,09:30:09,330.9,200,60700
20240219,09:30:11,330.9,100,60700
20240219,09:30:14,330.55,50,60700
20240219,09:30:15,328.9,150,60700
20240219,09:30:17,328.95,200,60700
20240219,09:30:26,329.0,50,60700
20240219,09:30:27,329.9,250,60700
20240219,09:30:35,328.65,50,61050
20240219,09:30:47,332.1,50,61050
20240219,09:30:52,334.6,50,61050
20240219,09:30:53,334.75,50,61050
20240219,09:30:54,334.9,300,61050
20240219,09:30:56,335.5,100,61050
20240219,09:31:00,335.5,100,61050
20240219,09:31:02,335.25,50,61050
20240219,09:31:06,337.8,500,61050
20240219,09:31:07,337.8,100,61050
20240219,09:31:08,338.0,100,61050
20240219,09:31:16,338.0,50,61050
20240219,09:31:17,338.0,50,61050
20240219,09:31:18,336.3,350,61050
20240219,09:31:25,333.0,100,61050
20240219,09:31:31,330.0,200,61050
20240219,09:31:34,328.8,400,61050
20240219,09:31:38,329.35,300,61050
20240219,09:31:41,328.25,300,61050
20240219,09:31:47,327.6,50,61050
20240219,09:31:48,327.1,50,61050
20240219,09:31:53,326.0,50,61050
20240219,09:31:56,326.65,300,61050
20240219,09:31:58,326.15,250,61050
20240219,09:32:01,325.95,100,61050
20240219,09:32:02,327.5,50,61050
20240219,09:32:09,332.5,400,61050
20240219,09:32:13,330.15,450,61050
20240219,09:32:20,327.75,300,61050
20240219,09:32:21,328.25,50,61050
20240219,09:32:24,327.9,500,61050
20240219,09:32:25,328.2,300,61050
20240219,09:32:26,327.85,100,61050
20240219,09:32:33,327.0,100,61050
20240219,09:32:36,326.65,50,61050
20240219,09:32:43,326.65,50,61050
20240219,09:32:51,323.85,100,61050
20240219,09:32:52,323.4,250,61050
20240219,09:32:58,321.0,250,61050
20240219,09:33:03,323.85,200,61050
20240219,09:33:08,322.9,50,61050
20240219,09:33:10,324.6,600,61050
20240219,09:33:11,325.0,250,61050
20240219,09:33:22,324.9,50,61050
20240219,09:33:28,322.9,50,61050
20240219,09:33:31,322.35,250,61050
20240219,09:33:32,321.75,100,62650
20240219,09:33:38,320.0,400,62650
20240219,09:33:39,322.2,150,62650
20240219,09:33:41,320.8,100,62650
20240219,09:33:42,321.1,250,62650
20240219,09:33:45,321.0,300,62650
20240219,09:33:45,321.0,450,62650
20240219,09:33:46,320.6,50,62650
20240219,09:33:47,320.3,50,62650
20240219,09:33:48,319.0,50,62650
20240219,09:33:59,319.5,100,62650
20240219,09:34:01,321.45,100,62650
20240219,09:34:02,324.05,1050,62650
20240219,09:34:06,324.05,100,62650
20240219,09:34:09,326.1,1100,62650
20240219,09:34:11,321.85,250,62650
20240219,09:34:13,322.0,50,62650
20240219,09:34:15,322.2,50,62650
20240219,09:34:16,322.55,50,62650
20240219,09:34:20,321.55,50,62650
20240219,09:34:21,321.6,100,62650
20240219,09:34:22,321.5,250,62650
20240219,09:34:25,321.45,200,62650
20240219,09:34:26,321.6,50,62650
20240219,09:34:36,322.35,150,62650
20240219,09:34:46,320.7,750,62650
20240219,09:34:49,321.5,50,62650
20240219,09:34:55,321.6,50,62650
20240219,09:35:04,322.05,300,62650
20240219,09:35:07,321.0,100,62650
20240219,09:35:09,321.15,50,62650
20240219,09:35:11,321.4,200,62650
20240219,09:35:12,324.85,1300,62650
20240219,09:35:13,323.55,150,62650
20240219,09:35:14,323.65,650,62650
20240219,09:35:16,323.55,250,62650
20240219,09:35:17,323.8,150,62650
20240219,09:35:17,324.3,250,62650
20240219,09:35:18,324.0,550,62650
20240219,09:35:19,324.1,200,62650
20240219,09:35:20,324.1,200,62650
20240219,09:35:21,323.85,250,62650
20240219,09:35:22,323.85,400,62650
20240219,09:35:25,323.95,150,62650
20240219,09:35:26,324.9,150,62650
20240219,09:35:28,324.75,950,62650
20240219,09:35:29,324.95,200,62650
20240219,09:35:29,324.95,50,62650
20240219,09:35:30,325.1,100,62650
20240219,09:35:32,325.2,250,62650
20240219,09:35:33,325.45,400,62650
20240219,09:35:34,326.0,400,62650
20240219,09:35:34,325.95,100,62650
20240219,09:35:36,326.05,600,62650
20240219,09:35:36,324.7,2450,62650
20240219,09:35:37,326.2,350,62650
20240219,09:35:38,325.8,200,62650
20240219,09:35:39,325.7,50,62650
20240219,09:35:41,325.7,150,62650
20240219,09:35:46,324.75,1550,62650
20240219,09:35:51,324.75,150,62650
20240219,09:35:55,324.2,50,62650
20240219,09:35:56,324.7,250,62650
20240219,09:35:59,324.2,100,62650
20240219,09:36:03,325.0,200,62650
20240219,09:36:04,325.9,50,62650
20240219,09:36:11,327.7,200,62650
20240219,09:36:26,323.8,50,62650
20240219,09:36:27,322.0,50,62650
20240219,09:36:28,322.05,50,62650
20240219,09:36:31,322.25,250,62650
20240219,09:36:43,320.0,100,68300
20240219,09:36:59,320.05,150,68300
20240219,09:37:01,319.0,100,68300
20240219,09:37:04,319.75,900,68300
20240219,09:37:24,319.75,50,68300
20240219,09:37:28,319.8,50,68300
20240219,09:37:32,319.5,50,68300
20240219,09:37:42,319.65,100,68300
20240219,09:37:44,319.0,50,68300
20240219,09:37:47,319.8,50,68300
20240219,09:37:50,319.0,100,68300
20240219,09:38:03,321.6,450,68300
20240219,09:38:05,320.15,150,68300
20240219,09:38:06,319.45,150,68300
20240219,09:38:07,319.6,650,68300
20240219,09:38:11,319.7,50,68300
20240219,09:38:16,319.95,200,68300
20240219,09:38:17,319.75,50,68300
20240219,09:38:20,319.7,1900,68300
20240219,09:38:34,319.25,50,68300
20240219,09:38:36,319.25,50,68300
20240219,09:38:40,319.2,250,68300
20240219,09:38:47,318.9,50,68300
20240219,09:39:03,323.8,300,68300
20240219,09:39:04,326.0,250,68300
20240219,09:39:05,326.1,300,68300
20240219,09:39:09,325.35,100,68300
20240219,09:39:10,325.5,50,68300
20240219,09:39:11,324.9,50,68300
20240219,09:39:13,324.45,50,68300
20240219,09:39:14,324.05,50,68300
20240219,09:39:15,322.2,50,68300
20240219,09:39:21,320.6,300,68300
20240219,09:39:26,322.3,300,68300
20240219,09:39:37,323.7,300,69600
20240219,09:39:44,326.1,1500,69600
20240219,09:39:46,327.0,1550,69600
20240219,09:39:49,328.5,1450,69600
20240219,09:39:50,327.6,50,69600
20240219,09:39:54,328.05,750,69600
20240219,09:39:55,330.55,1400,69600
20240219,09:39:56,330.5,100,69600
20240219,09:39:57,330.5,50,69600
20240219,09:39:59,329.8,900,69600
20240219,09:40:00,328.3,100,69600
20240219,09:40:01,328.4,100,69600
20240219,09:40:02,327.6,150,69600
20240219,09:40:03,327.5,50,69600
20240219,09:40:04,333.6,3650,69600
20240219,09:40:06,334.05,50,69600
20240219,09:40:07,333.45,250,69600
20240219,09:40:08,331.85,500,69600
20240219,09:40:09,333.0,250,69600
20240219,09:40:10,331.75,600,69600
20240219,09:40:11,331.7,100,69600
20240219,09:40:12,331.65,150,69600
20240219,09:40:13,332.05,150,69600
20240219,09:40:14,331.85,50,69600
20240219,09:40:15,331.25,50,69600
20240219,09:40:16,330.75,450,69600
20240219,09:40:18,329.6,200,69600
20240219,09:40:19,329.6,50,69600
20240219,09:40:22,327.0,350,69600
20240219,09:40:26,326.45,50,69600
20240219,09:40:33,326.65,100,69600
20240219,09:40:36,329.8,50,69600
20240219,09:40:37,328.5,50,69600
20240219,09:40:40,329.9,50,69600
20240219,09:40:43,328.45,150,69600
20240219,09:40:50,331.0,100,69600
20240219,09:40:51,330.8,100,69600
20240219,09:40:53,330.9,100,69600
20240219,09:40:54,331.0,50,69600
20240219,09:40:55,331.0,100,69600
20240219,09:40:56,331.0,50,69600
20240219,09:40:57,330.9,500,69600
20240219,09:41:01,327.75,250,69600
20240219,09:41:02,328.2,200,69600
20240219,09:41:03,333.4,600,69600
20240219,09:41:13,333.0,250,69600
20240219,09:41:14,331.0,100,69600
20240219,09:41:17,332.2,250,69600
20240219,09:41:20,331.6,1100,69600
20240219,09:41:25,332.85,250,69600
20240219,09:41:29,328.2,50,69600
20240219,09:41:35,330.0,200,69600
20240219,09:41:37,330.65,50,69600
20240219,09:41:42,330.75,50,69600
20240219,09:41:43,330.3,50,69600
20240219,09:41:55,329.8,50,69600
20240219,09:42:02,331.2,350,69600
20240219,09:42:09,331.2,550,69600
20240219,09:42:10,330.45,250,69600
20240219,09:42:15,329.9,500,69600
20240219,09:42:26,333.0,1600,69600
20240219,09:42:30,332.35,250,69600
20240219,09:42:31,332.6,250,69600
20240219,09:42:33,332.15,50,69600
20240219,09:42:39,333.8,500,74300
20240219,09:42:40,333.2,150,74300
20240219,09:42:43,333.9,150,74300
20240219,09:42:44,334.4,650,74300
20240219,09:42:46,333.6,100,74300
20240219,09:42:47,335.0,100,74300
20240219,09:43:04,336.2,50,74300
20240219,09:43:18,335.7,100,74300
20240219,09:43:42,333.7,250,74300
20240219,09:43:59,333.7,50,74300
20240219,09:44:04,336.2,650,74300
20240219,09:44:16,336.4,150,74300
20240219,09:44:23,340.0,450,74300
20240219,09:44:24,344.0,300,74300
20240219,09:44:25,345.05,450,74300
20240219,09:44:26,345.0,50,74300
20240219,09:44:29,343.95,100,74300
20240219,09:44:33,344.85,850,74300
20240219,09:44:36,344.8,50,74300
20240219,09:44:38,345.0,50,74300
20240219,09:44:41,346.8,50,74300
20240219,09:44:42,346.8,50,74300
20240219,09:44:44,344.85,50,74300
20240219,09:44:48,343.6,2950,74300
20240219,09:44:59,345.05,100,74300
20240219,09:45:03,349.0,150,74300
20240219,09:45:04,350.0,100,74300
20240219,09:45:05,353.9,750,74300
20240219,09:45:06,356.85,250,74300
20240219,09:45:07,357.55,100,74300
20240219,09:45:13,360.4,200,74300
20240219,09:45:13,360.9,100,74300
20240219,09:45:14,360.9,250,74300
20240219,09:45:16,357.3,100,74300
20240219,09:45:19,355.9,50,74300
20240219,09:45:22,355.5,100,74300
20240219,09:45:22,355.15,1800,74300
20240219,09:45:24,355.5,50,74300
20240219,09:45:29,354.1,450,74300
20240219,09:45:31,357.1,50,74300
20240219,09:45:36,352.55,50,74300
20240219,09:45:40,352.5,100,70650
20240219,09:45:43,350.0,100,70650
20240219,09:45:47,349.0,100,70650
20240219,09:45:51,348.25,1000,70650
20240219,09:46:02,354.75,50,70650
20240219,09:46:04,355.0,50,70650
20240219,09:46:13,351.45,50,70650
20240219,09:46:24,348.25,50,70650
20240219,09:46:35,347.85,50,70650
20240219,09:46:46,346.75,50,70650
20240219,09:46:46,347.1,50,70650
20240219,09:46:53,347.7,300,70650
20240219,09:47:05,352.45,50,70650
20240219,09:47:16,344.5,350,70650
20240219,09:47:19,345.15,50,70650
20240219,09:47:25,343.8,50,70650
20240219,09:47:28,343.0,100,70650
20240219,09:47:30,343.0,950,70650
20240219,09:47:31,343.35,200,70650
20240219,09:47:55,342.3,100,70650
20240219,09:49:01,351.95,50,70550
20240219,09:49:16,349.0,50,70550
20240219,09:49:19,346.8,50,70550
20240219,09:49:30,346.2,50,70550
20240219,09:49:45,348.4,50,70550
20240219,09:49:50,350.0,50,70550
20240219,09:49:57,350.4,50,70550
20240219,09:50:18,353.4,50,70550
20240219,09:50:22,355.0,1000,70550
20240219,09:50:37,358.85,50,70550
20240219,09:50:40,359.6,50,70550
20240219,09:50:42,357.9,2000,70550
20240219,09:50:43,358.05,50,70550
20240219,09:50:44,356.9,100,70550
20240219,09:50:48,358.3,1300,70550
20240219,09:50:49,358.45,50,70550
20240219,09:50:53,363.6,500,70550
20240219,09:50:57,366.3,100,70550
20240219,09:50:58,365.55,50,70550
20240219,09:50:59,365.55,250,70550
20240219,09:51:00,366.0,50,70550
20240219,09:51:02,370.35,650,70550
20240219,09:51:03,371.95,200,70550
20240219,09:51:10,370.35,50,70550
20240219,09:51:15,370.35,300,70550
20240219,09:51:17,372.0,50,70550
20240219,09:51:20,372.5,200,70550
20240219,09:51:28,375.5,100,70550
20240219,09:51:29,375.95,100,70550
20240219,09:51:34,376.9,100,70550
20240219,09:51:35,378.6,350,68250
20240219,09:51:39,378.6,50,68250
20240219,09:51:40,375.9,150,68250
20240219,09:51:43,374.2,50,68250
20240219,09:51:47,374.4,150,68250
20240219,09:51:51,375.0,50,68250
20240219,09:51:55,375.3,50,68250
20240219,09:51:58,375.0,100,68250
20240219,09:52:14,375.7,50,68250
20240219,09:52:21,374.2,50,68250
20240219,09:52:26,371.75,200,68250
20240219,09:52:45,370.55,50,68250
