date,time,tick_price,volume,open_interest
20231213,13:11:05,27.4,50,50
20231213,13:42:06,26.45,50,50
20231213,14:28:35,25.6,50,100
20231213,14:29:59,24.6,50,100
20240104,11:49:17,1.85,1,100
20240104,11:49:17,1.7,100,100
20240104,11:50:05,1.85,50,100
20240104,11:50:10,1.8,50,100
20240104,11:51:57,1.8,100,200
20240104,11:53:27,1.7,50,200
20240104,11:54:36,1.85,150,250
20240104,11:54:40,1.8,50,250
20240104,12:12:49,1.85,100,450
20240104,12:17:22,1.7,50,550
20240104,12:22:38,1.7,50,550
20240104,12:23:08,1.7,50,550
20240104,12:25:18,1.7,50,550
20240104,12:47:57,1.7,50,600
20240104,13:33:44,1.6,150,650
20240104,13:36:56,1.6,500,700
20240104,13:37:15,2.0,250,700
20240104,13:55:31,1.55,50,1050
20240104,13:55:39,1.55,50,1050
20240104,14:11:28,1.45,250,950
20240104,14:11:50,1.4,150,950
20240104,14:12:32,1.35,100,1100
20240104,14:25:25,1.35,100,1000
20240104,14:25:36,1.3,150,1000
20240104,14:58:32,1.3,50,1200
20240104,15:02:42,1.4,50,1250
20240104,15:02:50,1.4,100,1250
20240104,15:12:12,1.45,100,1250
20240104,15:19:13,1.45,50,1250
20240104,15:19:30,1.45,50,1250
20240104,15:19:39,1.45,100,1250
20240104,15:20:50,1.5,100,1250
20240104,15:22:08,1.6,150,1100
20240104,15:22:17,1.6,50,1100
20240104,15:23:13,1.65,100,1100
20240104,15:26:39,1.4,50,1000
20240104,15:28:35,1.6,200,950
20240105,09:15:03,1.4,1,950
20240105,09:15:03,1.4,50,950
20240105,09:15:05,1.55,200,950
20240105,09:15:08,1.55,500,950
20240105,09:15:11,1.55,50,950
20240105,09:15:31,1.3,300,950
20240105,09:15:38,1.2,50,950
20240105,09:15:39,1.15,50,950
20240105,09:15:42,1.15,50,950
20240105,09:15:56,1.3,50,950
20240105,09:16:20,1.3,100,950
20240105,09:16:29,1.3,100,950
20240105,09:16:41,1.35,50,950
20240105,09:16:48,1.3,150,950
20240105,09:16:51,1.3,50,950
20240105,09:17:14,1.25,150,950
20240105,09:17:25,1.25,50,2000
20240105,09:17:51,1.25,250,2000
20240105,09:17:53,1.3,50,2000
20240105,09:17:54,1.3,450,2000
20240105,09:19:03,1.25,250,2000
20240105,09:19:04,1.25,50,2000
20240105,09:19:17,1.25,50,2000
20240105,09:19:41,1.25,50,2000
20240105,09:19:46,1.25,100,2000
20240105,09:20:07,1.25,100,2000
20240105,09:20:26,1.25,150,3150
20240105,09:20:33,1.25,50,3150
20240105,09:21:06,1.25,350,3150
20240105,09:21:08,1.25,100,3150
20240105,09:21:27,1.25,50,3150
20240105,09:22:15,1.25,50,3150
20240105,09:22:25,1.2,200,3150
20240105,09:23:25,1.2,50,3150
20240105,09:23:37,1.2,350,3150
20240105,09:23:38,1.2,50,3150
20240105,09:23:44,1.2,50,3150
20240105,09:23:44,1.15,1300,3150
20240105,09:23:46,1.2,50,3150
20240105,09:23:48,1.2,50,3150
20240105,09:23:53,1.2,50,3150
20240105,09:24:02,1.2,50,3150
20240105,09:24:22,1.15,250,3150
20240105,09:24:22,1.15,600,3150
20240105,09:24:26,1.15,50,3150
20240105,09:24:30,1.15,50,3150
20240105,09:24:35,1.15,50,3150
20240105,09:25:02,1.1,50,3150
20240105,09:26:22,1.1,250,3150
20240105,09:26:27,1.15,50,3850
20240105,09:27:11,1.1,50,3850
20240105,09:27:44,1.15,250,3850
20240105,09:27:52,1.1,300,3850
20240105,09:28:09,1.1,350,3850
20240105,09:28:10,1.1,50,3850
20240105,09:28:18,1.1,50,3850
20240105,09:28:26,1.1,350,3850
20240105,09:30:21,1.1,250,3850
20240105,09:30:22,1.1,200,3800
20240105,09:30:23,1.1,50,3800
20240105,09:30:24,1.1,50,3800
20240105,09:30:28,1.1,50,3800
20240105,09:31:43,1.1,300,3800
20240105,09:33:38,1.05,100,3900
20240105,09:33:42,1.05,1000,3900
20240105,09:33:58,1.1,50,3900
20240105,09:34:13,1.1,50,3900
20240105,09:34:51,1.1,50,3900
20240105,09:35:31,1.05,650,3900
20240105,09:35:40,1.05,50,5050
20240105,09:35:46,1.05,450,5050
20240105,09:35:47,1.05,50,5050
20240105,09:36:01,1.0,1050,5050
20240105,09:36:03,1.0,50,5050
20240105,09:36:45,1.05,50,5050
20240105,09:37:21,1.05,200,5050
20240105,09:37:24,1.05,50,5050
20240105,09:41:12,1.15,2950,5050
20240105,09:41:16,1.05,50,5050
20240105,09:41:17,1.1,700,5050
20240105,09:41:20,1.15,300,5050
20240105,09:43:22,1.2,1050,4350
20240105,09:43:56,1.15,150,4350
20240105,09:44:05,1.25,2200,4350
20240105,09:44:06,1.2,150,4350
20240105,09:44:07,1.2,200,4350
20240105,09:44:20,1.25,650,7050
20240105,09:44:20,1.25,250,7050
20240105,09:46:12,1.2,300,7050
20240105,09:49:26,1.15,150,7050
20240105,09:53:16,1.15,350,7950
20240105,09:54:54,1.15,350,8050
20240105,09:57:12,1.15,150,8050
20240105,09:57:24,1.15,50,8300
20240105,10:00:59,1.15,100,8300
20240105,10:04:34,1.15,100,8400
20240105,10:04:35,1.15,1000,8450
20240105,10:04:37,1.15,50,8450
20240105,10:05:26,1.15,1900,8200
20240105,10:05:45,1.15,50,8200
20240105,10:05:45,1.15,350,8200
20240105,10:05:55,1.15,200,8200
20240105,10:08:58,1.15,50,9650
20240105,10:10:26,1.15,50,9650
20240105,10:10:51,1.15,1850,9650
20240105,10:12:48,1.2,350,10000
20240105,10:12:49,1.2,350,10000
20240105,10:18:24,1.2,100,10000
20240105,10:18:26,1.15,250,10000
20240105,10:19:12,1.2,100,10000
20240105,10:20:30,1.2,100,10300
20240105,10:23:04,1.2,1300,10300
20240105,10:26:08,1.2,50,10300
20240105,10:26:26,1.15,50,10350
20240105,10:26:32,1.2,100,10350
20240105,10:27:04,1.15,50,10350
20240105,10:27:11,1.15,50,10350
20240105,10:27:21,1.15,50,10350
20240105,10:27:31,1.15,50,10350
20240105,10:27:43,1.15,50,10350
20240105,10:28:26,1.15,50,10350
20240105,10:30:07,1.15,50,10400
20240105,10:31:18,1.2,50,10400
20240105,10:31:22,1.15,50,10400
20240105,10:37:33,1.2,1000,10400
20240105,10:46:14,1.25,50,11000
20240105,10:47:51,1.15,50,11000
20240105,10:47:53,1.2,50,11050
20240105,10:49:16,1.2,750,11050
20240105,10:49:16,1.2,50,11050
20240105,10:50:18,1.2,50,11050
20240105,10:50:31,1.15,550,11300
20240105,10:50:39,1.1,1050,11300
20240105,10:51:07,1.1,650,11300
20240105,10:51:55,1.05,2150,11300
20240105,10:51:58,1.05,50,11300
20240105,10:52:29,1.05,150,11300
20240105,10:52:56,1.05,500,11300
20240105,10:53:04,1.05,150,11300
20240105,10:53:04,1.0,1950,11300
20240105,10:53:34,1.05,250,9600
20240105,10:54:00,1.05,50,9600
20240105,10:54:02,1.05,250,9600
20240105,10:54:04,1.05,50,9600
20240105,10:54:07,1.05,600,9600
20240105,10:54:24,1.05,100,9600
20240105,10:54:56,1.05,1800,9600
20240105,10:54:57,1.0,200,9600
20240105,10:55:05,1.05,2600,9600
20240105,10:55:06,1.05,400,9600
20240105,10:56:48,1.0,3700,8250
20240105,10:56:50,0.95,1800,8250
20240105,10:56:58,0.95,1500,8250
20240105,10:56:59,0.95,2100,8250
20240105,10:57:09,0.95,2500,8250
20240105,10:57:10,0.95,2300,8250
20240105,10:57:18,0.95,50,8250
20240105,10:58:06,0.95,1700,8250
20240105,10:58:07,0.9,3700,8250
20240105,10:58:11,0.9,450,8250
20240105,10:58:27,0.95,500,8250
20240105,10:59:11,0.95,50,8250
20240105,11:03:31,0.9,250,8250
20240105,11:04:30,0.95,400,23650
20240105,11:07:01,0.95,100,23650
20240105,11:07:32,0.95,50,23650
20240105,11:09:00,0.95,50,23650
20240105,11:09:14,0.95,250,23650
20240105,11:10:07,0.95,50,23650
20240105,11:10:51,0.95,250,23650
20240105,11:11:08,0.95,50,23650
20240105,11:11:50,0.95,50,23550
20240105,11:12:05,0.95,600,23550
20240105,11:12:32,0.95,100,23550
20240105,11:12:34,0.95,100,23550
20240105,11:12:45,0.95,100,23550
20240105,11:13:06,0.95,50,23550
20240105,11:13:33,0.95,500,23550
20240105,11:13:51,0.95,750,23550
20240105,11:13:59,0.95,250,23550
20240105,11:15:04,1.0,1800,23550
20240105,11:15:06,1.0,2350,23550
20240105,11:15:40,1.0,250,23550
20240105,11:16:14,1.05,50,23550
20240105,11:16:44,1.0,50,23550
20240105,11:16:54,0.95,950,23550
20240105,11:20:27,0.95,350,19950
20240105,11:20:31,0.95,150,19950
20240105,11:21:00,0.95,50,20000
20240105,11:22:20,0.95,50,20000
20240105,11:24:29,0.95,50,20000
20240105,11:25:48,1.0,50,19950
20240105,11:29:12,1.0,1800,19950
20240105,11:29:27,1.0,1800,19950
20240105,11:29:28,1.0,3750,19950
20240105,11:29:32,1.0,2350,19950
20240105,11:29:35,1.0,600,13500
20240105,11:29:36,1.0,300,13500
20240105,11:29:39,1.0,200,13500
20240105,11:29:45,0.95,250,13500
20240105,11:32:16,1.0,1950,13500
20240105,11:32:22,1.0,50,13500
20240105,11:32:23,1.0,50,13500
20240105,11:32:24,1.05,1850,13500
20240105,11:32:45,1.0,50,13500
20240105,11:34:00,1.0,50,11900
20240105,11:36:32,1.0,50,11900
20240105,11:36:39,1.05,150,11900
20240105,11:40:29,1.05,50,11900
20240105,11:46:53,1.0,150,11900
20240105,11:47:48,1.0,750,11950
20240105,11:47:53,1.0,50,11850
20240105,11:48:00,1.0,250,11850
20240105,11:49:21,1.05,750,11850
20240105,11:53:09,1.05,50,11850
20240105,12:03:15,1.05,50,11900
20240105,12:03:29,1.0,50,11900
20240105,12:03:42,1.0,700,11900
20240105,12:10:18,1.0,300,11850
20240105,12:13:17,1.05,50,11850
20240105,12:13:19,1.1,700,11850
20240105,12:13:27,1.05,450,11850
20240105,12:14:29,1.05,50,11850
20240105,12:14:32,1.05,100,11850
20240105,12:14:51,1.05,50,12150
20240105,12:15:26,1.05,50,12150
20240105,12:16:39,1.1,300,12150
20240105,12:17:05,1.1,550,12150
20240105,12:17:06,1.1,250,12150
20240105,12:17:07,1.1,450,12150
20240105,12:17:39,1.1,100,12150
20240105,12:17:46,1.15,1800,12450
20240105,12:18:37,1.1,300,12450
20240105,12:18:41,1.1,250,12450
20240105,12:18:54,1.15,1800,12450
20240105,12:19:17,1.15,2250,12450
20240105,12:19:18,1.15,250,12450
20240105,12:19:38,1.15,50,12450
20240105,12:20:06,1.2,2300,12450
20240105,12:20:10,1.2,950,12450
20240105,12:20:10,1.25,1800,12450
20240105,12:20:12,1.2,50,12450
20240105,12:20:14,1.2,50,12450
20240105,12:20:15,1.2,1450,12450
20240105,12:20:24,1.2,50,12450
20240105,12:20:26,1.25,3100,12450
20240105,12:20:28,1.25,50,12450
20240105,12:20:30,1.3,6050,12450
20240105,12:20:33,1.35,350,12450
20240105,12:20:34,1.35,100,12450
20240105,12:20:36,1.35,100,12450
20240105,12:20:37,1.35,50,12450
20240105,12:20:40,1.35,100,12450
20240105,12:20:41,1.35,100,12450
20240105,12:20:43,1.35,50,23950
20240105,12:20:51,1.35,50,23950
20240105,12:20:54,1.35,50,23950
20240105,12:21:08,1.35,2500,23950
20240105,12:21:12,1.35,50,23950
20240105,12:21:33,1.35,500,23950
20240105,12:22:36,1.3,200,23950
20240105,12:23:12,1.3,100,23950
20240105,12:23:22,1.3,200,23950
20240105,12:23:30,1.3,700,23950
20240105,12:24:14,1.25,1800,23950
20240105,12:24:14,1.25,600,24350
20240105,12:24:18,1.25,250,24350
20240105,12:24:23,1.25,50,24350
20240105,12:25:16,1.25,50,24350
20240105,12:25:17,1.25,50,24350
20240105,12:25:47,1.2,1200,24350
20240105,12:25:54,1.2,50,24350
20240105,12:25:56,1.25,1800,24350
20240105,12:26:00,1.25,50,24350
20240105,12:26:03,1.25,250,24350
20240105,12:30:38,1.3,250,24350
20240105,12:35:26,1.25,800,27100
20240105,12:35:38,1.25,100,27100
20240105,12:35:50,1.25,250,27700
20240105,12:36:24,1.25,50,27700
20240105,12:36:32,1.25,150,27700
20240105,12:38:17,1.25,250,27700
20240105,12:38:50,1.25,750,27700
20240105,12:39:10,1.25,50,27700
20240105,12:39:18,1.25,50,27700
20240105,12:42:18,1.2,50,27700
20240105,12:54:31,1.2,250,27050
20240105,12:55:30,1.25,50,27050
20240105,12:55:47,1.2,250,27050
20240105,12:59:14,1.2,800,27550
20240105,13:02:36,1.2,50,27550
20240105,13:03:07,1.25,50,28300
20240105,13:04:22,1.25,1600,28300
20240105,13:06:53,1.2,1000,27300
20240105,13:07:02,1.2,50,27300
20240105,13:07:11,1.25,1800,27300
20240105,13:07:17,1.25,350,27300
20240105,13:13:33,1.2,650,27300
20240105,13:13:56,1.2,800,26700
20240105,13:18:11,1.2,400,27650
20240105,13:19:42,1.25,250,27650
20240105,13:23:00,1.25,50,27600
20240105,13:25:23,1.25,50,27600
20240105,13:25:42,1.25,50,27600
20240105,13:27:52,1.2,50,27600
20240105,13:28:05,1.2,100,27600
20240105,13:28:15,1.2,3950,27600
20240105,13:28:20,1.2,250,27600
20240105,13:32:40,1.2,50,27600
20240105,13:34:49,1.15,50,28300
20240105,13:38:32,1.2,50,28300
20240105,13:38:52,1.2,50,28300
20240105,13:38:54,1.2,50,28300
20240105,13:40:37,1.2,50,28300
20240105,13:41:12,1.2,3150,28300
20240105,13:41:17,1.2,50,28300
20240105,13:43:59,1.2,250,28300
20240105,13:44:00,1.2,1750,27800
20240105,13:44:48,1.15,1800,27800
20240105,13:45:48,1.15,50,30100
20240105,13:46:13,1.15,200,30100
20240105,13:46:24,1.15,650,30100
20240105,13:46:41,1.15,50,30100
20240105,13:48:53,1.15,300,29850
20240105,13:48:58,1.15,400,29850
20240105,13:49:29,1.15,50,29850
20240105,13:49:30,1.15,50,29850
20240105,13:49:59,1.15,50,29850
20240105,13:50:54,1.15,50,29850
20240105,13:50:56,1.15,250,29850
20240105,13:51:45,1.15,100,29500
20240105,13:51:48,1.15,250,29500
20240105,13:56:07,1.1,50,29000
20240105,13:56:50,1.15,250,29000
20240105,13:57:15,1.15,4900,29000
20240105,13:57:16,1.15,50,28800
20240105,13:57:18,1.15,200,28800
20240105,13:57:30,1.15,500,28800
20240105,13:57:34,1.1,1350,28800
20240105,14:00:00,1.1,300,29550
20240105,14:00:37,1.15,550,29550
20240105,14:00:38,1.15,1100,29550
20240105,14:03:23,1.1,1800,28700
20240105,14:04:33,1.1,50,28700
20240105,14:07:04,1.1,50,28700
20240105,14:07:20,1.1,50,27800
20240105,14:07:21,1.1,50,27800
20240105,14:07:38,1.1,50,27800
20240105,14:07:47,1.1,50,27800
20240105,14:09:48,1.15,500,27550
20240105,14:12:14,1.1,4600,27550
20240105,14:13:00,1.1,6750,27750
20240105,14:13:01,1.1,2650,27750
20240105,14:13:06,1.1,450,27750
20240105,14:13:07,1.1,300,27750
20240105,14:13:24,1.1,800,27750
20240105,14:13:26,1.1,500,27750
20240105,14:13:46,1.1,1850,27750
20240105,14:13:48,1.05,3600,27750
20240105,14:14:05,1.05,1800,27750
20240105,14:14:31,1.05,200,27750
20240105,14:15:03,1.05,8550,19550
20240105,14:15:09,1.0,4150,19550
20240105,14:15:11,1.05,50,19550
20240105,14:15:15,1.05,50,19550
20240105,14:16:00,1.05,50,19550
20240105,14:16:20,1.05,50,19550
20240105,14:16:53,1.0,50,19550
20240105,14:16:58,1.05,50,19550
20240105,14:19:16,1.0,200,19550
20240105,14:19:20,1.0,100,15650
20240105,14:19:23,1.0,50,15650
20240105,14:19:25,1.0,50,15650
20240105,14:19:26,1.0,50,15650
20240105,14:19:50,0.95,150,15650
20240105,14:19:51,0.95,300,15650
20240105,14:20:07,1.0,50,15650
20240105,14:20:09,0.95,1750,15650
20240105,14:20:13,0.95,50,15650
20240105,14:20:26,0.95,50,15650
20240105,14:20:33,0.9,50,15650
20240105,14:21:43,0.9,1800,14450
20240105,14:22:19,0.95,50,14450
20240105,14:22:24,0.95,50,14450
20240105,14:22:45,0.95,800,14450
20240105,14:23:29,0.95,800,14450
20240105,14:23:38,0.95,50,14450
20240105,14:24:03,0.95,800,14450
20240105,14:24:09,0.95,50,13000
20240105,14:24:12,0.95,50,13000
20240105,14:25:35,0.9,300,13000
20240105,14:25:48,0.9,250,13000
20240105,14:26:27,0.95,50,13000
20240105,14:27:28,0.9,250,13000
20240105,14:28:08,0.9,1650,12750
20240105,14:29:14,0.9,50,12750
20240105,14:29:46,0.9,200,12750
20240105,14:31:57,0.9,50,12750
20240105,14:33:06,0.9,100,13000
20240105,14:33:20,0.9,50,13000
20240105,14:33:28,0.9,50,13000
20240105,14:33:38,0.9,50,13000
20240105,14:40:30,0.9,50,13000
20240105,14:41:08,0.95,250,13000
20240105,14:42:05,0.95,250,12750
20240105,14:43:05,0.95,1250,12750
20240105,14:43:10,0.95,200,12750
20240105,14:43:11,0.95,200,12750
20240105,14:43:31,0.95,250,12750
20240105,14:43:32,0.95,400,12750
20240105,14:44:15,0.95,50,12750
20240105,14:44:33,0.95,250,12750
20240105,14:45:52,0.85,1900,12750
20240105,14:45:55,0.85,50,11900
20240105,14:46:40,0.9,250,11900
20240105,14:46:42,0.9,50,11900
20240105,14:46:43,0.9,50,11900
20240105,14:46:44,0.9,150,11900
20240105,14:46:47,0.9,50,11900
20240105,14:46:51,0.9,100,11900
20240105,14:47:22,0.9,50,11900
20240105,14:47:23,0.9,50,11900
20240105,14:48:28,0.9,150,11700
20240105,14:49:09,0.9,650,11700
20240105,14:49:59,0.9,50,11700
20240105,14:50:01,0.9,50,11700
20240105,14:50:03,0.95,50,11700
20240105,14:50:15,0.95,600,11700
20240105,14:50:16,0.95,100,11700
20240105,14:50:48,0.95,100,11700
20240105,14:51:38,1.0,1800,11700
20240105,14:53:14,1.0,100,10800
20240105,14:53:15,1.0,250,10800
20240105,14:53:25,1.05,250,10800
20240105,14:53:33,1.0,50,10800
20240105,14:53:57,1.0,100,10800
20240105,14:53:58,1.0,300,10800
20240105,14:54:56,1.05,200,10800
20240105,14:55:11,1.05,100,10850
20240105,14:55:19,1.05,50,10850
20240105,14:55:21,1.05,150,10850
20240105,14:55:22,1.05,500,10850
20240105,14:55:54,1.1,2700,10850
20240105,14:55:56,1.1,50,10850
20240105,14:55:58,1.1,50,10850
20240105,14:56:03,1.1,100,10850
20240105,14:56:07,1.1,50,10850
20240105,14:56:12,1.1,50,10850
20240105,14:56:22,1.15,1800,10850
20240105,14:56:24,1.1,50,10850
20240105,14:56:27,1.15,500,10850
20240105,14:57:18,1.1,50,10850
20240105,14:57:19,1.1,50,12800
20240105,14:57:47,1.1,50,12800
20240105,14:57:48,1.1,3150,12800
20240105,14:57:57,1.1,50,12800
20240105,14:58:11,1.1,50,12800
20240105,14:58:33,1.15,250,12800
20240105,14:58:34,1.1,50,12800
20240105,14:58:35,1.1,100,12800
20240105,14:58:45,1.15,50,12800
20240105,14:58:47,1.1,50,12800
20240105,14:58:47,1.15,50,12800
20240105,14:58:48,1.1,50,12800
20240105,14:59:14,1.1,7800,12800
20240105,15:00:06,1.1,400,19850
20240105,15:00:08,1.1,150,19850
20240105,15:01:17,1.15,750,19850
20240105,15:01:29,1.15,1800,19850
20240105,15:01:30,1.15,4800,19850
20240105,15:01:56,1.15,1850,19850
20240105,15:02:34,1.2,350,19850
20240105,15:02:41,1.2,50,19850
20240105,15:02:46,1.2,550,19850
20240105,15:02:51,1.2,50,19850
20240105,15:02:56,1.2,50,19850
20240105,15:03:03,1.2,50,19850
20240105,15:03:05,1.2,200,19850
20240105,15:03:10,1.2,50,28500
20240105,15:04:31,1.2,250,28500
20240105,15:04:53,1.2,100,28500
20240105,15:05:05,1.2,250,28500
20240105,15:05:09,1.25,200,28500
20240105,15:05:28,1.25,200,28500
20240105,15:05:29,1.25,50,28500
20240105,15:05:56,1.25,50,28500
20240105,15:06:07,1.25,50,28300
20240105,15:06:18,1.25,50,28300
20240105,15:06:30,1.25,50,28300
20240105,15:06:34,1.25,2400,28300
20240105,15:06:43,1.25,500,28300
20240105,15:06:44,1.25,150,28300
20240105,15:06:53,1.25,50,28300
20240105,15:07:09,1.25,2300,28300
20240105,15:07:11,1.25,1900,28300
20240105,15:07:23,1.25,400,28300
20240105,15:08:09,1.25,350,28300
20240105,15:08:27,1.25,1950,28300
20240105,15:08:33,1.25,250,28300
20240105,15:08:49,1.3,3250,28300
20240105,15:09:10,1.3,300,28300
20240105,15:09:13,1.3,50,27950
20240105,15:09:18,1.3,50,27950
20240105,15:09:19,1.3,50,27950
20240105,15:09:29,1.25,200,27950
20240105,15:09:51,1.25,50,27950
20240105,15:10:00,1.25,50,27950
20240105,15:10:06,1.25,50,27950
20240105,15:10:14,1.3,50,27950
20240105,15:10:27,1.25,950,27950
20240105,15:10:28,1.25,550,27950
20240105,15:10:51,1.2,4150,27950
20240105,15:11:02,1.2,250,27950
20240105,15:11:04,1.2,250,27950
20240105,15:11:05,1.15,50,27950
20240105,15:12:01,1.15,50,27950
20240105,15:12:05,1.1,2350,27950
20240105,15:12:36,1.15,50,31700
20240105,15:13:02,1.1,50,31700
20240105,15:13:13,1.2,50,31700
20240105,15:13:17,1.2,250,31700
20240105,15:13:29,1.15,50,31700
20240105,15:14:32,1.15,100,31700
20240105,15:14:40,1.15,50,31700
20240105,15:14:43,1.15,200,31700
20240105,15:14:57,1.15,50,31700
20240105,15:15:07,1.1,50,31700
20240105,15:15:11,1.1,200,31550
20240105,15:15:12,1.1,50,31550
20240105,15:15:14,1.1,50,31550
20240105,15:15:14,1.1,950,31550
20240105,15:15:28,1.05,900,31550
20240105,15:15:29,1.05,350,31550
20240105,15:15:33,1.05,1200,31550
20240105,15:15:36,1.05,50,31550
20240105,15:15:38,1.05,50,31550
20240105,15:16:26,1.05,3000,31550
20240105,15:16:27,1.05,50,31550
20240105,15:16:33,1.05,50,31550
20240105,15:16:36,1.05,1250,31550
20240105,15:16:39,1.05,100,31550
20240105,15:16:41,1.05,100,31550
20240105,15:17:00,1.0,550,31550
20240105,15:17:06,1.0,950,31550
20240105,15:17:07,1.0,250,31550
20240105,15:17:25,1.05,600,31550
20240105,15:18:10,1.0,6200,33550
20240105,15:18:13,1.0,100,33550
20240105,15:18:49,1.0,1800,33550
20240105,15:19:07,0.95,100,33550
20240105,15:20:02,1.0,50,33550
20240105,15:20:32,0.9,550,33550
20240105,15:20:34,0.95,50,33550
20240105,15:21:27,0.95,1200,33900
20240105,15:21:28,0.95,50,33900
20240105,15:21:29,0.95,300,33900
20240105,15:21:30,0.95,50,33900
20240105,15:21:32,0.95,50,33900
20240105,15:21:38,0.95,50,33900
20240105,15:21:43,0.95,50,33900
20240105,15:21:44,0.95,250,33900
20240105,15:21:45,0.9,500,33900
20240105,15:21:54,0.95,100,33900
20240105,15:22:19,0.85,1500,33900
20240105,15:22:25,0.9,50,33900
20240105,15:22:41,0.9,100,33900
20240105,15:23:20,0.9,2150,33900
20240105,15:23:20,0.9,300,33900
20240105,15:24:11,0.9,3600,33900
20240105,15:24:12,0.9,700,31800
20240105,15:24:16,0.9,50,31800
20240105,15:25:06,0.9,100,31800
20240105,15:25:26,0.9,100,31800
20240105,15:25:30,0.9,50,31800
20240105,15:25:34,0.95,250,31800
20240105,15:25:54,0.95,250,31800
20240105,15:25:57,0.95,300,31800
20240105,15:26:12,0.95,250,31800
20240105,15:26:29,0.95,250,31800
20240105,15:26:53,1.0,250,31800
20240105,15:27:47,0.95,50,31800
20240105,15:28:06,1.0,50,28600
20240105,15:28:10,0.95,350,28600
20240105,15:28:25,0.95,450,28600
20240105,15:28:30,0.95,250,28600
20240105,15:28:31,0.95,50,28600
20240105,15:28:34,0.95,200,28600
20240105,15:28:59,0.95,250,28600
20240105,15:29:00,1.0,50,28600
20240105,15:29:02,1.0,50,28600
20240105,15:29:08,0.95,150,28600
20240105,15:29:12,1.0,250,28600
20240105,15:29:21,0.95,50,28600
20240105,15:29:25,0.9,150,28600
20240105,15:29:26,0.95,100,28600
20240105,15:29:30,0.95,100,28600
20240105,15:29:37,0.95,50,28600
20240105,15:29:38,0.95,100,28600
20240105,15:29:39,0.95,100,28600
20240105,15:29:40,0.95,50,28600
20240105,15:29:42,0.95,50,28600
20240105,15:29:53,0.85,50,28600
20240108,09:15:03,0.85,1,27350
20240108,09:15:03,0.85,50,27350
20240108,09:15:13,1.0,100,27350
20240108,09:15:15,1.0,50,27350
20240108,09:15:57,0.95,50,27350
20240108,09:15:59,0.9,150,27350
20240108,09:15:59,0.95,50,27350
20240108,09:16:28,0.95,350,27350
20240108,09:16:40,1.0,150,27350
20240108,09:16:41,1.0,50,27350
20240108,09:16:42,1.0,100,27350
20240108,09:16:43,1.0,50,27350
20240108,09:16:56,1.0,600,27350
20240108,09:17:12,1.0,350,27350
20240108,09:17:14,1.0,200,27350
20240108,09:17:15,1.0,550,27350
20240108,09:17:30,1.0,250,27350
20240108,09:17:31,1.05,250,27350
20240108,09:17:36,1.05,300,27350
20240108,09:17:37,1.05,500,27350
20240108,09:17:57,1.05,1050,27350
20240108,09:18:00,1.05,450,27350
20240108,09:18:01,1.05,400,27350
20240108,09:18:36,1.05,100,27350
20240108,09:18:40,1.05,50,27350
20240108,09:19:09,1.05,50,27350
20240108,09:19:19,1.05,200,27350
20240108,09:19:24,1.05,150,27350
20240108,09:20:03,1.05,100,27350
20240108,09:20:27,1.05,600,27350
20240108,09:20:33,1.05,100,26050
20240108,09:21:15,1.0,50,26050
20240108,09:21:22,1.05,300,26050
20240108,09:21:24,1.05,850,26050
20240108,09:21:27,1.05,850,26050
20240108,09:21:29,1.05,700,26050
20240108,09:21:45,1.05,350,26050
20240108,09:21:47,1.05,50,26050
20240108,09:21:53,1.05,400,26050
20240108,09:22:42,1.05,100,26050
20240108,09:22:43,1.05,50,26050
20240108,09:23:18,1.15,2100,26050
20240108,09:23:26,1.1,1200,27450
20240108,09:23:33,1.1,250,27450
20240108,09:24:10,1.1,250,27450
20240108,09:25:37,1.1,50,27450
20240108,09:27:22,1.15,500,27300
20240108,09:27:56,1.15,1850,27300
20240108,09:27:57,1.15,1900,27300
20240108,09:28:07,1.05,1800,27300
20240108,09:28:42,1.1,950,27300
20240108,09:28:42,1.1,250,27300
20240108,09:28:43,1.1,200,27300
20240108,09:28:44,1.1,100,27300
20240108,09:29:00,1.1,350,27300
20240108,09:30:08,1.05,700,31500
20240108,09:30:37,1.1,50,31500
20240108,09:32:05,1.05,100,31500
20240108,09:32:10,1.05,50,31500
20240108,09:32:35,1.05,1500,31500
20240108,09:33:27,1.05,750,32250
20240108,09:35:43,1.05,150,32250
20240108,09:36:00,1.0,50,30300
20240108,09:36:25,1.05,50,30300
20240108,09:37:11,1.05,50,30300
20240108,09:37:55,1.05,50,30300
20240108,09:38:12,1.0,1350,30300
20240108,09:38:35,1.0,350,30300
20240108,09:39:23,1.0,450,30250
20240108,09:39:24,1.0,350,30250
20240108,09:39:26,1.0,100,30250
20240108,09:40:11,0.95,150,30250
20240108,09:40:38,1.0,50,30250
20240108,09:40:41,1.0,50,30250
20240108,09:40:41,1.0,250,30250
20240108,09:42:26,1.0,650,30250
20240108,09:44:49,1.0,250,30800
20240108,09:45:51,0.95,250,30700
20240108,09:46:33,0.95,750,30700
20240108,09:46:36,0.95,400,30700
20240108,09:46:37,1.0,50,30700
20240108,09:48:10,0.95,50,30150
20240108,09:50:31,1.0,150,30200
20240108,09:51:09,0.95,50,30200
20240108,09:51:40,0.95,250,30200
20240108,09:51:56,1.0,250,30200
20240108,09:53:52,0.95,1800,30200
20240108,09:54:16,1.0,250,30600
20240108,09:54:44,1.0,50,30600
20240108,09:54:56,1.0,50,30600
20240108,09:55:43,1.0,50,30600
20240108,09:55:58,0.95,100,30600
20240108,09:56:00,0.95,50,30600
20240108,09:58:22,0.95,50,30600
20240108,09:58:33,0.95,850,29400
20240108,10:01:23,0.95,300,29400
20240108,10:04:37,1.0,1000,28650
20240108,10:05:08,1.0,50,28600
20240108,10:10:04,0.95,50,28600
20240108,10:10:27,0.95,500,28600
20240108,10:10:28,1.0,150,28600
20240108,10:10:44,1.0,3850,28600
20240108,10:10:46,1.0,300,28600
20240108,10:12:05,1.0,750,28600
20240108,10:12:06,1.0,50,28500
20240108,10:12:07,1.0,50,28500
20240108,10:12:08,1.0,50,28500
20240108,10:12:09,1.0,50,28500
20240108,10:12:10,1.0,50,28500
20240108,10:12:12,1.0,50,28500
20240108,10:12:21,1.0,250,28500
20240108,10:16:17,1.05,1550,28950
20240108,10:16:52,1.05,50,28950
20240108,10:17:22,1.05,50,28950
20240108,10:19:20,1.05,150,28950
20240108,10:20:20,1.05,250,29800
20240108,10:20:59,1.05,50,29800
20240108,10:21:51,1.05,250,29350
20240108,10:22:17,1.05,250,29350
20240108,10:23:51,1.1,500,29350
20240108,10:25:19,1.05,250,29400
20240108,10:30:58,1.1,250,29400
20240108,10:31:54,1.15,3600,29350
20240108,10:31:55,1.2,4300,29350
20240108,10:34:08,1.2,50,29350
20240108,10:34:23,1.2,500,35950
20240108,10:34:33,1.15,50,35950
20240108,10:34:54,1.2,400,35950
20240108,10:34:55,1.25,1850,35950
20240108,10:34:57,1.25,50,35950
20240108,10:34:57,1.2,50,35950
20240108,10:35:11,1.25,500,35950
20240108,10:35:24,1.3,4400,35950
20240108,10:35:25,1.25,150,35950
20240108,10:35:27,1.25,750,35950
20240108,10:35:29,1.25,250,35950
20240108,10:35:35,1.25,50,35950
20240108,10:35:52,1.25,50,40950
20240108,10:35:53,1.25,2700,40950
20240108,10:36:19,1.25,50,40950
20240108,10:36:36,1.2,400,40950
20240108,10:36:37,1.25,2450,40950
20240108,10:37:15,1.2,150,40950
20240108,10:37:16,1.25,250,40950
20240108,10:37:41,1.25,50,40950
20240108,10:39:23,1.2,1200,43850
20240108,10:39:46,1.2,1050,43850
20240108,10:40:17,1.15,1200,43850
20240108,10:40:42,1.2,250,43850
20240108,10:40:43,1.15,150,43850
20240108,10:41:24,1.2,100,43850
20240108,10:41:56,1.2,450,43850
20240108,10:42:20,1.15,1000,43950
20240108,10:42:52,1.15,50,43950
20240108,10:44:32,1.15,250,43950
20240108,10:44:41,1.15,400,43950
20240108,10:44:42,1.15,600,43950
20240108,10:44:59,1.15,50,43950
20240108,10:45:13,1.15,150,43950
20240108,10:45:17,1.15,50,43950
20240108,10:45:22,1.15,50,43950
20240108,10:46:25,1.1,250,43950
20240108,10:46:34,1.15,50,43950
20240108,10:48:31,1.15,200,44100
20240108,10:49:08,1.1,150,44100
20240108,10:49:17,1.1,100,44100
20240108,10:49:17,1.1,1000,44100
20240108,10:49:21,1.1,300,44100
20240108,10:49:22,1.1,300,44100
20240108,10:49:25,1.1,50,44100
20240108,10:50:03,1.1,300,44100
20240108,10:51:06,1.05,100,44350
20240108,10:51:08,1.05,350,44350
20240108,10:51:09,1.05,50,44350
20240108,10:51:15,1.05,50,44350
20240108,10:51:21,1.05,50,44350
20240108,10:51:30,1.0,50,44350
20240108,10:52:27,1.0,250,44350
20240108,10:52:50,1.0,950,44350
20240108,10:53:12,1.0,1050,44350
20240108,10:53:17,1.0,100,44350
20240108,10:53:26,1.0,1200,44350
20240108,10:53:27,1.0,100,44350
20240108,10:54:17,1.0,950,44350
20240108,10:54:23,1.0,50,42100
20240108,10:54:53,1.0,50,42100
20240108,10:55:00,0.95,100,42100
20240108,10:55:20,0.95,2200,42100
20240108,10:55:51,0.95,100,42100
20240108,10:56:04,0.95,50,42100
20240108,10:56:53,0.95,50,42100
20240108,10:57:10,0.95,50,41850
20240108,10:57:19,0.95,50,41850
20240108,10:57:28,0.95,50,41850
20240108,10:57:34,0.95,50,41850
20240108,10:59:28,0.9,250,41850
20240108,10:59:32,0.9,300,41850
20240108,10:59:39,0.9,50,42000
20240108,10:59:51,0.9,50,42000
20240108,11:00:21,0.9,50,42000
20240108,11:00:45,0.9,50,42000
20240108,11:01:08,0.85,2050,42000
20240108,11:01:27,0.9,50,42000
20240108,11:01:35,0.9,50,42000
20240108,11:01:40,0.9,50,42000
20240108,11:01:48,0.9,50,42000
20240108,11:01:52,0.9,600,42000
20240108,11:01:54,0.9,450,42000
20240108,11:02:21,0.9,50,42000
20240108,11:02:26,0.9,50,42000
20240108,11:02:28,0.9,350,42000
20240108,11:02:59,0.9,50,40900
20240108,11:03:43,0.9,550,40900
20240108,11:05:11,0.9,50,40900
20240108,11:06:45,0.9,100,40900
20240108,11:06:53,0.9,150,40850
20240108,11:08:32,0.9,150,40850
20240108,11:08:34,0.9,250,40850
20240108,11:08:36,0.9,350,41050
20240108,11:08:46,0.9,200,41050
20240108,11:08:47,0.9,100,41050
20240108,11:09:49,0.85,250,41050
20240108,11:09:52,0.85,250,41050
20240108,11:09:53,0.85,1100,41050
20240108,11:10:06,0.85,50,41050
20240108,11:10:08,0.8,2400,41050
20240108,11:10:52,0.8,50,41050
20240108,11:11:50,0.8,1450,40150
20240108,11:14:15,0.8,200,40150
20240108,11:15:14,0.85,400,38900
20240108,11:16:49,0.85,800,38900
20240108,11:31:08,0.85,100,37800
20240108,11:36:28,0.9,50,37750
20240108,11:36:34,0.9,100,37750
20240108,11:37:08,0.9,250,37750
20240108,11:37:12,0.9,50,37750
20240108,11:43:27,0.95,500,37650
20240108,11:44:17,0.95,700,37650
20240108,11:44:38,0.95,200,37650
20240108,11:44:40,0.95,100,37650
20240108,11:44:44,0.95,100,37650
20240108,11:44:46,0.95,50,37800
20240108,11:44:50,0.95,50,37800
20240108,11:46:11,1.0,2100,37800
20240108,11:51:17,1.0,400,37800
20240108,11:51:18,1.0,100,39050
20240108,11:51:49,1.0,500,39050
20240108,11:52:44,1.0,50,39050
20240108,11:53:23,0.95,250,39050
20240108,11:53:35,0.95,250,39050
20240108,11:53:37,0.95,350,39050
20240108,11:54:51,0.9,50,39900
20240108,11:55:06,0.9,50,39900
20240108,11:56:01,0.9,200,39900
20240108,11:56:27,0.85,100,39900
20240108,11:57:16,0.8,200,40000
20240108,11:57:36,0.8,50,40000
20240108,11:57:59,0.8,1050,40000
20240108,11:58:02,0.8,550,40000
20240108,11:58:07,0.8,1700,40000
20240108,11:58:08,0.8,250,40000
20240108,11:58:14,0.8,3150,40000
20240108,11:58:49,0.8,2650,40000
20240108,11:59:11,0.8,100,40000
20240108,11:59:16,0.8,1750,40000
20240108,11:59:21,0.8,350,40000
20240108,11:59:22,0.8,1800,40000
20240108,11:59:28,0.8,100,40000
20240108,11:59:29,0.8,50,40000
20240108,11:59:45,0.8,300,40000
20240108,11:59:46,0.8,50,33450
20240108,11:59:59,0.8,250,33450
20240108,12:00:11,0.8,300,33450
20240108,12:00:14,0.8,250,33450
20240108,12:01:01,0.8,150,33450
20240108,12:01:38,0.8,600,33450
20240108,12:01:39,0.8,400,33450
20240108,12:02:13,0.8,50,33450
20240108,12:02:19,0.8,500,33450
20240108,12:02:23,0.8,500,33450
20240108,12:05:01,0.8,600,33500
20240108,12:06:32,0.8,50,33300
20240108,12:07:13,0.75,50,33300
20240108,12:07:13,0.75,200,33300
20240108,12:07:32,0.75,200,33300
20240108,12:07:46,0.8,200,33300
20240108,12:09:30,0.85,50,33050
20240108,12:09:34,0.8,1250,33050
20240108,12:10:35,0.8,50,33050
20240108,12:10:58,0.8,250,33050
20240108,12:15:20,0.8,250,34500
20240108,12:16:15,0.8,150,34500
20240108,12:16:56,0.8,1300,34500
20240108,12:18:14,0.85,50,34500
20240108,12:23:12,0.8,250,33050
20240108,12:23:21,0.8,250,33000
20240108,12:32:07,0.8,800,33350
20240108,12:32:08,0.8,100,33350
20240108,12:34:37,0.85,50,33050
20240108,12:34:43,0.85,250,33050
20240108,12:38:17,0.9,1450,33100
20240108,12:38:17,0.95,1850,33100
20240108,12:38:43,0.9,250,33100
20240108,12:38:47,0.9,50,33100
20240108,12:38:47,0.85,50,34250
20240108,12:39:50,0.9,250,34250
20240108,12:39:51,0.9,2100,34250
20240108,12:39:52,0.9,50,34250
20240108,12:42:02,0.9,50,35000
20240108,12:42:03,0.95,2050,35000
20240108,12:42:58,0.9,100,35000
20240108,12:43:10,0.95,50,35000
20240108,12:43:34,0.9,50,35000
20240108,12:44:34,0.95,800,35000
20240108,12:50:41,0.9,50,35000
20240108,12:51:26,0.9,250,37400
20240108,12:51:30,0.9,300,37350
20240108,12:51:31,0.9,450,37350
20240108,12:51:46,0.9,50,37350
20240108,13:02:37,0.85,50,37350
20240108,13:02:38,0.85,50,37400
20240108,13:02:59,0.85,250,37400
20240108,13:03:13,0.85,500,37400
20240108,13:12:04,0.85,50,37400
20240108,13:26:38,0.9,450,37350
20240108,13:26:40,0.9,50,37350
20240108,13:28:48,0.9,50,37350
20240108,13:29:53,0.9,50,37700
20240108,13:35:09,0.9,100,37700
20240108,13:35:13,0.9,250,37650
20240108,13:41:25,0.9,50,37650
20240108,13:41:37,0.9,150,37650
20240108,13:41:57,0.9,50,37650
20240108,13:47:04,0.85,50,37650
20240108,13:47:07,0.85,50,37650
20240108,13:47:09,0.85,50,37650
20240108,13:47:22,0.85,50,37650
20240108,13:47:23,0.85,50,37650
20240108,13:47:24,0.85,50,37650
20240108,13:47:37,0.85,200,37650
20240108,13:47:42,0.85,150,37650
20240108,13:47:47,0.85,150,37650
20240108,13:54:28,0.85,50,38150
20240108,13:55:17,0.85,250,38150
20240108,13:55:20,0.85,200,38150
20240108,13:55:20,0.85,50,38150
20240108,13:55:21,0.85,50,38150
20240108,13:55:25,0.85,50,38150
20240108,13:55:31,0.85,50,38150
20240108,13:55:52,0.85,50,38150
20240108,13:56:43,0.85,50,38150
20240108,13:58:11,0.9,50,37750
20240108,13:58:29,0.9,50,37750
20240108,13:58:37,0.9,50,37750
20240108,13:58:38,0.9,50,37750
20240108,13:58:46,0.9,50,37750
20240108,13:58:50,0.9,50,37750
20240108,13:58:59,0.9,50,37750
20240108,13:59:21,0.9,100,37750
20240108,14:00:13,0.85,50,37800
20240108,14:00:14,0.85,350,37800
20240108,14:00:22,0.85,50,37800
20240108,14:00:23,0.85,50,37800
20240108,14:00:24,0.85,50,37800
20240108,14:00:25,0.85,250,37800
20240108,14:01:38,0.8,50,37800
20240108,14:03:15,0.8,250,37650
20240108,14:06:30,0.9,50,37650
20240108,14:11:19,0.95,850,37400
20240108,14:11:20,0.95,50,37350
20240108,14:11:24,0.95,50,37350
20240108,14:12:01,0.9,350,37350
20240108,14:15:06,0.9,550,38050
20240108,14:15:21,0.9,500,38150
20240108,14:15:38,0.9,50,38150
20240108,14:15:56,0.9,50,38150
20240108,14:16:16,0.9,100,38150
20240108,14:17:04,0.9,50,38150
20240108,14:18:37,0.9,50,38500
20240108,14:18:39,0.9,1900,38500
20240108,14:19:54,0.9,250,38500
20240108,14:19:56,0.9,250,38500
20240108,14:20:02,0.9,50,38500
20240108,14:20:54,0.9,300,38500
20240108,14:21:50,0.9,50,39650
20240108,14:25:04,0.85,50,39650
20240108,14:25:05,0.85,50,39650
20240108,14:25:06,0.85,50,39650
20240108,14:25:07,0.85,50,39650
20240108,14:25:09,0.85,50,39650
20240108,14:25:10,0.85,50,39650
20240108,14:25:11,0.85,50,39650
20240108,14:25:12,0.85,50,39650
20240108,14:25:29,0.8,200,39650
20240108,14:26:08,0.85,50,39650
20240108,14:27:06,0.85,300,39650
20240108,14:28:12,0.8,650,39300
20240108,14:30:52,0.85,250,38600
20240108,14:30:55,0.85,100,38600
20240108,14:30:59,0.85,50,38600
20240108,14:31:02,0.85,50,38600
20240108,14:33:47,0.85,50,38550
20240108,14:34:14,0.85,50,38550
20240108,14:35:09,0.8,100,38550
20240108,14:35:35,0.8,300,38550
20240108,14:35:39,0.85,50,38550
20240108,14:35:40,0.8,100,38550
20240108,14:36:27,0.85,100,38550
20240108,14:36:50,0.75,1350,38600
20240108,14:36:50,0.75,750,38600
20240108,14:36:51,0.75,50,38600
20240108,14:37:04,0.75,900,38600
20240108,14:37:05,0.75,500,38600
20240108,14:37:24,0.75,100,38600
20240108,14:37:25,0.75,100,38600
20240108,14:37:26,0.75,50,38600
20240108,14:37:27,0.75,100,38600
20240108,14:37:39,0.75,150,38600
20240108,14:38:00,0.7,1800,38600
20240108,14:38:27,0.7,400,38600
20240108,14:38:28,0.75,50,38600
20240108,14:38:29,0.75,1000,38600
20240108,14:39:26,0.75,350,38600
20240108,14:40:39,0.7,50,36750
20240108,14:41:02,0.75,50,36750
20240108,14:41:10,0.75,500,36750
20240108,14:41:24,0.75,1650,36750
20240108,14:41:25,0.75,350,36750
20240108,14:41:26,0.75,500,36750
20240108,14:41:31,0.75,50,36750
20240108,14:41:33,0.75,100,36750
20240108,14:41:43,0.8,1000,36750
20240108,14:41:46,0.75,200,36750
20240108,14:41:55,0.75,50,36750
20240108,14:41:57,0.75,50,36750
20240108,14:42:00,0.75,50,36750
20240108,14:42:16,0.75,50,36250
20240108,14:42:33,0.75,50,36250
20240108,14:42:49,0.7,500,36250
20240108,14:43:29,0.7,250,36250
20240108,14:47:38,0.7,450,36250
20240108,14:47:39,0.7,850,37000
20240108,14:51:09,0.75,50,37000
20240108,14:51:30,0.7,1950,36500
20240108,14:51:30,0.7,400,36500
20240108,14:51:32,0.7,50,36500
20240108,14:51:35,0.7,300,36500
20240108,14:52:25,0.75,350,36500
20240108,14:55:15,0.75,250,35350
20240108,14:57:39,0.75,400,35350
20240108,15:01:43,0.7,250,35100
20240108,15:03:31,0.7,500,35250
20240108,15:04:40,0.75,350,35350
20240108,15:07:05,0.75,250,36000
20240108,15:08:22,0.7,50,36000
20240108,15:09:39,0.7,50,36250
20240108,15:09:49,0.7,50,36250
20240108,15:10:05,0.7,50,36250
20240108,15:11:56,0.7,50,36250
20240108,15:12:03,0.75,100,36250
20240108,15:12:59,0.75,400,36250
20240108,15:13:12,0.7,50,36300
20240108,15:13:30,0.75,50,36300
20240108,15:13:50,0.7,2100,36300
20240108,15:13:50,0.7,100,36300
20240108,15:13:51,0.7,1150,36300
20240108,15:14:19,0.7,50,36300
20240108,15:14:21,0.7,50,36300
20240108,15:14:22,0.7,650,36300
20240108,15:14:31,0.7,250,36300
20240108,15:14:33,0.65,50,36300
20240108,15:14:35,0.65,250,36300
20240108,15:14:40,0.7,250,36300
20240108,15:14:41,0.7,50,36300
20240108,15:14:48,0.7,450,36300
20240108,15:15:04,0.7,100,36300
20240108,15:15:30,0.7,100,33400
20240108,15:15:35,0.7,200,33400
20240108,15:17:02,0.65,50,33400
20240108,15:17:20,0.65,150,33400
20240108,15:17:23,0.65,50,33400
20240108,15:17:54,0.65,3050,33400
20240108,15:17:55,0.65,200,33400
20240108,15:18:16,0.65,50,32150
20240108,15:18:37,0.65,250,32150
20240108,15:19:00,0.65,350,32150
20240108,15:19:00,0.65,300,32150
20240108,15:19:01,0.65,250,32150
20240108,15:20:43,0.65,650,32150
20240108,15:21:56,0.65,50,32000
20240108,15:22:15,0.65,250,32000
20240108,15:23:07,0.65,250,32000
20240108,15:23:11,0.65,50,32000
20240108,15:23:33,0.65,50,32000
20240108,15:23:33,0.6,1800,32000
20240108,15:24:01,0.6,400,32000
20240108,15:24:32,0.6,100,31450
20240108,15:24:42,0.65,150,31450
20240108,15:25:38,0.6,1800,31450
20240108,15:25:42,0.6,200,31450
20240108,15:27:46,0.65,100,31450
20240108,15:27:55,0.65,100,29250
20240108,15:27:59,0.65,300,29250
20240108,15:28:08,0.65,500,29250
20240108,15:28:18,0.6,1800,29250
20240108,15:28:31,0.65,750,29250
20240108,15:28:53,0.65,100,29250
20240108,15:29:04,0.6,350,29250
20240108,15:29:08,0.65,200,29250
20240108,15:29:09,0.65,150,29250
20240108,15:29:12,0.65,200,29250
20240108,15:29:18,0.65,500,29250
20240108,15:29:30,0.6,50,29250
20240108,15:29:52,0.65,300,29250
20240109,09:15:05,0.75,1,27950
20240109,09:15:05,0.75,750,27950
20240109,09:15:07,0.65,450,27950
20240109,09:15:08,0.65,500,27950
20240109,09:15:09,0.75,600,27950
20240109,09:15:21,0.75,50,27950
20240109,09:15:26,0.7,50,27950
20240109,09:15:30,0.65,250,27950
20240109,09:15:33,0.65,250,27950
20240109,09:15:34,0.65,500,27950
20240109,09:15:35,0.65,500,27950
20240109,09:15:48,0.65,50,27950
20240109,09:16:00,0.65,50,27950
20240109,09:16:21,0.7,100,27950
20240109,09:16:22,0.7,100,27950
20240109,09:16:24,0.7,200,27950
20240109,09:16:33,0.7,1500,27950
20240109,09:16:34,0.7,50,27950
20240109,09:16:41,0.7,50,27950
20240109,09:17:09,0.7,450,27950
20240109,09:17:10,0.7,250,27950
20240109,09:17:22,0.75,750,27950
20240109,09:17:27,0.75,500,28600
20240109,09:17:28,0.75,1050,28600
20240109,09:17:29,0.75,50,28600
20240109,09:18:00,0.75,550,28600
20240109,09:18:38,0.8,100,28600
20240109,09:19:52,0.75,50,28600
20240109,09:20:26,0.75,50,30450
20240109,09:21:25,0.75,50,30450
20240109,09:22:04,0.7,50,30450
20240109,09:22:48,0.75,1100,30450
20240109,09:23:19,0.8,200,30450
20240109,09:23:33,0.8,50,30450
20240109,09:23:50,0.75,50,30900
20240109,09:23:53,0.8,300,30900
20240109,09:24:04,0.8,700,30900
20240109,09:24:09,0.75,250,30900
20240109,09:24:10,0.8,50,30900
20240109,09:24:17,0.75,50,30900
20240109,09:24:18,0.75,50,30900
20240109,09:24:19,0.75,150,30900
20240109,09:25:06,0.8,50,30900
20240109,09:25:14,0.8,50,30900
20240109,09:25:16,0.75,350,30900
20240109,09:25:46,0.8,500,30900
20240109,09:25:48,0.8,400,30900
20240109,09:25:49,0.8,650,30900
20240109,09:25:50,0.8,600,30900
20240109,09:25:51,0.8,150,30900
20240109,09:25:56,0.8,150,30900
20240109,09:26:01,0.8,250,30900
20240109,09:26:02,0.8,1150,30900
20240109,09:26:10,0.8,450,30900
20240109,09:26:24,0.8,250,30900
20240109,09:26:25,0.8,50,30900
20240109,09:26:27,0.85,50,30900
20240109,09:26:27,0.85,100,30900
20240109,09:26:28,0.8,50,32350
20240109,09:26:42,0.85,250,32350
20240109,09:26:43,0.85,50,32350
20240109,09:26:58,0.85,200,32350
20240109,09:27:00,0.85,50,32350
20240109,09:27:06,0.85,2350,32350
20240109,09:27:21,0.85,1350,32350
20240109,09:27:22,0.85,450,32350
20240109,09:27:23,0.85,1950,32350
20240109,09:27:25,0.85,50,32350
20240109,09:27:26,0.85,50,32350
20240109,09:27:30,0.8,250,32350
20240109,09:27:41,0.85,1500,32350
20240109,09:27:47,0.85,850,32350
20240109,09:27:47,0.85,1350,32350
20240109,09:27:48,0.9,1900,32350
20240109,09:28:26,0.9,4350,32350
20240109,09:29:04,0.95,1800,32350
20240109,09:30:19,0.95,400,46750
20240109,09:30:20,0.9,500,46750
20240109,09:30:55,0.9,100,46750
20240109,09:31:00,0.85,50,46750
20240109,09:31:03,0.9,150,46750
20240109,09:31:04,0.9,450,46750
20240109,09:31:05,0.85,900,46750
20240109,09:31:06,1.0,50,46750
20240109,09:31:08,1.0,50,46750
20240109,09:31:12,0.9,450,46750
20240109,09:31:13,0.85,50,46750
20240109,09:31:15,0.85,700,46750
20240109,09:31:16,0.85,500,46750
20240109,09:31:17,0.85,50,46750
20240109,09:31:31,0.85,150,46750
20240109,09:31:34,0.85,550,46750
20240109,09:31:36,0.85,150,46750
20240109,09:31:43,0.85,150,46750
20240109,09:31:45,0.85,150,46750
20240109,09:31:46,0.9,1000,46750
20240109,09:32:22,0.85,200,46750
20240109,09:32:48,0.85,900,49250
20240109,09:32:56,0.85,200,49250
20240109,09:33:06,0.85,200,49250
20240109,09:34:06,0.85,300,49250
20240109,09:34:07,0.85,200,49250
20240109,09:34:22,0.9,50,49250
20240109,09:34:45,0.85,400,49250
20240109,09:34:57,0.85,50,49250
20240109,09:34:59,0.85,50,49250
20240109,09:35:00,0.85,50,49250
20240109,09:35:02,0.85,50,49250
20240109,09:35:59,0.85,100,50350
20240109,09:36:10,0.8,2350,50350
20240109,09:37:10,0.9,900,50350
20240109,09:37:54,0.85,50,50350
20240109,09:38:01,0.8,250,50350
20240109,09:38:02,0.8,300,50350
20240109,09:38:56,0.85,100,49700
20240109,09:38:59,0.85,50,49700
20240109,09:40:04,0.85,100,49700
20240109,09:40:19,0.75,50,49700
20240109,09:40:20,0.8,500,49700
20240109,09:40:21,0.8,200,49700
20240109,09:40:22,0.8,50,49700
20240109,09:40:23,0.8,100,49700
20240109,09:41:38,0.8,50,50150
20240109,09:41:40,0.75,350,50150
20240109,09:41:58,0.8,50,50150
20240109,09:42:32,0.8,50,50150
20240109,09:42:35,0.75,250,50150
20240109,09:42:36,0.75,100,50150
20240109,09:42:37,0.75,50,50150
20240109,09:42:52,0.75,50,50150
20240109,09:43:13,0.75,200,50150
20240109,09:43:20,0.7,250,50150
20240109,09:43:52,0.7,100,50150
20240109,09:44:07,0.75,100,50150
20240109,09:44:14,0.75,50,50150
20240109,09:44:15,0.75,150,50150
20240109,09:44:46,0.75,100,50150
20240109,09:45:22,0.75,200,50350
20240109,09:46:04,0.75,150,50350
20240109,09:46:33,0.7,3750,50350
20240109,09:46:34,0.7,100,50350
20240109,09:46:39,0.75,100,50350
20240109,09:47:00,0.75,300,50350
20240109,09:47:11,0.7,4050,50350
20240109,09:47:15,0.7,200,50350
20240109,09:47:16,0.7,550,50350
20240109,09:47:17,0.7,600,50350
20240109,09:47:35,0.7,50,50350
20240109,09:48:49,0.7,50,43750
20240109,09:48:55,0.7,250,43750
20240109,09:48:58,0.7,50,43750
20240109,09:49:01,0.7,200,43750
20240109,09:49:06,0.7,200,43750
20240109,09:49:07,0.7,50,43750
20240109,09:52:33,0.75,200,43750
20240109,09:52:59,0.75,500,43750
20240109,09:53:06,0.75,100,43750
20240109,09:53:44,0.75,2100,43750
20240109,09:56:08,0.8,1750,43750
20240109,09:56:08,0.85,3200,43750
20240109,09:57:29,0.8,50,48100
20240109,09:57:33,0.8,50,48100
20240109,09:57:51,0.75,1200,48100
20240109,09:57:52,0.8,50,48100
20240109,09:57:53,0.8,400,48100
20240109,09:57:54,0.8,50,48100
20240109,10:01:14,0.75,1300,48300
20240109,10:01:32,0.75,100,48300
20240109,10:03:41,0.75,200,48300
20240109,10:04:05,0.75,250,47400
20240109,10:06:16,0.75,50,47400
20240109,10:08:50,0.75,50,47650
20240109,10:10:23,0.75,400,47650
20240109,10:12:28,0.8,1100,47300
20240109,10:12:29,0.85,2600,47300
20240109,10:12:30,0.8,50,47300
20240109,10:12:31,0.8,50,47300
20240109,10:13:34,0.85,2450,47300
20240109,10:13:36,0.85,50,47300
20240109,10:14:30,0.85,2150,47300
20240109,10:15:03,0.85,150,52700
20240109,10:15:54,0.9,2300,52700
20240109,10:15:54,0.85,350,52700
20240109,10:15:58,0.85,50,52700
20240109,10:16:33,0.9,2200,52700
20240109,10:16:34,0.85,100,52700
20240109,10:18:11,0.85,700,56000
20240109,10:18:12,0.85,200,56000
20240109,10:19:33,0.85,400,56000
20240109,10:19:55,0.85,300,56000
20240109,10:19:56,0.85,50,56000
20240109,10:20:20,0.85,250,56000
20240109,10:20:56,0.9,50,56000
20240109,10:20:57,0.9,50,56500
20240109,10:21:42,0.9,50,56500
20240109,10:22:20,0.9,600,56500
20240109,10:24:28,0.9,400,56500
20240109,10:24:55,0.85,50,56500
20240109,10:25:15,0.95,400,56500
20240109,10:25:17,0.95,50,56500
20240109,10:25:17,0.9,50,56500
20240109,10:25:18,0.9,50,56500
20240109,10:25:19,0.9,50,56500
20240109,10:25:20,0.9,50,56500
20240109,10:25:21,0.95,200,56500
20240109,10:26:28,0.95,300,56500
20240109,10:26:45,0.95,450,56500
20240109,10:27:07,0.95,50,56050
20240109,10:27:44,0.95,300,56050
20240109,10:27:58,0.95,50,56050
20240109,10:28:13,0.95,50,56050
20240109,10:28:21,0.9,200,56050
20240109,10:28:24,0.9,500,56050
20240109,10:28:24,0.9,50,56050
20240109,10:28:41,0.85,50,56050
20240109,10:29:02,0.85,50,56050
20240109,10:29:21,0.9,50,56050
20240109,10:29:47,0.9,50,56050
20240109,10:29:50,0.9,50,56400
20240109,10:30:06,0.9,50,56400
20240109,10:30:07,0.85,50,56400
20240109,10:30:10,0.9,50,56400
20240109,10:30:12,0.9,50,56400
20240109,10:30:15,0.9,400,56400
20240109,10:30:28,0.9,50,56400
20240109,10:31:10,0.9,250,56400
20240109,10:31:13,0.9,50,56400
20240109,10:34:07,0.9,100,56400
20240109,10:34:08,0.9,100,56850
20240109,10:36:32,0.9,50,56850
20240109,10:36:58,0.9,50,56850
20240109,10:37:19,0.9,1950,56850
20240109,10:37:28,0.9,50,56850
20240109,10:38:31,0.9,250,56850
20240109,10:39:36,0.9,250,58500
20240109,10:39:44,0.9,350,58500
20240109,10:39:47,0.9,250,58500
20240109,10:39:57,0.9,250,58500
20240109,10:40:34,0.85,100,58500
20240109,10:41:09,0.9,300,58500
20240109,10:41:45,0.9,250,57150
20240109,10:42:17,0.9,250,57150
20240109,10:42:44,0.85,50,57150
20240109,10:42:55,0.9,250,57150
20240109,10:43:01,0.9,300,57150
20240109,10:43:18,0.9,550,57150
20240109,10:43:20,0.9,250,57150
20240109,10:43:21,0.9,50,57150
20240109,10:43:24,0.9,150,57150
20240109,10:43:25,0.9,50,57150
20240109,10:43:30,0.9,150,57150
20240109,10:43:34,0.9,400,57150
20240109,10:44:04,0.95,600,57150
20240109,10:44:08,0.95,250,57150
20240109,10:44:09,0.95,250,57150
20240109,10:44:23,0.95,950,57150
20240109,10:44:23,0.95,50,57150
20240109,10:44:32,0.95,200,57150
20240109,10:45:09,0.95,1700,56950
20240109,10:45:10,0.95,350,56950
20240109,10:45:34,0.95,200,56950
20240109,10:45:40,0.95,100,56950
20240109,10:45:42,0.95,550,56950
20240109,10:45:59,0.95,200,56950
20240109,10:46:30,1.0,300,56950
20240109,10:46:36,1.0,350,56950
20240109,10:46:36,1.0,1900,56950
20240109,10:46:53,1.0,3550,56950
20240109,10:46:55,1.0,50,56950
20240109,10:46:55,1.0,300,56950
20240109,10:46:59,1.0,150,56950
20240109,10:47:02,1.0,100,56950
20240109,10:47:05,1.0,150,56950
20240109,10:47:08,1.0,200,56950
20240109,10:47:09,1.0,100,56950
20240109,10:47:10,1.0,50,56950
20240109,10:47:12,1.05,50,56950
20240109,10:47:20,1.05,50,56950
20240109,10:50:22,1.05,50,63800
20240109,10:50:29,0.95,50,63800
20240109,10:50:54,0.95,50,63800
20240109,10:51:35,0.95,50,63850
20240109,10:52:18,0.95,50,63850
20240109,10:52:26,0.95,5600,63850
20240109,10:53:37,0.95,400,63850
20240109,10:55:45,0.95,300,63850
20240109,10:57:40,0.95,2150,63750
20240109,10:58:00,0.95,250,63750
20240109,10:58:11,0.95,50,63750
20240109,10:58:20,0.95,50,63750
20240109,10:58:27,0.95,50,63750
20240109,10:58:33,0.95,50,63750
20240109,10:58:50,0.9,50,63750
20240109,11:00:36,0.95,50,63750
20240109,11:04:28,0.9,50,63500
20240109,11:05:30,0.9,250,63500
20240109,11:05:36,0.95,50,63500
20240109,11:05:37,0.9,750,63500
20240109,11:05:46,0.9,400,64500
20240109,11:06:39,0.9,250,64500
20240109,11:07:30,0.85,50,64500
20240109,11:07:41,0.85,50,64500
20240109,11:07:46,0.8,2300,64500
20240109,11:07:50,0.85,550,64500
20240109,11:08:06,0.85,100,64500
20240109,11:08:17,0.8,100,64500
20240109,11:08:40,0.85,250,64500
20240109,11:10:09,0.8,850,63850
20240109,11:10:57,0.85,300,63850
20240109,11:11:06,0.85,700,63850
20240109,11:11:07,0.85,100,63850
20240109,11:11:09,0.85,650,63850
20240109,11:11:23,0.85,200,63850
20240109,11:11:46,0.85,200,63850
20240109,11:12:25,0.85,50,61900
20240109,11:14:41,0.85,50,61900
20240109,11:14:45,0.85,50,61900
20240109,11:19:12,0.85,250,61700
20240109,11:19:13,0.85,250,61700
20240109,11:19:18,0.85,900,61700
20240109,11:19:19,0.85,650,61700
20240109,11:25:12,0.8,50,60100
20240109,11:26:22,0.8,50,60100
20240109,11:26:27,0.8,50,60100
20240109,11:26:58,0.8,50,60100
20240109,11:27:44,0.8,400,60100
20240109,11:29:01,0.8,50,60100
20240109,11:29:26,0.8,50,60100
20240109,11:34:01,0.85,950,60100
20240109,11:34:27,0.85,1350,60100
20240109,11:34:51,0.85,1350,60100
20240109,11:34:56,0.85,50,60100
20240109,11:34:58,0.85,50,60100
20240109,11:35:01,0.85,50,60100
20240109,11:35:06,0.85,50,60100
20240109,11:37:56,0.9,1600,60100
20240109,11:39:31,0.9,1550,59300
20240109,11:41:35,0.9,50,59300
20240109,11:48:05,0.85,250,59300
20240109,11:55:31,0.85,250,60450
20240109,11:56:25,0.85,50,60450
20240109,11:59:12,0.85,200,60450
20240109,11:59:15,0.85,250,60450
20240109,12:00:52,0.85,250,60450
20240109,12:01:00,0.85,250,60450
20240109,12:01:30,0.85,750,60450
20240109,12:13:25,0.85,600,60450
20240109,12:16:19,0.8,100,61700
20240109,12:16:48,0.75,50,61700
20240109,12:19:16,0.8,50,61700
20240109,12:20:12,0.8,50,61750
20240109,12:20:38,0.8,1400,61750
20240109,12:20:39,0.8,450,61750
20240109,12:21:48,0.8,50,61850
20240109,12:23:35,0.8,100,61850
20240109,12:24:09,0.8,50,61900
20240109,12:24:13,0.8,50,61900
20240109,12:25:12,0.8,250,61900
20240109,12:28:09,0.85,50,61900
20240109,12:28:22,0.85,50,61900
20240109,12:28:46,0.85,400,61900
20240109,12:30:54,0.8,500,61900
20240109,12:30:56,0.9,100,61900
20240109,12:34:06,0.8,600,61900
20240109,12:34:27,0.8,50,62050
20240109,12:34:30,0.85,100,62050
20240109,12:34:32,0.85,50,62050
20240109,12:34:33,0.85,100,62050
20240109,12:34:35,0.85,100,62050
20240109,12:35:36,0.85,50,62050
20240109,12:37:00,0.85,50,61100
20240109,12:39:48,0.85,250,61050
20240109,12:39:50,0.85,250,61050
20240109,12:39:56,0.85,50,61050
20240109,12:39:58,0.85,300,61050
20240109,12:40:48,0.9,50,61050
20240109,12:45:00,0.8,50,61200
20240109,12:52:45,0.8,100,61200
20240109,12:53:14,0.8,1700,61150
20240109,12:57:42,0.8,50,62350
20240109,12:57:45,0.8,50,62350
20240109,12:58:09,0.8,250,62350
20240109,12:58:57,0.8,50,62350
20240109,12:59:38,0.8,50,62350
20240109,12:59:52,0.8,50,62350
20240109,13:00:36,0.8,1750,62100
20240109,13:02:35,0.8,50,62100
20240109,13:03:53,0.8,50,61500
20240109,13:04:34,0.75,1500,61500
20240109,13:05:57,0.75,50,62900
20240109,13:06:44,0.75,50,62900
20240109,13:07:46,0.75,50,62900
20240109,13:13:05,0.8,250,63000
20240109,13:13:08,0.8,250,63000
20240109,13:13:10,0.8,50,63000
20240109,13:14:12,0.8,50,63000
20240109,13:14:17,0.8,50,63000
20240109,13:16:00,0.75,950,63000
20240109,13:17:31,0.8,50,63050
20240109,13:20:58,0.8,400,63050
20240109,13:24:00,0.75,500,63450
20240109,13:24:17,0.75,250,63450
20240109,13:24:51,0.75,50,63450
20240109,13:25:09,0.75,150,63450
20240109,13:30:16,0.75,50,63450
20240109,13:30:17,0.75,50,64200
20240109,13:30:19,0.75,50,64200
20240109,13:30:38,0.75,50,64200
20240109,13:33:18,0.75,500,64250
20240109,13:33:29,0.75,800,64250
20240109,13:34:15,0.75,100,64250
20240109,13:34:24,0.75,250,64250
20240109,13:44:10,0.7,400,64250
20240109,13:46:08,0.75,50,64150
20240109,13:47:36,0.7,50,64150
20240109,13:51:02,0.7,100,64150
20240109,13:52:52,0.7,250,64100
20240109,13:52:53,0.7,300,64100
20240109,13:52:55,0.7,700,64100
20240109,13:53:24,0.7,50,64100
20240109,13:54:17,0.7,50,65150
20240109,13:54:39,0.7,50,65150
20240109,13:56:22,0.7,1500,65150
20240109,13:56:39,0.7,50,65150
20240109,13:56:46,0.7,50,65150
20240109,13:56:57,0.7,50,65150
20240109,13:57:04,0.7,100,63850
20240109,13:57:56,0.7,250,63850
20240109,13:58:13,0.7,300,63850
20240109,13:58:19,0.7,250,63850
20240109,13:58:20,0.7,50,63850
20240109,13:59:17,0.65,50,63850
20240109,14:06:35,0.7,100,63750
20240109,14:08:00,0.65,350,63750
20240109,14:08:11,0.65,300,63750
20240109,14:08:36,0.65,50,63750
20240109,14:08:37,0.65,250,63750
20240109,14:08:51,0.7,50,63750
20240109,14:09:22,0.7,50,64600
20240109,14:10:09,0.65,50,64600
20240109,14:10:18,0.65,50,64600
20240109,14:10:44,0.65,50,64600
20240109,14:10:53,0.65,50,64600
20240109,14:11:12,0.65,50,64600
20240109,14:11:45,0.65,300,64600
20240109,14:12:25,0.65,250,64900
20240109,14:14:36,0.65,250,64900
20240109,14:15:04,0.65,250,64900
20240109,14:15:05,0.65,300,64900
20240109,14:15:08,0.65,200,64900
20240109,14:15:27,0.65,400,65600
20240109,14:15:38,0.65,50,65600
20240109,14:16:04,0.65,100,65600
20240109,14:19:13,0.6,1950,65600
20240109,14:19:15,0.6,1150,65600
20240109,14:19:43,0.6,1450,65600
20240109,14:19:43,0.6,50,65600
20240109,14:19:44,0.6,250,65600
20240109,14:19:45,0.6,200,65600
20240109,14:19:53,0.6,50,65600
20240109,14:19:58,0.6,450,65600
20240109,14:20:08,0.6,50,65600
20240109,14:20:11,0.6,50,65600
20240109,14:20:14,0.6,50,65600
20240109,14:20:24,0.6,400,65600
20240109,14:21:12,0.6,250,65600
20240109,14:22:02,0.6,250,62400
20240109,14:22:06,0.6,250,62400
20240109,14:22:21,0.6,550,62400
20240109,14:22:26,0.6,150,62400
20240109,14:22:34,0.6,50,62400
20240109,14:22:36,0.6,50,62400
20240109,14:24:11,0.6,300,62400
20240109,14:27:08,0.6,50,62400
20240109,14:27:13,0.6,50,63300
20240109,14:27:30,0.6,50,63300
20240109,14:28:39,0.6,50,63300
20240109,14:28:46,0.6,50,63300
20240109,14:29:41,0.6,300,63300
20240109,14:29:43,0.6,200,63300
20240109,14:30:11,0.6,50,63300
20240109,14:30:12,0.6,250,62550
20240109,14:30:13,0.6,350,62550
20240109,14:30:15,0.6,50,62550
20240109,14:33:40,0.6,1700,62550
20240109,14:34:38,0.55,100,61850
20240109,14:35:06,0.55,50,61850
20240109,14:35:24,0.65,400,61850
20240109,14:37:38,0.65,100,61850
20240109,14:37:51,0.6,50,61850
20240109,14:38:08,0.6,100,61850
20240109,14:39:56,0.6,100,60150
20240109,14:40:16,0.6,50,60150
20240109,14:40:33,0.6,50,60150
20240109,14:40:54,0.6,50,60150
20240109,14:41:38,0.6,100,60150
20240109,14:43:47,0.6,50,60150
20240109,14:43:56,0.6,100,60350
20240109,14:44:28,0.6,50,60350
20240109,14:44:29,0.6,50,60350
20240109,14:44:35,0.6,50,60350
20240109,14:44:38,0.6,50,60350
20240109,14:44:55,0.6,50,60350
20240109,14:44:56,0.6,50,60350
20240109,14:45:59,0.6,200,60500
20240109,14:50:01,0.6,150,60650
20240109,14:55:09,0.65,250,60750
20240109,14:58:59,0.6,50,60750
20240109,14:59:42,0.55,50,60650
20240109,15:00:05,0.6,100,60650
20240109,15:01:31,0.6,50,60750
20240109,15:02:24,0.65,4550,60750
20240109,15:08:39,0.6,50,62500
20240109,15:08:47,0.65,50,62500
20240109,15:08:47,0.6,50,62500
20240109,15:08:48,0.6,50,62500
20240109,15:09:42,0.65,350,62650
20240109,15:10:17,0.65,350,62650
20240109,15:10:46,0.6,50,62650
20240109,15:13:04,0.6,1650,62650
20240109,15:13:42,0.6,100,61950
20240109,15:14:35,0.6,450,61950
20240109,15:14:58,0.6,250,61950
20240109,15:14:58,0.6,100,61950
20240109,15:16:11,0.6,100,60900
20240109,15:16:13,0.6,100,60900
20240109,15:16:51,0.6,50,60900
20240109,15:17:56,0.6,50,60900
20240109,15:18:37,0.6,50,60900
20240109,15:18:45,0.6,50,60900
20240109,15:18:46,0.65,100,60900
20240109,15:20:08,0.65,50,60900
20240109,15:21:06,0.6,200,60900
20240109,15:21:07,0.6,300,60900
20240109,15:21:11,0.6,300,60900
20240109,15:21:14,0.6,50,60900
20240109,15:21:40,0.6,400,60900
20240109,15:21:40,0.55,1800,60500
20240109,15:21:44,0.6,250,60500
20240109,15:21:54,0.55,200,60500
20240109,15:22:03,0.6,250,60500
20240109,15:22:11,0.55,50,60500
20240109,15:22:18,0.55,50,60500
20240109,15:22:34,0.55,650,60500
20240109,15:22:47,0.55,1000,60500
20240109,15:22:47,0.55,250,60500
20240109,15:22:48,0.55,800,60500
20240109,15:22:49,0.55,50,60500
20240109,15:23:07,0.6,250,60500
20240109,15:23:54,0.6,250,60500
20240109,15:24:15,0.55,50,60500
20240109,15:24:25,0.55,50,60500
20240109,15:24:30,0.55,50,58500
20240109,15:24:39,0.5,500,58500
20240109,15:24:48,0.55,700,58500
20240109,15:24:58,0.55,50,58500
20240109,15:26:35,0.55,250,58500
20240109,15:28:06,0.55,1000,58050
20240109,15:28:15,0.55,1300,58050
20240109,15:28:33,0.5,1800,58050
20240109,15:28:40,0.55,500,58050
20240109,15:28:45,0.55,700,58050
20240109,15:28:50,0.55,300,58050
20240109,15:29:00,0.45,2200,58050
20240109,15:29:01,0.5,400,58050
20240109,15:29:22,0.5,1050,58050
20240109,15:29:25,0.55,50,58050
20240110,09:15:05,0.6,1,52650
20240110,09:15:05,0.6,200,52650
20240110,09:15:06,0.6,1800,52650
20240110,09:15:07,0.6,300,52650
20240110,09:15:09,0.55,600,52650
20240110,09:16:02,0.5,1450,52650
20240110,09:16:16,0.5,50,52650
20240110,09:16:39,0.5,50,52650
20240110,09:16:50,0.5,200,52650
20240110,09:16:53,0.55,250,52650
20240110,09:16:54,0.5,50,52650
20240110,09:16:56,0.55,250,52650
20240110,09:17:04,0.55,250,52650
20240110,09:17:08,0.55,250,52650
20240110,09:17:13,0.55,250,52650
20240110,09:17:15,0.55,50,52650
20240110,09:17:18,0.55,50,52650
20240110,09:17:20,0.55,250,52650
20240110,09:17:23,0.55,100,52650
20240110,09:17:30,0.55,300,52650
20240110,09:17:52,0.55,50,50250
20240110,09:17:57,0.55,50,50250
20240110,09:18:43,0.55,300,50250
20240110,09:18:44,0.55,50,50250
20240110,09:18:53,0.5,200,50250
20240110,09:19:00,0.55,100,50250
20240110,09:19:05,0.55,500,50250
20240110,09:19:05,0.55,1700,50250
20240110,09:19:08,0.55,300,50250
20240110,09:21:25,0.55,250,48900
20240110,09:21:31,0.55,50,48900
20240110,09:21:33,0.55,50,48900
20240110,09:22:17,0.55,300,48900
20240110,09:22:22,0.55,50,48900
20240110,09:24:41,0.6,50,48550
20240110,09:25:33,0.6,300,48550
20240110,09:25:41,0.6,300,48550
20240110,09:28:47,0.55,250,48550
20240110,09:28:48,0.6,250,48200
20240110,09:28:52,0.6,250,48200
20240110,09:29:19,0.6,900,48200
20240110,09:30:07,0.55,750,47950
20240110,09:30:14,0.6,50,47950
20240110,09:30:17,0.55,300,47950
20240110,09:30:19,0.6,250,47950
20240110,09:30:22,0.6,350,47950
20240110,09:30:23,0.6,250,47950
20240110,09:30:24,0.6,250,47950
20240110,09:30:53,0.55,50,47950
20240110,09:30:55,0.55,50,47950
20240110,09:30:59,0.55,50,47950
20240110,09:31:04,0.55,50,47950
20240110,09:31:14,0.6,50,47950
20240110,09:33:18,0.6,50,47950
20240110,09:33:30,0.6,50,48350
20240110,09:33:38,0.55,50,48350
20240110,09:33:39,0.55,700,48350
20240110,09:33:41,0.55,50,48350
20240110,09:33:46,0.55,500,48350
20240110,09:33:46,0.55,150,48350
20240110,09:33:47,0.55,50,48350
20240110,09:34:15,0.55,200,48350
20240110,09:34:35,0.55,50,48350
20240110,09:34:36,0.55,50,48350
20240110,09:35:42,0.55,150,48350
20240110,09:38:51,0.6,700,48250
20240110,09:39:29,0.65,450,48300
20240110,09:39:34,0.65,800,48300
20240110,09:39:35,0.65,550,48300
20240110,09:39:46,0.65,350,48300
20240110,09:39:47,0.65,1400,48300
20240110,09:39:54,0.6,50,48300
20240110,09:40:03,0.65,800,48300
20240110,09:40:07,0.7,2850,48300
20240110,09:40:08,0.6,1250,48300
20240110,09:40:23,0.6,150,48300
20240110,09:40:28,0.6,250,48300
20240110,09:40:43,0.6,250,48300
20240110,09:40:44,0.6,50,48300
20240110,09:40:45,0.6,50,48300
20240110,09:40:50,0.6,50,48300
20240110,09:40:57,0.6,50,48300
20240110,09:41:04,0.6,50,48300
20240110,09:41:05,0.6,50,48300
20240110,09:41:09,0.6,50,48300
20240110,09:41:10,0.6,500,48300
20240110,09:41:13,0.6,250,48300
20240110,09:41:20,0.65,150,48300
20240110,09:41:25,0.65,600,48300
20240110,09:41:29,0.65,50,48300
20240110,09:41:36,0.65,50,54500
20240110,09:41:41,0.65,150,54500
20240110,09:42:08,0.6,200,54500
20240110,09:42:11,0.65,700,54500
20240110,09:42:12,0.6,200,54500
20240110,09:42:15,0.65,50,54500
20240110,09:42:19,0.6,50,54500
20240110,09:43:07,0.6,300,54500
20240110,09:43:07,0.6,150,54500
20240110,09:43:08,0.7,5450,54500
20240110,09:43:18,0.7,400,54500
20240110,09:43:34,0.7,800,54500
20240110,09:43:37,0.7,100,54500
20240110,09:43:48,0.65,250,54500
20240110,09:43:49,0.65,100,54500
20240110,09:43:52,0.7,50,54500
20240110,09:44:04,0.75,4300,54500
20240110,09:44:05,0.7,1750,54500
20240110,09:44:06,0.7,4800,54500
20240110,09:44:07,0.7,2700,54500
20240110,09:44:10,0.7,2600,54500
20240110,09:44:13,0.7,200,54500
20240110,09:44:14,0.7,300,54500
20240110,09:44:15,0.7,350,54500
20240110,09:44:16,0.75,600,54500
20240110,09:44:17,0.7,200,54500
20240110,09:44:18,0.7,550,54500
20240110,09:44:20,0.7,100,54500
20240110,09:44:29,0.7,200,54500
20240110,09:44:48,0.7,100,71050
20240110,09:45:00,0.7,1300,71050
20240110,09:45:18,0.7,100,71050
20240110,09:46:10,0.75,50,71050
20240110,09:46:43,0.7,100,71050
20240110,09:46:48,0.7,100,71050
20240110,09:48:44,0.75,100,70150
20240110,09:48:45,0.75,250,70150
20240110,09:48:51,0.75,750,70150
20240110,09:48:56,0.75,2600,70150
20240110,09:48:57,0.75,450,70150
20240110,09:49:00,0.75,150,70150
20240110,09:49:16,0.75,250,70150
20240110,09:49:40,0.75,250,70150
20240110,09:49:50,0.75,250,70150
20240110,09:49:59,0.7,150,70150
20240110,09:50:53,0.75,250,70150
20240110,09:51:18,0.75,300,70500
20240110,09:51:27,0.75,250,70500
20240110,09:51:29,0.7,50,70500
20240110,09:51:46,0.75,50,70500
20240110,09:51:46,0.75,250,70500
20240110,09:51:58,0.75,250,70500
20240110,09:52:20,0.7,50,70500
20240110,09:52:25,0.7,100,70500
20240110,09:52:42,0.7,350,70500
20240110,09:53:07,0.7,100,70500
20240110,09:53:56,0.7,700,69900
20240110,09:54:03,0.7,250,69900
20240110,09:54:09,0.75,50,69900
20240110,09:54:26,0.7,100,69900
20240110,09:55:36,0.75,150,69900
20240110,09:56:02,0.75,300,69900
20240110,09:56:12,0.75,250,69900
20240110,09:56:51,0.75,250,69900
20240110,09:57:24,0.75,250,69900
20240110,09:57:30,0.75,850,69900
20240110,09:58:09,0.75,150,69900
20240110,09:58:47,0.8,650,69900
20240110,09:58:54,0.8,100,69900
20240110,09:59:03,0.8,400,69900
20240110,09:59:15,0.8,200,69900
20240110,09:59:17,0.8,50,69900
20240110,09:59:21,0.85,100,69900
20240110,10:00:13,0.85,50,69900
20240110,10:01:39,0.75,50,70000
20240110,10:03:18,0.8,50,70000
20240110,10:03:52,0.75,1000,69950
20240110,10:04:00,0.75,400,69950
20240110,10:04:49,0.75,100,69950
20240110,10:06:37,0.75,200,70150
20240110,10:07:33,0.75,250,70150
20240110,10:08:47,0.75,250,70400
20240110,10:09:00,0.75,250,70400
20240110,10:12:38,0.75,300,70400
20240110,10:13:16,0.75,100,70400
20240110,10:13:23,0.75,1900,70400
20240110,10:13:36,0.75,100,70400
20240110,10:13:49,0.75,50,70400
20240110,10:14:03,0.75,250,70400
20240110,10:17:05,0.75,300,69800
20240110,10:17:08,0.75,1500,69800
20240110,10:17:10,0.75,300,69800
20240110,10:17:11,0.8,1400,69800
20240110,10:17:12,0.75,250,69800
20240110,10:17:21,0.75,150,69800
20240110,10:17:43,0.75,150,69800
20240110,10:18:28,0.75,300,67050
20240110,10:22:33,0.8,250,67050
20240110,10:22:46,0.8,600,67050
20240110,10:22:49,0.8,100,67050
20240110,10:23:46,0.8,200,67050
20240110,10:23:51,0.8,50,67050
20240110,10:23:55,0.8,50,67050
20240110,10:24:20,0.8,50,67050
20240110,10:24:37,0.8,1700,67050
20240110,10:24:40,0.8,50,67050
20240110,10:24:47,0.85,100,67050
20240110,10:24:48,0.85,600,67050
20240110,10:24:49,0.85,700,67050
20240110,10:25:00,0.8,150,67050
20240110,10:25:35,0.85,50,67050
20240110,10:27:08,0.85,100,67200
20240110,10:27:09,0.9,4000,67200
20240110,10:27:10,0.9,1050,67200
20240110,10:27:11,0.85,1250,67200
20240110,10:27:55,0.8,250,67200
20240110,10:28:17,0.8,250,67200
20240110,10:28:32,0.8,50,67200
20240110,10:28:42,0.85,50,67200
20240110,10:28:46,0.8,50,67200
20240110,10:29:11,0.8,250,67200
20240110,10:29:20,0.8,50,67200
20240110,10:30:18,0.75,300,72050
20240110,10:30:19,0.75,200,72050
20240110,10:30:27,0.75,50,72050
20240110,10:30:32,0.75,50,72050
20240110,10:31:07,0.8,350,72050
20240110,10:31:28,0.75,100,72050
20240110,10:32:34,0.8,50,72050
20240110,10:34:12,0.85,500,72150
20240110,10:35:58,0.8,50,72150
20240110,10:35:59,0.8,50,72550
20240110,10:36:38,0.75,1000,72550
20240110,10:38:34,0.75,50,72550
20240110,10:39:00,0.75,650,72550
20240110,10:41:02,0.75,250,72550
20240110,10:41:28,0.75,50,72550
20240110,10:41:42,0.75,100,72550
20240110,10:42:28,0.8,200,72600
20240110,10:43:29,0.75,50,72600
20240110,10:50:28,0.75,550,72600
20240110,10:51:57,0.75,50,72950
20240110,10:53:48,0.75,900,72950
20240110,10:53:58,0.75,50,72950
20240110,10:54:00,0.75,200,72950
20240110,10:54:01,0.75,50,72950
20240110,10:54:02,0.75,300,72950
20240110,10:54:05,0.75,150,72950
20240110,10:54:08,0.75,50,72950
20240110,10:54:10,0.75,50,72950
20240110,10:54:27,0.75,50,72950
20240110,10:54:46,0.75,300,72950
20240110,10:55:01,0.75,1350,72950
20240110,10:55:04,0.75,200,72950
20240110,10:55:05,0.75,200,72950
20240110,10:55:09,0.75,800,72950
20240110,10:55:13,0.75,400,72950
20240110,10:56:41,0.75,50,72950
20240110,10:56:43,0.75,50,72950
20240110,10:56:51,0.75,50,73300
20240110,10:56:59,0.75,50,73300
20240110,10:57:08,0.75,50,73300
20240110,10:57:12,0.75,50,73300
20240110,10:57:23,0.75,50,73300
20240110,10:58:02,0.75,50,73300
20240110,10:58:04,0.75,50,73300
20240110,10:58:23,0.75,50,73300
20240110,10:58:48,0.75,150,73300
20240110,10:59:15,0.75,1200,73300
20240110,11:01:02,0.75,350,73300
20240110,11:02:17,0.8,50,73550
20240110,11:03:17,0.8,1350,73800
20240110,11:03:18,0.8,50,73800
20240110,11:03:19,0.8,50,73800
20240110,11:03:21,0.8,50,73800
20240110,11:03:22,0.8,50,73800
20240110,11:03:24,0.8,50,73800
20240110,11:03:34,0.8,50,73800
20240110,11:03:46,0.8,50,73800
20240110,11:03:56,0.8,50,73800
20240110,11:03:59,0.8,50,73800
20240110,11:04:06,0.8,200,73800
20240110,11:06:33,0.75,300,73800
20240110,11:08:39,0.75,500,75050
20240110,11:08:39,0.75,50,75050
20240110,11:12:50,0.75,500,75150
20240110,11:14:02,0.8,250,75150
20240110,11:14:11,0.8,250,75150
20240110,11:14:19,0.8,250,75150
20240110,11:15:04,0.8,300,75150
20240110,11:15:05,0.8,150,75000
20240110,11:15:05,0.75,50,75000
20240110,11:15:07,0.8,150,75000
20240110,11:15:10,0.8,100,75000
20240110,11:15:11,0.8,100,75000
20240110,11:16:19,0.8,300,75000
20240110,11:17:18,0.8,50,75000
20240110,11:17:19,0.8,50,75000
20240110,11:17:20,0.8,300,75000
20240110,11:18:12,0.8,400,75300
20240110,11:18:25,0.8,100,75300
20240110,11:18:40,0.85,250,75300
20240110,11:19:17,0.8,450,75300
20240110,11:20:06,0.8,450,75300
20240110,11:21:04,0.85,250,75300
20240110,11:21:38,0.85,2100,75900
20240110,11:21:39,0.85,250,75900
20240110,11:21:45,0.8,300,75900
20240110,11:22:07,0.9,3750,75900
20240110,11:22:46,0.85,50,75900
20240110,11:22:58,0.85,50,75900
20240110,11:23:41,0.85,50,75900
20240110,11:25:14,0.85,50,75900
20240110,11:25:14,0.85,50,80700
20240110,11:25:21,0.85,100,80700
20240110,11:25:59,0.85,100,80700
20240110,11:26:24,0.85,200,80700
20240110,11:27:14,0.85,200,80600
20240110,11:27:53,0.85,50,80600
20240110,11:33:35,0.85,50,80600
20240110,11:34:05,0.9,200,80650
20240110,11:34:11,0.85,50,80650
20240110,11:34:59,0.85,350,80650
20240110,11:35:00,0.85,50,80650
20240110,11:36:23,0.8,150,80650
20240110,11:36:24,0.85,50,80900
20240110,11:37:59,0.85,300,80900
20240110,11:38:50,0.85,50,80900
20240110,11:39:36,0.85,150,80750
20240110,11:39:49,0.85,400,80750
20240110,11:39:52,0.85,100,80750
20240110,11:39:54,0.85,50,80750
20240110,11:39:54,0.85,100,80750
20240110,11:39:55,0.85,50,80750
20240110,11:40:26,0.85,300,80750
20240110,11:40:38,0.85,250,80750
20240110,11:41:39,1.05,2200,80750
20240110,11:41:40,0.9,600,80750
20240110,11:41:50,0.9,250,81850
20240110,11:41:52,0.9,200,81850
20240110,11:41:53,0.9,50,81850
20240110,11:41:55,0.9,50,81850
20240110,11:42:07,0.95,50,81850
20240110,11:46:10,0.85,450,81550
20240110,11:46:57,0.85,300,81550
20240110,11:47:32,0.85,300,81550
20240110,11:49:38,0.9,250,81850
20240110,11:49:43,0.85,100,81850
20240110,11:51:11,0.85,50,81650
20240110,11:51:29,0.85,200,81650
20240110,11:53:13,0.9,50,81650
20240110,11:55:17,0.85,300,81650
20240110,11:55:34,0.85,300,81850
20240110,11:58:04,0.85,250,82250
20240110,12:02:55,0.9,100,82500
20240110,12:03:31,0.85,250,82500
20240110,12:03:39,0.85,250,82500
20240110,12:04:28,0.85,250,82500
20240110,12:04:52,0.85,200,82500
20240110,12:04:53,0.85,50,82500
20240110,12:04:54,0.85,100,82500
20240110,12:05:23,0.85,50,82500
20240110,12:05:24,0.85,100,82500
20240110,12:05:25,0.85,50,82500
20240110,12:05:34,0.85,50,82500
20240110,12:05:41,0.85,50,82500
20240110,12:06:41,0.85,50,83300
20240110,12:10:48,0.85,150,83300
20240110,12:12:02,0.8,50,83300
20240110,12:12:15,0.8,50,83300
20240110,12:14:16,0.85,50,83300
20240110,12:15:36,0.85,150,83300
20240110,12:15:39,0.85,50,83400
20240110,12:16:07,0.85,50,83400
20240110,12:17:28,0.9,50,83400
20240110,12:18:04,0.8,50,83400
20240110,12:20:29,0.8,550,83450
20240110,12:21:01,0.8,100,83600
20240110,12:21:03,0.8,100,83600
20240110,12:21:36,0.75,300,83600
20240110,12:23:24,0.75,150,83600
20240110,12:23:25,0.75,50,83600
20240110,12:23:26,0.75,50,83600
20240110,12:23:28,0.75,50,83600
20240110,12:24:03,0.75,50,84050
20240110,12:24:13,0.75,750,84050
20240110,12:24:20,0.75,350,84050
20240110,12:24:36,0.7,750,84050
20240110,12:24:45,0.75,100,84050
20240110,12:25:38,0.7,500,84050
20240110,12:26:55,0.7,250,84050
20240110,12:27:15,0.7,1150,84750
20240110,12:28:00,0.7,2000,84750
20240110,12:28:00,0.7,100,84750
20240110,12:28:18,0.7,50,84750
20240110,12:28:19,0.7,50,84750
20240110,12:28:27,0.7,50,84750
20240110,12:31:29,0.65,250,84750
20240110,12:32:22,0.7,50,84000
20240110,12:33:31,0.65,100,84000
20240110,12:34:38,0.7,850,84200
20240110,12:34:39,0.7,50,84200
20240110,12:37:31,0.75,50,84300
20240110,12:37:54,0.7,600,84300
20240110,12:38:29,0.65,50,84300
20240110,12:41:17,0.7,450,83850
20240110,12:43:11,0.7,50,84150
20240110,12:43:13,0.7,200,84150
20240110,12:43:21,0.65,50,84150
20240110,12:43:24,0.7,50,84150
20240110,12:43:32,0.7,50,84150
20240110,12:44:04,0.7,200,84150
20240110,12:44:08,0.7,250,84150
20240110,12:44:13,0.7,100,84150
20240110,12:44:20,0.7,600,84150
20240110,12:44:34,0.7,200,84150
20240110,12:44:36,0.7,300,84150
20240110,12:44:37,0.7,50,84150
20240110,12:45:15,0.75,50,83250
20240110,12:45:18,0.75,50,83250
20240110,12:45:19,0.75,50,83250
20240110,12:45:21,0.75,100,83250
20240110,12:45:22,0.75,150,83250
20240110,12:45:26,0.75,400,83250
20240110,12:45:36,0.75,50,83250
20240110,12:45:48,0.75,250,83250
20240110,12:46:02,0.75,450,83250
20240110,12:47:03,0.7,800,83250
20240110,12:47:09,0.7,250,83250
20240110,12:47:10,0.7,550,83250
20240110,12:47:11,0.7,200,83250
20240110,12:47:22,0.7,250,83250
20240110,12:47:48,0.65,50,83250
20240110,12:48:57,0.65,200,83250
20240110,12:51:13,0.65,250,82850
20240110,12:52:18,0.65,200,82850
20240110,12:52:23,0.65,300,82850
20240110,12:54:59,0.7,2200,82800
20240110,12:55:00,0.7,50,82800
20240110,12:56:05,0.65,900,82800
20240110,12:57:55,0.7,200,82800
20240110,12:59:20,0.65,250,83850
20240110,13:08:38,0.7,50,83850
20240110,13:08:44,0.65,2150,83850
20240110,13:08:47,0.65,250,83850
20240110,13:09:33,0.65,50,83600
20240110,13:11:48,0.65,500,83600
20240110,13:11:49,0.65,50,83600
20240110,13:17:27,0.65,50,83600
20240110,13:20:01,0.65,50,83500
20240110,13:20:27,0.6,100,83500
20240110,13:24:36,0.65,50,83450
20240110,13:24:54,0.6,450,83450
20240110,13:26:31,0.65,50,83450
20240110,13:27:39,0.6,1800,83450
20240110,13:32:02,0.65,100,83750
20240110,13:32:12,0.65,2300,83750
20240110,13:34:57,0.65,850,83750
20240110,13:37:30,0.65,50,83650
20240110,13:39:56,0.65,2100,83500
20240110,13:40:06,0.65,650,83500
20240110,13:42:28,0.65,50,83400
20240110,13:45:44,0.65,250,83450
20240110,13:48:14,0.65,50,83350
20240110,13:48:36,0.6,50,83350
20240110,13:50:47,0.65,250,83350
20240110,13:52:51,0.65,1800,83350
20240110,13:53:04,0.65,450,83050
20240110,13:53:45,0.65,850,83050
20240110,13:53:46,0.65,200,83050
20240110,13:53:57,0.65,400,83050
20240110,13:54:59,0.65,150,81850
20240110,13:55:07,0.65,300,81850
20240110,13:55:22,0.65,500,81850
20240110,13:57:01,0.6,50,81850
20240110,13:58:05,0.65,100,81850
20240110,14:01:09,0.6,550,81900
20240110,14:04:10,0.7,50,81950
20240110,14:06:41,0.7,500,81650
20240110,14:07:10,0.6,300,81650
20240110,14:07:32,0.6,100,81650
20240110,14:08:14,0.6,600,81650
20240110,14:08:44,0.6,300,81650
20240110,14:11:34,0.55,300,81650
20240110,14:11:37,0.55,100,82400
20240110,14:11:46,0.55,100,82400
20240110,14:12:04,0.55,50,82400
20240110,14:12:35,0.55,450,82400
20240110,14:13:05,0.55,100,82600
20240110,14:13:07,0.55,150,82600
20240110,14:15:55,0.5,50,82400
20240110,14:19:35,0.5,250,82400
20240110,14:22:33,0.55,50,82650
20240110,14:25:56,0.5,200,82650
20240110,14:25:57,0.5,50,82600
20240110,14:26:30,0.5,2500,82600
20240110,14:27:00,0.5,50,82600
20240110,14:31:03,0.5,50,82600
20240110,14:31:47,0.5,650,85400
20240110,14:36:11,0.4,3000,85400
20240110,14:37:44,0.45,2200,85200
20240110,14:38:10,0.5,250,85200
20240110,14:38:33,0.5,250,85200
20240110,14:38:47,0.5,250,85200
20240110,14:42:56,0.45,500,85200
20240110,14:46:20,0.45,250,81700
20240110,14:47:04,0.45,1000,81200
20240110,14:47:33,0.45,300,81200
20240110,14:47:49,0.45,300,81200
20240110,14:49:00,0.45,250,82950
20240110,14:49:05,0.45,500,82950
20240110,14:50:03,0.45,250,82950
20240110,14:50:49,0.45,2600,82950
20240110,14:50:56,0.45,1100,82950
20240110,14:51:04,0.45,1600,82950
20240110,14:52:06,0.45,1200,82950
20240110,14:52:07,0.45,4000,89200
20240110,14:52:07,0.45,200,89200
20240110,14:52:09,0.45,9800,89200
20240110,14:52:10,0.45,800,89200
20240110,14:52:23,0.45,300,89200
20240110,14:52:27,0.45,300,89200
20240110,14:52:31,0.45,100,89200
20240110,14:52:38,0.45,1900,89200
20240110,14:55:55,0.45,350,89200
20240110,14:56:52,0.45,250,107800
20240110,14:57:02,0.45,250,107800
20240110,14:57:13,0.45,1500,107800
20240110,14:58:13,0.4,350,107800
20240110,14:58:51,0.45,250,106000
20240110,14:58:52,0.45,250,106000
20240110,14:59:30,0.45,250,106000
20240110,14:59:44,0.45,350,106000
20240110,14:59:46,0.45,300,106000
20240110,15:00:07,0.45,250,106000
20240110,15:00:09,0.45,250,106000
20240110,15:00:26,0.45,250,106000
20240110,15:00:42,0.45,350,105300
20240110,15:01:05,0.45,450,105300
20240110,15:01:19,0.4,1800,105300
20240110,15:01:20,0.4,1100,105300
20240110,15:01:26,0.5,250,105300
20240110,15:01:31,0.4,500,105300
20240110,15:01:33,0.4,250,105300
20240110,15:01:42,0.45,250,105300
20240110,15:02:13,0.5,250,105300
20240110,15:02:32,0.5,100,105300
20240110,15:02:36,0.5,200,105300
20240110,15:02:41,0.5,2000,105300
20240110,15:02:42,0.45,50,105300
20240110,15:02:52,0.5,250,105300
20240110,15:03:08,0.5,1400,105300
20240110,15:03:15,0.5,500,105300
20240110,15:03:16,0.5,100,105300
20240110,15:03:45,0.5,1700,103550
20240110,15:03:47,0.5,200,103550
20240110,15:03:52,0.5,500,103550
20240110,15:04:00,0.5,500,103550
20240110,15:04:01,0.5,550,103550
20240110,15:04:06,0.5,1250,103550
20240110,15:04:07,0.5,300,103550
20240110,15:04:07,0.5,4500,103550
20240110,15:04:10,0.5,2000,103550
20240110,15:04:16,0.5,400,103550
20240110,15:04:17,0.5,200,103550
20240110,15:04:17,0.5,800,103550
20240110,15:04:20,0.5,600,103550
20240110,15:04:22,0.5,1000,103550
20240110,15:04:23,0.5,250,103550
20240110,15:04:39,0.5,800,103550
20240110,15:04:54,0.5,2700,103550
20240110,15:04:56,0.5,600,103550
20240110,15:04:56,0.5,800,103550
20240110,15:05:17,0.45,250,103550
20240110,15:05:18,0.45,250,103550
20240110,15:05:50,0.45,250,103550
20240110,15:07:02,0.45,300,84700
20240110,15:07:52,0.45,250,84700
20240110,15:07:54,0.45,250,84700
20240110,15:07:58,0.45,550,84700
20240110,15:08:06,0.45,300,84700
20240110,15:12:06,0.45,1950,84700
20240110,15:12:20,0.4,600,84600
20240110,15:12:55,0.4,100,84600
20240110,15:12:58,0.4,400,86550
20240110,15:13:36,0.4,300,86550
20240110,15:14:02,0.4,1050,86550
20240110,15:14:20,0.4,250,86550
20240110,15:17:37,0.45,50,86550
20240110,15:18:02,0.45,50,86550
20240110,15:19:51,0.45,1200,86550
20240110,15:20:02,0.35,100,86550
20240110,15:20:03,0.35,100,86550
20240110,15:20:04,0.35,100,86550
20240110,15:20:05,0.35,50,86550
20240110,15:20:06,0.35,150,86550
20240110,15:20:08,0.35,200,86550
20240110,15:20:12,0.35,50,86550
20240110,15:20:13,0.35,150,86550
20240110,15:20:15,0.35,50,86550
20240110,15:20:30,0.35,500,86550
20240110,15:20:31,0.35,1500,86550
20240110,15:20:32,0.35,2100,86550
20240110,15:20:33,0.35,600,86550
20240110,15:20:34,0.35,200,86550
20240110,15:20:35,0.35,2900,86550
20240110,15:20:36,0.35,1100,86550
20240110,15:20:37,0.35,1600,86550
20240110,15:20:38,0.35,1100,86550
20240110,15:20:52,0.4,100,86550
20240110,15:21:12,0.35,700,86550
20240110,15:22:18,0.35,3300,98450
20240110,15:22:29,0.35,1300,98450
20240110,15:22:30,0.35,50,98450
20240110,15:24:58,0.3,500,98450
20240110,15:25:42,0.3,1800,95050
20240110,15:25:47,0.3,100,95050
20240110,15:25:48,0.4,300,95050
20240110,15:25:52,0.35,150,95050
20240110,15:26:12,0.3,50,95050
20240110,15:27:14,0.4,250,95050
20240110,15:27:33,0.4,900,95050
20240110,15:27:44,0.35,50,95100
20240110,15:28:20,0.4,100,95100
20240110,15:28:23,0.4,250,95100
20240110,15:29:03,0.4,1600,95100
20240110,15:29:14,0.4,1000,95100
20240110,15:29:31,0.4,350,95100
20240110,15:29:34,0.3,350,95100
20240110,15:29:53,0.4,50,95100
20240111,09:15:03,0.25,1,91250
20240111,09:15:03,0.25,350,91250
20240111,09:15:27,0.3,850,91250
20240111,09:15:34,0.3,850,91250
20240111,09:15:49,0.3,600,91250
20240111,09:15:50,0.3,200,91250
20240111,09:15:51,0.3,350,91250
20240111,09:15:55,0.3,150,91250
20240111,09:21:12,0.3,50,90500
20240111,09:21:36,0.25,1800,90500
20240111,09:21:59,0.25,750,90500
20240111,09:23:30,0.25,50,90500
20240111,09:23:59,0.2,50,90550
20240111,09:25:16,0.2,1000,90550
20240111,09:26:18,0.2,50,90550
20240111,09:27:24,0.25,500,91600
20240111,09:27:52,0.2,50,91600
20240111,09:27:55,0.25,1000,91600
20240111,09:28:18,0.25,50,91600
20240111,09:28:31,0.2,6300,91600
20240111,09:28:52,0.2,50,91600
20240111,09:28:53,0.2,50,91600
20240111,09:29:29,0.2,50,97250
20240111,09:29:30,0.2,50,97250
20240111,09:29:31,0.2,100,97250
20240111,09:29:32,0.2,100,97250
20240111,09:29:33,0.2,150,97250
20240111,09:29:41,0.2,50,97250
20240111,09:29:42,0.2,100,97250
20240111,09:30:43,0.2,50,97250
20240111,09:30:49,0.2,50,97250
20240111,09:30:50,0.2,50,97250
20240111,09:30:51,0.2,50,97250
20240111,09:32:21,0.25,50,97250
20240111,09:32:27,0.2,500,97250
20240111,09:32:29,0.2,50,97250
20240111,09:32:32,0.2,250,98000
20240111,09:32:34,0.2,1500,98000
20240111,09:33:38,0.2,350,98000
20240111,09:35:36,0.2,2450,98000
20240111,09:35:36,0.2,1400,99950
20240111,09:35:40,0.2,100,99950
20240111,09:35:47,0.2,1250,99950
20240111,09:35:48,0.15,50,99950
20240111,09:36:01,0.15,300,99950
20240111,09:38:12,0.15,100,99950
20240111,09:38:25,0.2,1400,99950
20240111,09:38:27,0.2,100,99950
20240111,09:38:56,0.15,50,99950
20240111,09:40:07,0.2,50,96500
20240111,09:41:47,0.2,100,96500
20240111,09:44:32,0.2,150,96450
20240111,09:44:55,0.15,200,96450
20240111,09:45:40,0.2,200,96450
20240111,09:46:40,0.2,50,96450
20240111,09:46:52,0.2,50,96450
20240111,09:47:02,0.2,200,96450
20240111,09:49:20,0.15,50,96100
20240111,09:50:08,0.2,50,96100
20240111,09:50:30,0.25,50,96100
20240111,09:56:52,0.2,1000,96100
20240111,09:57:17,0.2,1000,96100
20240111,10:00:13,0.2,200,96100
20240111,10:00:18,0.2,50,97100
20240111,10:02:05,0.2,50,97100
20240111,10:02:29,0.2,50,97100
20240111,10:12:03,0.2,50,97100
20240111,10:12:22,0.2,50,97250
20240111,10:19:28,0.15,1100,97350
20240111,10:19:34,0.2,200,97350
20240111,10:19:43,0.2,1050,97350
20240111,10:19:43,0.2,100,97350
20240111,10:19:44,0.2,450,97350
20240111,10:19:45,0.2,100,97350
20240111,10:19:47,0.2,200,97350
20240111,10:19:54,0.2,2000,97350
20240111,10:19:55,0.2,200,97350
20240111,10:19:57,0.2,200,97350
20240111,10:19:58,0.2,200,97350
20240111,10:20:00,0.2,1000,97350
20240111,10:21:29,0.15,1800,97350
20240111,10:22:00,0.15,3600,98300
20240111,10:22:26,0.15,1800,98300
20240111,10:22:28,0.15,1800,98300
20240111,10:22:29,0.15,2050,98300
20240111,10:22:31,0.2,50,98300
20240111,10:22:37,0.2,1100,98300
20240111,10:22:43,0.15,1800,98300
20240111,10:22:44,0.15,300,98300
20240111,10:22:58,0.15,1800,98300
20240111,10:23:35,0.15,2050,98300
20240111,10:24:29,0.15,1800,98300
20240111,10:24:33,0.15,1800,92850
20240111,10:24:37,0.15,3600,92850
20240111,10:24:40,0.1,2750,92850
20240111,10:24:41,0.1,3600,92850
20240111,10:24:42,0.15,150,92850
20240111,10:24:43,0.15,50,92850
20240111,10:24:44,0.15,50,92850
20240111,10:24:45,0.15,50,92850
20240111,10:24:46,0.1,1850,92850
20240111,10:24:48,0.15,50,92850
20240111,10:24:49,0.15,50,92850
20240111,10:24:50,0.1,1800,92850
20240111,10:24:52,0.1,1800,92850
20240111,10:24:53,0.1,3400,92850
20240111,10:24:54,0.1,1900,92850
20240111,10:24:55,0.1,1800,92850
20240111,10:24:58,0.1,1950,92850
20240111,10:25:02,0.15,50,92850
20240111,10:25:57,0.1,2000,92850
20240111,10:26:10,0.15,150,92850
20240111,10:26:39,0.1,1800,79950
20240111,10:26:51,0.15,800,79950
20240111,10:27:28,0.1,2000,79950
20240111,10:27:37,0.1,1850,79950
20240111,10:27:54,0.15,100,79950
20240111,10:28:06,0.1,150,79950
20240111,10:28:44,0.1,1800,79950
20240111,10:28:45,0.1,1800,79950
20240111,10:28:48,0.1,1800,79950
20240111,10:29:30,0.15,50,79950
20240111,10:29:50,0.15,50,78850
20240111,10:31:21,0.15,50,78850
20240111,10:33:43,0.15,50,78850
20240111,10:36:19,0.15,50,78850
20240111,10:36:40,0.1,100,78850
20240111,10:37:02,0.1,1800,78850
20240111,10:37:11,0.1,1800,78850
20240111,10:37:12,0.1,1800,78850
20240111,10:37:16,0.1,1800,78850
20240111,10:37:19,0.1,1800,78850
20240111,10:37:20,0.1,1800,78850
20240111,10:37:23,0.1,1800,78850
20240111,10:37:24,0.1,5450,78850
20240111,10:37:25,0.1,1850,78850
20240111,10:37:26,0.1,5400,78850
20240111,10:37:27,0.1,5400,78850
20240111,10:37:28,0.1,5200,78850
20240111,10:37:29,0.1,7150,78850
20240111,10:37:30,0.1,1800,78850
20240111,10:37:31,0.1,450,78850
20240111,10:37:39,0.1,7250,78850
20240111,10:37:43,0.15,1800,78850
20240111,10:43:50,0.15,50,78850
20240111,10:44:05,0.15,2900,59550
20240111,10:44:09,0.15,100,59550
20240111,10:44:14,0.15,250,59550
20240111,10:46:29,0.15,250,57350
20240111,10:50:30,0.15,50,57350
20240111,10:50:38,0.15,350,57350
20240111,10:52:53,0.15,250,57300
20240111,10:54:44,0.1,200,57300
20240111,10:55:55,0.1,1800,57200
20240111,10:56:04,0.15,500,57200
20240111,11:04:34,0.1,50,57700
20240111,11:05:16,0.15,1800,57700
20240111,11:05:17,0.15,1800,57700
20240111,11:05:18,0.15,1800,57700
20240111,11:05:19,0.15,1800,57700
20240111,11:05:21,0.15,1800,57700
20240111,11:05:22,0.15,1800,57700
20240111,11:05:23,0.15,1800,57700
20240111,11:06:19,0.15,200,48000
20240111,11:09:51,0.1,600,48000
20240111,11:18:01,0.15,750,48000
20240111,11:27:08,0.1,50,47250
20240111,11:28:20,0.15,1300,47250
20240111,11:30:45,0.1,50,46000
20240111,11:31:26,0.15,50,46000
20240111,11:35:17,0.15,200,46000
20240111,11:39:41,0.15,150,46000
20240111,11:52:00,0.1,50,45800
20240111,11:59:11,0.15,150,45650
20240111,12:05:22,0.1,50,45650
20240111,12:08:25,0.15,300,45650
20240111,12:16:48,0.15,50,45650
20240111,12:23:25,0.15,3600,45650
20240111,12:23:26,0.15,150,45650
20240111,12:33:49,0.1,250,45650
20240111,12:33:50,0.1,250,46850
20240111,12:35:10,0.15,250,46850
20240111,12:41:00,0.1,250,46850
20240111,12:45:31,0.1,250,46850
20240111,12:53:48,0.1,500,46600
20240111,12:53:52,0.1,1800,46600
20240111,12:53:53,0.1,1800,46600
20240111,12:53:54,0.1,1800,46600
20240111,12:53:55,0.1,1800,46600
20240111,12:53:57,0.1,1800,46600
20240111,12:55:22,0.1,700,46600
20240111,12:56:07,0.1,150,44550
20240111,12:56:25,0.15,100,44550
20240111,12:57:09,0.1,300,44550
20240111,12:57:50,0.1,350,43800
20240111,13:00:00,0.1,200,43800
20240111,13:00:01,0.1,100,43800
20240111,13:02:30,0.05,300,43800
20240111,13:03:20,0.05,50,43800
20240111,13:03:53,0.1,250,43300
20240111,13:05:30,0.1,150,43300
20240111,13:11:11,0.05,50,43000
20240111,13:13:24,0.1,50,43000
20240111,13:17:46,0.1,250,43000
20240111,13:19:01,0.1,300,43000
20240111,13:19:50,0.1,50,43250
20240111,13:28:29,0.1,450,43250
20240111,13:29:41,0.1,250,43200
20240111,13:32:16,0.1,50,43000
20240111,13:32:32,0.1,4000,43000
20240111,13:32:33,0.1,1500,43000
20240111,13:32:35,0.1,100,43000
20240111,13:33:42,0.1,200,37650
20240111,13:33:46,0.1,200,37650
20240111,13:33:48,0.1,200,37650
20240111,13:40:11,0.1,100,37050
20240111,13:40:12,0.1,200,37050
20240111,13:46:12,0.1,1800,37050
20240111,13:46:12,0.1,1100,36750
20240111,14:00:18,0.1,100,36750
20240111,14:04:54,0.1,400,33750
20240111,14:04:55,0.1,1400,33750
20240111,14:04:56,0.1,950,33750
20240111,14:24:07,0.05,300,33750
20240111,14:24:10,0.05,250,33350
20240111,14:24:18,0.05,250,33050
20240111,14:24:36,0.05,400,33050
20240111,14:24:37,0.05,350,33050
20240111,14:24:38,0.05,250,33050
20240111,14:24:39,0.05,250,33050
20240111,14:24:42,0.05,250,33050
20240111,14:24:46,0.05,300,33050
20240111,14:24:54,0.05,350,33050
20240111,14:30:42,0.1,1000,33150
20240111,14:33:46,0.05,200,34150
20240111,14:41:15,0.05,300,34150
20240111,14:41:39,0.05,50,34150
20240111,14:44:02,0.05,50,34150
20240111,14:47:11,0.05,50,34150
20240111,14:50:44,0.05,50,34150
20240111,14:51:00,0.1,50,34150
20240111,14:51:14,0.05,250,34150
20240111,14:51:19,0.05,250,34200
20240111,14:51:26,0.1,50,34200
20240111,14:51:59,0.05,500,34200
20240111,14:52:42,0.05,50,34200
20240111,14:52:45,0.05,3500,34200
20240111,14:52:53,0.05,3600,34200
20240111,14:52:58,0.05,450,34200
20240111,14:58:46,0.05,1800,31500
20240111,14:58:47,0.05,1800,31500
20240111,14:58:48,0.05,1800,31500
20240111,14:58:53,0.05,900,31500
20240111,14:59:01,0.05,350,31500
20240111,14:59:02,0.05,250,31500
20240111,14:59:04,0.05,850,31500
20240111,14:59:15,0.05,2800,31500
20240111,14:59:21,0.05,750,31500
20240111,14:59:22,0.05,1500,31500
20240111,14:59:30,0.05,100,31500
20240111,15:00:51,0.05,1650,25150
20240111,15:01:47,0.05,250,25150
20240111,15:01:48,0.05,350,25150
20240111,15:01:50,0.05,250,25150
20240111,15:01:51,0.05,300,25150
20240111,15:01:52,0.05,250,25150
20240111,15:12:54,0.1,50,25150
20240111,15:12:55,0.1,50,26550
20240111,15:12:57,0.1,50,26550
20240111,15:12:58,0.1,50,26550
20240111,15:12:59,0.1,50,26550
20240111,15:13:00,0.1,50,26550
20240111,15:13:01,0.1,50,26550
20240111,15:13:02,0.1,50,26550
20240111,15:13:03,0.1,50,26550
20240111,15:13:04,0.1,50,26550
20240111,15:13:05,0.1,50,26550
20240111,15:13:06,0.1,50,26550
20240111,15:13:07,0.1,50,26550
20240111,15:13:08,0.1,50,26550
20240111,15:13:09,0.1,50,26550
20240111,15:13:10,0.1,50,26550
20240111,15:13:11,0.1,50,26550
20240111,15:13:12,0.1,50,26550
20240111,15:13:13,0.1,50,26550
20240111,15:13:14,0.1,50,26550
20240111,15:13:15,0.1,50,26550
20240111,15:13:16,0.1,50,26550
20240111,15:13:17,0.1,50,26550
20240111,15:13:18,0.1,50,26550
20240111,15:13:19,0.1,50,26550
20240111,15:13:20,0.1,50,26550
20240111,15:13:21,0.1,50,26550
20240111,15:13:22,0.1,50,26550
20240111,15:13:23,0.1,50,26550
20240111,15:13:24,0.1,50,26550
20240111,15:13:25,0.1,50,26550
20240111,15:13:26,0.1,50,26550
20240111,15:13:27,0.1,50,26550
20240111,15:13:28,0.1,50,26550
20240111,15:13:29,0.1,50,26550
20240111,15:13:30,0.1,50,26550
20240111,15:13:31,0.1,50,26550
20240111,15:14:06,0.05,1400,26550
20240111,15:14:09,0.05,750,26550
20240111,15:14:10,0.05,100,26550
20240111,15:14:15,0.05,150,26550
20240111,15:14:23,0.05,150,26550
20240111,15:14:27,0.05,100,26550
