date,time,tick_price,volume,open_interest
20231128,09:38:51,25.95,50,100
20231128,09:40:52,26.0,50,100
20231128,13:26:14,26.0,50,100
20231128,13:27:19,24.45,200,50
20231128,13:31:56,24.5,50,250
20231128,13:36:08,24.5,50,200
20231128,14:23:44,22.65,300,250
20231128,14:28:31,23.0,100,200
20231128,14:31:14,23.0,50,200
20231129,11:11:28,22.0,1,200
20231129,11:11:28,22.0,250,200
20231129,11:31:13,22.0,250,450
20231129,15:28:08,21.05,50,700
20231129,15:28:16,21.0,200,700
20231215,09:59:53,1.1,1,950
20231215,09:59:53,1.1,50,950
20231215,10:56:47,3.0,50,1000
20231220,14:05:31,3.05,1,1000
20231220,14:05:31,3.05,100,1000
20231221,09:28:08,3.05,1,1000
20231221,09:28:08,3.05,50,1000
20231221,12:22:36,3.05,400,1000
20231221,14:46:33,3.05,100,1400
20231226,09:21:30,3.05,1,1400
20231226,09:21:30,3.0,1100,1400
20231226,10:34:55,3.0,200,1200
20231226,13:06:14,3.0,50,1200
20231226,15:25:40,3.0,50,1250
20231226,15:27:03,2.8,200,1250
20231226,15:28:28,2.8,150,1350
20231227,11:56:46,3.3,1,1350
20231227,11:56:46,3.3,50,1350
20231227,12:01:18,3.15,50,1400
20231227,12:05:33,2.75,50,1400
20231227,12:07:44,2.05,50,1400
20231227,12:34:51,2.05,50,1400
20231227,12:35:25,2.9,400,1400
20231227,13:38:21,2.45,100,1100
20231227,13:46:29,2.4,100,1200
20231227,15:09:40,3.25,50,1300
20231227,15:27:39,2.55,50,1350
20231228,09:22:04,2.15,1,1350
20231228,09:22:04,2.15,50,1350
20231228,09:22:28,2.2,50,1350
20231228,10:21:59,2.2,50,1300
20231228,11:05:55,1.7,100,1300
20231228,11:47:14,2.2,1050,1400
20231228,11:49:56,2.15,250,2200
20231228,11:50:29,2.1,350,2200
20231228,11:51:08,2.05,200,2200
20231228,11:51:35,2.05,350,3000
20231228,11:52:39,2.05,300,3000
20231228,11:53:38,2.15,100,3000
20231228,12:03:55,1.8,200,3750
20231228,12:04:03,1.75,600,3750
20231228,12:05:13,1.75,50,3750
20231228,12:05:59,1.65,100,3750
20231228,12:06:03,1.65,50,3750
20231228,12:06:12,1.6,300,4150
20231228,12:06:16,1.6,550,4150
20231228,12:06:21,1.9,500,4150
20231228,12:06:25,1.85,550,4150
20231228,12:06:29,1.85,550,4150
20231228,12:06:34,1.85,500,4150
20231228,12:06:38,1.85,600,4150
20231228,12:06:42,1.85,1000,4150
20231228,12:06:46,1.8,2500,4150
20231228,12:06:55,1.8,1600,4150
20231228,12:07:08,1.8,100,4150
20231228,12:07:13,1.8,550,4150
20231228,12:07:16,1.8,450,4150
20231228,12:07:20,1.8,500,4150
20231228,12:07:25,1.8,500,4150
20231228,12:07:28,1.8,450,4150
20231228,12:07:32,1.75,500,4150
20231228,12:07:37,1.75,350,4150
20231228,12:07:46,1.75,400,4150
20231228,12:07:50,1.75,500,4150
20231228,12:07:56,1.75,700,4150
20231228,12:08:01,1.75,650,4150
20231228,12:08:06,1.75,600,4150
20231228,12:08:11,1.7,600,4150
20231228,12:08:15,1.7,500,4150
20231228,12:08:19,1.7,50,4150
20231228,12:08:40,1.7,50,4150
20231228,12:08:44,1.7,150,4150
20231228,12:08:48,1.75,750,4150
20231228,12:08:52,1.7,500,4150
20231228,12:08:56,1.7,500,4150
20231228,12:09:00,1.7,500,4150
20231228,12:09:04,1.7,550,4150
20231228,12:09:10,1.7,700,23500
20231228,12:09:15,1.7,750,23500
20231228,12:09:19,1.7,500,23500
20231228,12:09:24,1.75,800,23500
20231228,12:09:29,1.75,550,23500
20231228,12:09:33,1.7,1300,23500
20231228,12:11:55,1.65,250,23500
20231228,12:12:12,1.7,200,26300
20231228,12:12:24,1.7,350,26300
20231228,12:12:33,1.65,250,26300
20231228,12:17:29,1.6,550,26750
20231228,12:17:33,1.6,750,26750
20231228,12:17:37,1.6,550,26750
20231228,12:17:41,1.6,550,26750
20231228,12:17:46,1.6,550,26750
20231228,12:17:51,1.6,550,26750
20231228,12:17:55,1.55,300,26750
20231228,12:18:00,1.6,600,26750
20231228,12:18:04,1.6,550,26750
20231228,12:18:08,1.6,550,26750
20231228,12:18:13,1.6,550,32300
20231228,12:18:17,1.55,550,32300
20231228,12:18:33,1.65,1050,32300
20231228,12:19:58,1.6,600,32300
20231228,12:21:47,1.6,300,33650
20231228,12:21:54,1.6,750,33650
20231228,12:22:00,1.6,750,33650
20231228,12:22:07,1.6,700,33650
20231228,12:22:13,1.6,750,33650
20231228,12:22:20,1.6,800,33650
20231228,12:22:26,1.6,1000,33650
20231228,12:22:32,1.55,600,33650
20231228,12:22:48,1.6,450,33650
20231228,12:22:54,1.6,200,33650
20231228,12:24:03,1.6,300,33650
20231228,12:24:10,1.6,850,33650
20231228,12:24:17,1.6,500,40800
20231228,12:24:23,1.6,800,40800
20231228,12:24:29,1.6,650,40800
20231228,12:24:34,1.55,700,40800
20231228,12:24:40,1.55,750,40800
20231228,12:24:46,1.55,2400,40800
20231228,12:24:51,1.55,850,40800
20231228,12:24:57,1.5,250,40800
20231228,12:25:02,1.5,400,40800
20231228,12:25:07,1.6,400,40800
20231228,12:25:13,1.6,50,40800
20231228,12:25:23,1.65,1800,40800
20231228,12:25:44,1.65,1800,40800
20231228,12:28:15,1.7,200,46650
20231228,12:31:52,1.75,450,46650
20231228,12:32:19,1.75,2600,46650
20231228,12:32:30,1.75,2400,46650
20231228,12:32:36,1.75,2400,46650
20231228,12:41:47,1.75,2350,46650
20231228,12:47:12,1.7,1800,46650
20231228,13:00:17,1.7,500,46650
20231228,13:00:34,1.65,1800,46650
20231228,13:02:41,1.6,1000,46650
20231228,13:03:22,1.6,200,46050
20231228,13:24:17,1.65,2500,46050
20231228,13:27:16,1.8,150,46250
20231228,13:29:29,1.6,1700,46250
20231228,13:30:03,1.6,100,46250
20231228,13:33:57,1.65,100,46050
20231228,13:34:02,1.65,50,46050
20231228,13:34:31,1.6,4950,46050
20231228,13:35:02,1.6,2150,46050
20231228,13:35:32,1.6,4000,46050
20231228,13:36:03,1.6,2150,46050
20231228,13:36:18,1.7,200,46050
20231228,13:36:30,1.6,2150,46050
20231228,13:37:03,1.6,2000,46050
20231228,13:37:32,1.65,5900,46050
20231228,13:38:03,1.65,800,46050
20231228,13:38:07,1.65,800,46050
20231228,13:38:12,1.65,50,46050
20231228,13:38:17,1.7,350,46050
20231228,13:38:26,1.65,350,46050
20231228,13:38:44,1.7,2550,46050
20231228,13:39:02,1.7,4000,46050
20231228,13:39:07,1.65,200,46050
20231228,13:39:33,1.7,2800,48300
20231228,13:39:37,1.7,500,48300
20231228,13:39:41,1.7,550,48300
20231228,13:39:45,1.75,700,48300
20231228,13:39:49,1.7,450,48300
20231228,13:39:53,1.65,500,48300
20231228,13:40:00,1.7,1150,48300
20231228,13:40:04,1.7,250,48300
20231228,13:40:33,1.8,2250,48300
20231228,13:41:01,1.8,250,48300
20231228,13:41:31,1.85,900,48300
20231228,13:41:36,1.85,1350,48300
20231228,13:42:02,1.9,1800,48300
20231228,13:43:00,1.95,300,51750
20231228,13:44:04,2.0,550,51750
20231228,13:44:20,2.1,150,51750
20231228,13:44:47,2.0,250,51750
20231228,13:44:51,2.0,500,51750
20231228,13:44:55,2.0,450,51750
20231228,13:44:59,2.0,1450,51750
20231228,13:45:04,2.0,550,51750
20231228,13:45:08,2.0,150,51750
20231228,13:45:20,2.0,2550,51750
20231228,13:45:29,2.0,3450,56000
20231228,13:45:33,2.0,5800,56000
20231228,13:46:02,2.05,1800,56000
20231228,13:46:17,2.05,1500,56000
20231228,13:46:23,2.05,3350,56000
20231228,13:46:28,2.05,150,56000
20231228,13:46:33,2.05,2150,56000
20231228,13:46:39,2.05,3200,56000
20231228,13:46:44,2.0,3700,56000
20231228,13:47:06,2.0,1500,56000
20231228,13:47:39,2.0,1500,56000
20231228,13:51:41,2.1,50,78400
20231228,13:54:38,2.0,1700,78400
20231228,14:04:03,2.25,3000,79550
20231228,14:04:20,2.05,2000,79550
20231228,14:04:30,2.1,1500,79550
20231228,14:04:35,2.05,50,79550
20231228,14:04:53,2.1,1250,79550
20231228,14:05:58,2.05,200,79550
20231228,14:06:08,2.05,500,79550
20231228,14:06:13,2.05,500,79550
20231228,14:06:18,2.05,1500,79550
20231228,14:07:04,2.05,100,89050
20231228,14:07:08,2.0,400,89050
20231228,14:07:13,2.0,100,89050
20231228,14:08:16,1.95,200,89050
20231228,14:08:22,1.95,2500,89050
20231228,14:08:42,1.95,1000,89050
20231228,14:09:19,2.05,2000,89050
20231228,14:09:36,2.0,550,91350
20231228,14:09:40,2.0,100,91350
20231228,14:10:01,1.95,950,91350
20231228,14:11:04,2.0,4800,91350
20231228,14:11:19,2.1,100,91350
20231228,14:12:29,2.0,250,91350
20231228,14:13:10,2.1,50,94600
20231228,14:13:44,2.05,800,94600
20231228,14:14:02,2.0,500,94600
20231228,14:14:18,2.1,50,94600
20231228,14:14:38,2.0,100,94600
20231228,14:16:20,2.0,50,95900
20231228,14:17:15,2.1,50,95900
20231228,14:17:37,2.15,50,95900
20231228,14:20:30,2.05,1800,95950
20231228,14:23:11,2.0,50,95950
20231228,14:26:15,2.4,2100,95950
20231228,14:30:37,2.1,100,96000
20231228,14:33:22,2.1,250,96000
20231228,14:33:38,2.1,50,96000
20231228,14:33:52,2.1,450,96000
20231228,14:34:05,2.1,3850,96000
20231228,14:34:33,2.15,2100,96000
20231228,14:34:40,2.2,450,96000
20231228,14:34:48,2.15,3550,96000
20231228,14:34:53,2.1,500,96000
20231228,14:35:03,2.15,2100,96000
20231228,14:35:07,2.2,500,96000
20231228,14:35:20,2.15,3300,96000
20231228,14:35:33,2.2,3550,96000
20231228,14:35:48,2.3,3950,96000
20231228,14:36:05,2.3,3850,96000
20231228,14:36:22,2.3,2300,96000
20231228,14:36:34,2.3,250,108050
20231228,14:36:50,2.35,1350,108050
20231228,14:36:55,2.4,1800,108050
20231228,14:37:04,2.4,3550,108050
20231228,14:37:20,2.45,3600,108050
20231228,14:37:29,2.45,100,108050
20231228,14:37:33,2.55,3600,108050
20231228,14:37:37,2.45,300,108050
20231228,14:37:41,2.45,200,108050
20231228,14:37:45,2.4,150,108050
20231228,14:37:49,2.4,3150,108050
20231228,14:37:54,2.45,2000,108050
20231228,14:38:02,2.4,100,108050
20231228,14:38:06,2.45,4450,108050
20231228,14:38:19,2.4,2900,108050
20231228,14:38:33,2.45,3050,108050
20231228,14:38:43,2.35,200,108050
20231228,14:38:48,2.4,1600,108050
20231228,14:38:52,2.35,1800,108050
20231228,14:39:05,2.4,2050,108050
20231228,14:39:18,2.35,2200,108050
20231228,14:39:35,2.35,4000,138400
20231228,14:39:43,2.3,400,138400
20231228,14:39:48,2.4,8300,138400
20231228,14:39:53,2.3,200,138400
20231228,14:40:02,2.3,600,138400
20231228,14:40:07,2.35,4350,138400
20231228,14:40:17,2.35,2150,138400
20231228,14:40:23,2.3,1600,138400
20231228,14:40:28,2.25,400,138400
20231228,14:40:35,2.3,1000,138400
20231228,14:40:52,2.3,5050,138400
20231228,14:41:05,2.3,5200,138400
20231228,14:41:11,2.3,2700,138400
20231228,14:41:23,2.3,5050,138400
20231228,14:41:29,2.25,1600,138400
20231228,14:41:34,2.25,1500,138400
20231228,14:41:59,2.2,450,138400
20231228,14:42:13,2.25,3500,138400
20231228,14:42:26,2.2,100,138400
20231228,14:42:35,2.2,500,169300
20231228,14:42:40,2.2,3850,169300
20231228,14:42:45,2.2,2150,169300
20231228,14:42:49,2.15,100,169300
20231228,14:42:54,2.15,50,169300
20231228,14:43:04,2.15,1100,169300
20231228,14:43:44,2.1,1000,169300
20231228,14:44:02,2.05,300,169300
20231228,14:44:11,2.1,1800,169300
20231228,14:44:16,2.1,1400,169300
20231228,14:44:21,2.05,1000,169300
20231228,14:45:19,2.0,300,169300
20231228,14:45:24,2.0,4800,169300
20231228,14:46:27,2.1,1100,170600
20231228,14:46:40,2.1,2700,170600
20231228,14:47:00,2.05,200,170600
20231228,14:47:37,2.05,300,170600
20231228,14:48:06,2.05,200,170600
20231228,14:48:43,2.05,650,172400
20231228,14:48:59,1.95,2800,172400
20231228,14:49:07,1.95,2700,172400
20231228,14:49:15,1.95,2450,172400
20231228,14:49:29,1.95,300,172400
20231228,14:49:35,1.95,3000,172400
20231228,14:50:26,2.1,2700,172400
20231228,14:50:31,2.1,800,172400
20231228,14:50:37,2.05,3450,172400
20231228,14:50:43,2.05,2950,172400
20231228,14:50:48,2.05,1350,172400
20231228,14:50:54,2.0,4050,172400
20231228,14:50:59,2.0,11000,172400
20231228,14:51:05,2.0,4100,172400
20231228,14:51:11,2.0,4950,172400
20231228,14:51:16,2.0,5200,172400
20231228,14:51:22,2.0,3950,172400
20231228,14:51:27,2.0,2200,172400
20231228,14:51:32,2.05,800,172400
20231228,14:51:37,2.05,850,204100
20231228,14:51:42,2.05,2350,204100
20231228,14:51:47,2.0,1250,204100
20231228,14:51:52,2.05,1900,204100
20231228,14:51:57,2.05,2250,204100
20231228,14:52:02,2.05,600,204100
20231228,14:52:07,2.05,3350,204100
20231228,14:52:13,2.0,1000,204100
20231228,14:52:17,2.05,850,204100
20231228,14:52:22,2.0,2700,204100
20231228,14:52:27,2.05,1100,204100
20231228,14:52:32,2.05,800,204100
20231228,14:52:37,2.05,2700,204100
20231228,14:52:42,2.05,850,204100
20231228,14:52:47,2.0,3100,204100
20231228,14:52:52,2.0,1700,204100
20231228,14:52:57,2.0,2800,204100
20231228,14:53:01,2.0,1050,204100
20231228,14:53:06,2.0,600,204100
20231228,14:53:11,2.05,1750,204100
20231228,14:53:15,2.05,1300,204100
20231228,14:53:20,2.05,800,204100
20231228,14:53:25,2.05,2500,204100
20231228,14:53:30,2.0,800,204100
20231228,14:53:34,2.0,2100,204100
20231228,14:53:38,2.0,1300,204100
20231228,14:53:44,1.95,1000,204100
20231228,14:53:49,2.05,1500,204100
20231228,14:53:55,2.1,2700,204100
20231228,14:54:01,2.1,800,204100
20231228,14:54:07,2.05,1050,204100
20231228,14:54:13,2.05,850,204100
20231228,14:54:18,2.0,1250,204100
20231228,14:54:23,2.0,2150,204100
20231228,14:54:29,2.05,2000,204100
20231228,14:54:35,2.0,2650,204100
20231228,14:54:40,2.05,3600,255100
20231228,14:54:45,2.0,1200,255100
20231228,14:54:50,2.05,850,255100
20231228,14:54:55,2.05,800,255100
20231228,14:55:00,2.05,900,255100
20231228,14:55:05,2.05,2600,255100
20231228,14:55:10,2.0,1450,255100
20231228,14:55:16,2.05,2650,255100
20231228,14:55:22,2.0,1850,255100
20231228,14:55:28,2.0,3750,255100
20231228,14:55:34,2.0,1400,255100
20231228,14:55:39,2.0,1400,255100
20231228,14:55:45,2.0,2650,255100
20231228,14:55:50,2.0,850,255100
20231228,14:55:55,2.0,800,255100
20231228,14:56:00,2.0,900,255100
20231228,14:56:05,2.0,2600,255100
20231228,14:56:10,2.0,800,255100
20231228,14:56:16,1.95,1100,255100
20231228,14:56:22,1.95,1200,255100
20231228,14:56:27,2.0,2700,255100
20231228,14:56:32,2.0,800,255100
20231228,14:56:37,2.0,850,255100
20231228,14:56:41,1.95,3150,255100
20231228,14:56:51,1.95,1200,255100
20231228,14:56:57,1.9,2400,255100
20231228,14:57:07,2.0,800,255100
20231228,14:57:12,2.0,2650,255100
20231228,14:57:18,2.0,850,255100
20231228,14:57:24,2.0,800,255100
20231228,14:57:29,1.95,4500,255100
20231228,14:57:40,1.95,850,303850
20231228,14:57:46,1.95,1800,303850
20231228,14:57:51,1.95,950,303850
20231228,14:57:57,1.95,1800,303850
20231228,14:58:02,2.0,2600,303850
20231228,14:58:07,2.0,850,303850
20231228,14:58:13,1.95,1450,303850
20231228,14:58:18,1.95,400,303850
20231228,14:58:22,1.95,1250,303850
20231228,14:58:28,1.95,950,303850
20231228,14:58:33,1.95,2850,303850
20231228,14:58:38,2.0,5100,303850
20231228,14:58:43,2.05,1800,303850
20231228,14:58:48,2.0,5250,303850
20231228,14:58:53,2.0,1350,303850
20231228,14:58:58,2.0,7250,303850
20231228,14:59:03,2.0,800,303850
20231228,14:59:08,2.0,3300,303850
20231228,14:59:13,2.0,11500,303850
20231228,14:59:18,2.0,5750,303850
20231228,14:59:22,2.0,1300,303850
20231228,14:59:27,2.0,3100,303850
20231228,14:59:32,2.0,2800,303850
20231228,14:59:37,2.0,6850,303850
20231228,14:59:42,1.95,2000,303850
20231228,14:59:47,1.95,5850,303850
20231228,14:59:51,1.95,1600,303850
20231228,14:59:56,1.95,5150,303850
20231228,15:00:01,2.0,5600,303850
20231228,15:00:11,2.0,3550,303850
20231228,15:00:17,2.05,3150,303850
20231228,15:00:23,2.0,900,303850
20231228,15:00:29,2.05,1800,303850
20231228,15:00:35,2.05,800,303850
20231228,15:00:41,2.0,4400,385350
20231228,15:00:48,2.0,1150,385350
20231228,15:00:54,2.0,4400,385350
20231228,15:01:00,2.0,6300,385350
20231228,15:01:05,2.0,800,385350
20231228,15:01:11,2.0,850,385350
20231228,15:01:17,1.95,6000,385350
20231228,15:01:22,1.95,5500,385350
20231228,15:01:27,1.95,4450,385350
20231228,15:01:32,1.95,6800,385350
20231228,15:01:38,2.0,4850,385350
20231228,15:01:44,2.0,4000,385350
20231228,15:01:50,2.05,3000,385350
20231228,15:01:56,2.0,800,385350
20231228,15:02:03,2.0,5500,385350
20231228,15:02:10,2.0,2650,385350
20231228,15:02:17,2.0,7150,385350
20231228,15:02:22,2.0,2600,385350
20231228,15:02:28,2.0,2700,385350
20231228,15:02:34,2.0,800,385350
20231228,15:02:40,2.0,850,385350
20231228,15:02:46,2.0,4450,385350
20231228,15:02:52,2.0,3400,385350
20231228,15:02:57,2.05,950,385350
20231228,15:03:03,2.05,800,385350
20231228,15:03:08,2.05,850,385350
20231228,15:03:13,2.0,4450,385350
20231228,15:03:18,2.0,850,385350
20231228,15:03:23,2.0,2800,385350
20231228,15:03:28,2.05,900,385350
20231228,15:03:33,2.05,2850,385350
20231228,15:03:39,2.05,850,460150
20231228,15:03:44,2.05,1450,460150
20231228,15:03:50,1.95,2650,460150
20231228,15:03:55,2.0,3100,460150
20231228,15:04:01,2.0,950,460150
20231228,15:04:06,2.0,1650,460150
20231228,15:04:12,2.0,7650,460150
20231228,15:04:18,2.05,8900,460150
20231228,15:04:23,2.05,2600,460150
20231228,15:04:28,2.05,950,460150
20231228,15:04:33,2.0,2200,460150
20231228,15:04:38,2.05,2650,460150
20231228,15:04:44,2.05,2650,460150
20231228,15:04:49,2.05,1500,460150
20231228,15:04:59,2.05,2200,460150
20231228,15:05:04,2.0,3200,460150
20231228,15:05:10,2.0,4200,460150
20231228,15:05:15,1.95,6700,460150
20231228,15:05:20,1.95,3450,460150
20231228,15:05:28,2.05,4400,460150
20231228,15:05:35,2.05,800,460150
20231228,15:05:41,2.05,1350,460150
20231228,15:05:46,1.95,4450,460150
20231228,15:05:51,2.05,1800,460150
20231228,15:05:56,2.0,1300,460150
20231228,15:06:02,2.05,3550,460150
20231228,15:06:07,2.05,900,460150
20231228,15:06:12,2.05,850,460150
20231228,15:06:17,2.05,2650,460150
20231228,15:06:22,2.05,800,460150
20231228,15:06:27,2.05,2700,460150
20231228,15:06:32,2.0,1000,460150
20231228,15:06:36,2.0,1000,460150
20231228,15:06:41,2.0,350,514750
20231228,15:06:46,2.05,2700,514750
20231228,15:06:50,2.05,850,514750
20231228,15:06:55,2.0,1150,514750
20231228,15:07:00,2.0,4700,514750
20231228,15:07:05,2.0,3000,514750
20231228,15:07:10,2.05,3950,514750
20231228,15:07:14,2.0,2800,514750
20231228,15:07:19,2.0,850,514750
20231228,15:07:24,2.0,800,514750
20231228,15:07:28,2.05,2500,514750
20231228,15:07:33,2.05,800,514750
20231228,15:07:38,2.05,4450,514750
20231228,15:07:43,2.05,1850,514750
20231228,15:07:49,2.0,1000,514750
20231228,15:08:00,2.05,900,514750
20231228,15:08:05,2.05,4600,514750
20231228,15:08:10,2.1,3100,514750
20231228,15:08:15,2.05,1150,514750
20231228,15:08:21,2.05,1000,514750
20231228,15:08:27,2.1,3250,514750
20231228,15:08:32,2.1,1800,514750
20231228,15:08:37,2.1,850,514750
20231228,15:08:43,2.1,800,514750
20231228,15:08:48,2.1,2700,514750
20231228,15:08:53,2.15,1800,514750
20231228,15:08:58,2.1,800,514750
20231228,15:09:03,2.15,800,514750
20231228,15:09:09,2.1,1250,514750
20231228,15:09:15,2.1,6650,514750
20231228,15:09:20,2.2,1600,514750
20231228,15:09:26,2.15,1350,514750
20231228,15:09:31,2.1,2400,514750
20231228,15:09:36,2.1,8900,562950
20231228,15:09:42,2.1,4900,562950
20231228,15:09:47,2.1,850,562950
20231228,15:09:53,2.1,1000,562950
20231228,15:10:00,2.1,900,562950
20231228,15:10:07,2.1,800,562950
20231228,15:10:13,2.15,2300,562950
20231228,15:10:23,2.1,1800,562950
20231228,15:10:33,2.15,800,562950
20231228,15:10:39,2.05,1850,562950
20231228,15:10:49,2.1,9100,562950
20231228,15:10:54,2.15,800,562950
20231228,15:10:59,2.15,900,562950
20231228,15:11:04,2.15,800,562950
20231228,15:11:09,2.15,850,562950
20231228,15:11:14,2.1,4600,562950
20231228,15:11:18,2.05,500,562950
20231228,15:11:22,2.1,800,562950
20231228,15:11:27,2.1,1100,562950
20231228,15:11:31,2.1,1600,562950
20231228,15:11:36,2.1,6000,562950
20231228,15:11:45,2.1,2650,562950
20231228,15:11:50,2.15,850,562950
20231228,15:11:55,2.15,800,562950
20231228,15:12:04,2.1,3550,562950
20231228,15:12:08,2.1,850,562950
20231228,15:12:13,2.0,5250,562950
20231228,15:12:22,2.1,1250,562950
20231228,15:12:27,2.1,900,562950
20231228,15:12:31,2.1,800,562950
20231228,15:12:41,2.05,2650,597550
20231228,15:12:46,2.0,6150,597550
20231228,15:12:50,2.0,2450,597550
20231228,15:12:55,2.0,3800,597550
20231228,15:13:00,2.0,2700,597550
20231228,15:13:05,2.0,9000,597550
20231228,15:13:09,2.05,550,597550
20231228,15:13:14,1.95,5400,597550
20231228,15:13:19,2.05,1700,597550
20231228,15:13:24,2.05,800,597550
20231228,15:13:29,2.05,950,597550
20231228,15:13:34,2.05,2800,597550
20231228,15:13:40,2.05,850,597550
20231228,15:13:45,2.05,850,597550
20231228,15:13:51,2.0,1450,597550
20231228,15:13:56,2.0,1000,597550
20231228,15:14:02,2.05,3700,597550
20231228,15:14:07,2.05,2450,597550
20231228,15:14:13,2.0,1100,597550
20231228,15:14:20,2.05,850,597550
20231228,15:14:26,2.0,3150,597550
20231228,15:14:32,2.0,1700,597550
20231228,15:14:38,2.0,850,597550
20231228,15:14:43,2.0,850,597550
20231228,15:14:48,2.0,850,597550
20231228,15:14:53,2.0,800,597550
20231228,15:14:59,2.0,950,597550
20231228,15:15:11,1.9,1850,597550
20231228,15:15:18,1.9,4300,597550
20231228,15:15:24,1.95,3800,597550
20231228,15:15:30,1.95,2700,597550
20231228,15:15:36,1.95,800,597550
20231228,15:15:41,1.95,850,627100
20231228,15:15:47,1.95,1750,627100
20231228,15:15:58,2.0,900,627100
20231228,15:16:03,1.95,2300,627100
20231228,15:16:09,2.0,850,627100
20231228,15:16:15,1.95,2850,627100
20231228,15:16:21,1.95,850,627100
20231228,15:16:27,1.95,1750,627100
20231228,15:16:32,1.95,800,627100
20231228,15:16:37,1.95,2350,627100
20231228,15:16:43,1.95,2700,627100
20231228,15:16:49,2.0,13950,627100
20231228,15:16:56,1.95,3800,627100
20231228,15:17:03,1.95,1400,627100
20231228,15:17:08,1.95,2900,627100
20231228,15:17:14,2.0,900,627100
20231228,15:17:19,2.0,1350,627100
20231228,15:17:25,2.0,4700,627100
20231228,15:17:31,1.95,1150,627100
20231228,15:17:37,2.0,5250,627100
20231228,15:17:43,2.0,2000,627100
20231228,15:17:49,2.0,1150,627100
20231228,15:17:54,2.0,4200,627100
20231228,15:17:59,2.05,2500,627100
20231228,15:18:04,2.05,4100,627100
20231228,15:18:09,2.15,5450,627100
20231228,15:18:15,2.1,850,627100
20231228,15:18:21,2.05,2200,627100
20231228,15:18:27,2.05,1700,627100
20231228,15:18:34,2.05,3200,627100
20231228,15:18:41,2.1,850,688500
20231228,15:18:48,2.1,6850,688500
20231228,15:18:55,2.1,2300,688500
20231228,15:19:01,2.1,2550,688500
20231228,15:19:08,2.15,1650,688500
20231228,15:19:16,2.1,10650,688500
20231228,15:19:23,2.1,1700,688500
20231228,15:19:28,2.1,2750,688500
20231228,15:19:34,2.1,2600,688500
20231228,15:19:40,2.1,2650,688500
20231228,15:19:45,2.1,850,688500
20231228,15:19:51,2.1,3800,688500
20231228,15:19:57,2.15,6400,688500
20231228,15:20:04,2.05,1800,688500
20231228,15:20:11,2.05,1100,688500
20231228,15:20:19,2.05,2450,688500
20231228,15:20:26,2.1,1700,688500
20231228,15:20:33,2.1,1900,688500
20231228,15:20:38,2.05,1850,688500
20231228,15:20:43,2.05,850,688500
20231228,15:20:48,2.05,1100,688500
20231228,15:20:53,1.95,2650,688500
20231228,15:20:59,2.0,1400,688500
20231228,15:21:09,1.95,3250,688500
20231228,15:21:15,1.9,3600,688500
20231228,15:21:22,1.95,2500,688500
20231228,15:21:29,1.9,2000,688500
20231228,15:21:35,1.95,500,688500
20231228,15:21:41,2.0,850,742100
20231228,15:21:46,2.0,2150,742100
20231228,15:21:52,2.0,1150,742100
20231228,15:21:58,1.95,2900,742100
20231228,15:22:03,2.0,750,742100
20231228,15:22:09,2.0,3100,742100
20231228,15:22:15,2.0,850,742100
20231228,15:22:23,2.0,1650,742100
20231228,15:22:30,2.0,100,742100
20231228,15:22:36,2.0,1750,742100
20231228,15:22:42,2.0,1700,742100
20231228,15:22:49,2.0,850,742100
20231228,15:22:56,2.0,800,742100
20231228,15:23:02,2.0,1700,742100
20231228,15:23:08,2.0,850,742100
20231228,15:23:15,2.0,900,742100
20231228,15:23:22,2.0,4750,742100
20231228,15:23:29,2.0,1200,742100
20231228,15:23:36,2.0,800,742100
20231228,15:23:43,1.95,2650,742100
20231228,15:23:51,1.95,4450,742100
20231228,15:23:58,1.9,3600,742100
20231228,15:24:05,1.9,4400,742100
20231228,15:24:12,1.95,1000,742100
20231228,15:24:18,1.95,1800,742100
20231228,15:24:25,1.9,2450,742100
20231228,15:24:33,1.9,4600,742100
20231228,15:24:40,1.95,1050,771150
20231228,15:24:47,1.9,1350,771150
20231228,15:24:55,1.9,3350,771150
20231228,15:25:03,1.9,6000,771150
20231228,15:25:10,1.95,800,771150
20231228,15:25:17,1.85,3950,771150
20231228,15:25:25,1.9,1050,771150
20231228,15:25:33,1.95,2550,771150
20231228,15:25:40,1.9,250,771150
20231228,15:25:46,1.9,3400,771150
20231228,15:25:51,1.95,1500,771150
20231228,15:25:57,1.95,2100,771150
20231228,15:26:04,1.9,1950,771150
20231228,15:26:12,1.9,3650,771150
20231228,15:26:19,1.95,850,771150
20231228,15:26:25,1.95,1100,771150
20231228,15:26:31,1.95,950,771150
20231228,15:26:39,2.0,1650,771150
20231228,15:26:46,2.0,850,771150
20231228,15:26:52,2.0,1950,771150
20231228,15:26:57,2.0,950,771150
20231228,15:27:04,2.0,800,771150
20231228,15:27:10,2.0,850,771150
20231228,15:27:18,2.0,1700,771150
20231228,15:27:25,2.0,800,771150
20231228,15:27:31,1.95,1550,771150
20231228,15:27:38,2.0,850,771150
20231228,15:27:46,1.95,1700,794150
20231228,15:27:53,2.0,1300,794150
20231228,15:27:59,1.95,350,794150
20231228,15:28:05,1.95,1700,794150
20231228,15:28:12,1.9,3050,794150
20231228,15:28:27,1.8,4450,794150
20231228,15:28:34,1.75,5750,794150
20231228,15:28:41,1.8,1750,794150
20231228,15:28:48,1.9,1700,794150
20231228,15:28:55,1.8,3950,794150
20231228,15:29:00,1.75,2700,794150
20231228,15:29:06,1.8,6600,794150
20231228,15:29:12,1.85,1900,794150
20231228,15:29:18,1.9,1350,794150
20231228,15:29:25,1.75,4650,794150
20231228,15:29:30,1.7,8200,794150
20231228,15:29:36,1.9,3100,794150
20231228,15:29:41,1.9,850,794150
20231228,15:29:46,1.9,850,794150
20231228,15:29:52,1.9,800,794150
20231228,15:29:58,1.95,750,794150
20231229,09:15:05,2.05,1,810850
20231229,09:15:05,2.0,250,810850
20231229,09:15:38,1.7,1800,810850
20231229,09:15:38,1.55,3200,810850
20231229,09:15:56,1.6,1000,810850
20231229,09:15:58,1.6,250,810850
20231229,09:15:59,1.6,250,810850
20231229,09:16:00,1.6,300,810850
20231229,09:16:02,1.6,800,810850
20231229,09:16:03,1.6,250,810850
20231229,09:16:03,1.6,300,810850
20231229,09:16:05,1.6,900,810850
20231229,09:16:07,1.6,300,810850
20231229,09:16:07,1.6,400,810850
20231229,09:16:10,1.6,50,810850
20231229,09:16:11,1.7,1500,810850
20231229,09:16:14,1.65,1500,810850
20231229,09:16:15,1.65,2850,810850
20231229,09:16:20,1.6,50,810850
20231229,09:16:25,1.7,50,810850
20231229,09:16:35,1.6,1000,810850
20231229,09:16:36,1.65,350,810850
20231229,09:16:37,1.65,250,810850
20231229,09:16:38,1.7,350,810850
20231229,09:16:39,1.65,100,810850
20231229,09:16:40,1.65,600,810850
20231229,09:16:41,1.65,7600,810850
20231229,09:17:00,1.6,2050,810850
20231229,09:17:29,1.65,200,804100
20231229,09:17:31,1.6,2600,804100
20231229,09:17:36,1.65,50,804100
20231229,09:17:41,1.6,2300,804100
20231229,09:17:41,1.6,1000,804100
20231229,09:17:42,1.6,3200,804100
20231229,09:17:51,1.65,750,804100
20231229,09:17:52,1.6,600,804100
20231229,09:17:54,1.6,1000,804100
20231229,09:18:00,1.6,1300,804100
20231229,09:18:03,1.6,1000,804100
20231229,09:18:04,1.6,1500,804100
20231229,09:18:05,1.6,500,804100
20231229,09:18:06,1.6,2000,804100
20231229,09:18:07,1.6,500,804100
20231229,09:18:08,1.6,2100,804100
20231229,09:18:10,1.6,2500,804100
20231229,09:18:11,1.6,2500,804100
20231229,09:18:12,1.6,3000,804100
20231229,09:18:13,1.6,2500,804100
20231229,09:18:14,1.6,1250,804100
20231229,09:18:17,1.6,2000,804100
20231229,09:18:18,1.6,3000,804100
20231229,09:18:19,1.6,500,804100
20231229,09:18:34,1.7,1050,804100
20231229,09:18:44,1.65,800,804100
20231229,09:18:45,1.65,300,804100
20231229,09:18:58,1.7,7600,804100
20231229,09:19:03,1.7,100,804100
20231229,09:19:06,1.65,1900,804100
20231229,09:19:07,1.6,100,804100
20231229,09:19:16,1.65,100,804100
20231229,09:19:40,1.7,5000,804100
20231229,09:19:52,1.65,1500,804100
20231229,09:20:09,1.6,500,804100
20231229,09:20:10,1.6,2000,804650
20231229,09:20:17,1.6,1000,804650
20231229,09:20:18,1.6,1500,804650
20231229,09:20:37,1.65,3150,804650
20231229,09:20:53,1.6,1800,804650
20231229,09:20:54,1.6,2800,804650
20231229,09:20:55,1.6,900,804650
20231229,09:20:56,1.55,100,804650
20231229,09:21:01,1.6,200,804650
20231229,09:21:35,1.55,1800,804650
20231229,09:21:40,1.55,1800,804650
20231229,09:21:51,1.55,1800,804650
20231229,09:21:52,1.5,1800,804650
20231229,09:22:00,1.5,600,804650
20231229,09:22:02,1.55,500,804650
20231229,09:22:03,1.6,5000,804650
20231229,09:22:04,1.55,400,804650
20231229,09:22:06,1.6,200,804650
20231229,09:22:18,1.6,1800,804650
20231229,09:22:18,1.6,1200,804650
20231229,09:22:19,1.55,300,804650
20231229,09:22:30,1.6,250,804650
20231229,09:22:33,1.55,350,804650
20231229,09:23:05,1.6,4150,804650
20231229,09:23:05,1.6,3000,804650
20231229,09:23:06,1.6,400,804650
20231229,09:23:07,1.55,100,804150
20231229,09:23:24,1.6,1250,804150
20231229,09:23:25,1.6,750,804150
20231229,09:23:41,1.6,4000,804150
20231229,09:23:42,1.6,1000,804150
20231229,09:23:44,1.65,2500,804150
20231229,09:23:47,1.7,2300,804150
20231229,09:23:51,1.6,550,804150
20231229,09:23:52,1.6,450,804150
20231229,09:23:59,1.6,1200,804150
20231229,09:24:00,1.55,300,804150
20231229,09:24:28,1.6,200,804150
20231229,09:24:49,1.65,200,804150
20231229,09:25:05,1.6,400,804150
20231229,09:25:06,1.55,100,804150
20231229,09:25:31,1.55,150,804150
20231229,09:25:33,1.55,1150,804150
20231229,09:26:09,1.55,950,804150
20231229,09:26:36,1.5,3000,804200
20231229,09:26:59,1.5,1450,804200
20231229,09:27:00,1.5,1200,804200
20231229,09:27:01,1.5,1400,804200
20231229,09:27:02,1.5,250,804200
20231229,09:27:05,1.5,500,804200
20231229,09:27:06,1.5,250,804200
20231229,09:27:10,1.5,250,804200
20231229,09:27:10,1.5,1000,804200
20231229,09:27:12,1.5,50,804200
20231229,09:27:13,1.5,600,804200
20231229,09:27:26,1.5,3750,804200
20231229,09:27:31,1.5,2500,804200
20231229,09:27:35,1.5,1500,804200
20231229,09:27:35,1.5,2000,804200
20231229,09:27:36,1.55,2700,804200
20231229,09:27:40,1.5,2100,804200
20231229,09:27:41,1.45,400,804200
20231229,09:27:42,1.45,2000,804200
20231229,09:27:53,1.5,50,804200
20231229,09:27:54,1.5,100,804200
20231229,09:27:55,1.5,150,804200
20231229,09:27:56,1.5,100,804200
20231229,09:27:57,1.5,1800,804200
20231229,09:28:18,1.5,1000,804200
20231229,09:28:19,1.5,1500,804200
20231229,09:28:55,1.5,1000,804200
20231229,09:28:55,1.5,1500,804200
20231229,09:28:56,1.5,950,804200
20231229,09:28:57,1.45,50,804200
20231229,09:29:01,1.5,1800,804200
20231229,09:29:03,1.5,1800,804200
20231229,09:29:05,1.5,1850,804200
20231229,09:29:49,1.5,1200,804650
20231229,09:30:19,1.45,500,804650
20231229,09:30:20,1.45,2000,804650
20231229,09:30:26,1.45,2500,804650
20231229,09:30:52,1.45,1000,804650
20231229,09:30:53,1.45,1800,804650
20231229,09:30:54,1.4,200,804650
20231229,09:31:02,1.4,500,804650
20231229,09:31:05,1.45,300,804650
20231229,09:32:05,1.45,200,804650
20231229,09:32:11,1.45,2950,804650
20231229,09:32:18,1.45,500,806650
20231229,09:32:27,1.45,500,806650
20231229,09:32:27,1.45,150,806650
20231229,09:32:49,1.45,150,806650
20231229,09:32:50,1.4,850,806650
20231229,09:32:50,1.4,2500,806650
20231229,09:32:51,1.4,3000,806650
20231229,09:32:52,1.4,2000,806650
20231229,09:33:00,1.45,250,806650
20231229,09:33:04,1.45,650,806650
20231229,09:33:07,1.45,300,806650
20231229,09:33:09,1.45,350,806650
20231229,09:33:17,1.45,250,806650
20231229,09:33:56,1.4,1950,806650
20231229,09:35:16,1.4,50,806650
20231229,09:35:36,1.45,400,809150
20231229,09:36:18,1.45,50,809150
20231229,09:40:13,1.4,350,809150
20231229,09:42:12,1.35,150,809200
20231229,09:42:23,1.35,250,809200
20231229,09:42:58,1.3,5400,809200
20231229,09:42:58,1.3,2500,809200
20231229,09:43:01,1.3,100,809200
20231229,09:43:05,1.25,6050,809200
20231229,09:43:06,1.25,3600,809200
20231229,09:43:11,1.25,3600,809200
20231229,09:43:11,1.2,1800,809200
20231229,09:43:12,1.2,150,809200
20231229,09:43:17,1.2,5750,809200
20231229,09:43:20,1.2,500,809200
20231229,09:43:25,1.2,1800,809200
20231229,09:43:34,1.25,2300,809200
20231229,09:43:38,1.25,150,809200
20231229,09:43:45,1.15,5950,809200
20231229,09:43:52,1.15,1950,809200
20231229,09:43:52,1.25,950,809200
20231229,09:43:53,1.25,10800,809200
20231229,09:43:54,1.25,2200,809200
20231229,09:43:58,1.25,150,809200
20231229,09:44:06,1.15,9000,809200
20231229,09:44:07,1.25,650,809200
20231229,09:44:13,1.25,150,769200
20231229,09:44:15,1.25,2450,769200
20231229,09:44:21,1.15,1800,769200
20231229,09:44:27,1.15,1800,769200
20231229,09:44:35,1.2,12900,769200
20231229,09:44:36,1.15,3750,769200
20231229,09:44:36,1.1,1800,769200
20231229,09:44:38,1.1,400,769200
20231229,09:44:38,1.25,1400,769200
20231229,09:44:40,1.2,400,769200
20231229,09:44:40,1.25,950,769200
20231229,09:44:42,1.2,2200,769200
20231229,09:44:42,1.2,3200,769200
20231229,09:44:43,1.2,1400,769200
20231229,09:44:52,1.2,150,769200
20231229,09:44:55,1.15,400,769200
20231229,09:45:02,1.2,17450,769200
20231229,09:45:03,1.1,6800,769200
20231229,09:45:10,1.2,150,769200
20231229,09:45:11,1.1,16200,769200
20231229,09:45:17,1.05,9150,769200
20231229,09:45:17,1.05,100,769200
20231229,09:45:18,1.05,3150,769200
20231229,09:45:26,1.15,150,769200
20231229,09:45:26,1.05,10050,769200
20231229,09:45:35,1.1,400,769200
20231229,09:45:45,1.15,200,769200
20231229,09:45:48,1.1,2950,769200
20231229,09:45:49,1.05,15150,769200
20231229,09:45:50,1.15,2300,769200
20231229,09:45:51,1.1,2850,769200
20231229,09:45:52,1.15,200,769200
20231229,09:46:00,1.15,150,769200
20231229,09:46:04,1.05,3750,769200
20231229,09:46:05,1.05,3600,769200
20231229,09:46:06,1.1,150,769200
20231229,09:46:08,1.05,16200,769200
20231229,09:46:10,1.05,12600,769200
20231229,09:46:11,1.05,5400,769200
20231229,09:46:15,1.0,12750,769200
20231229,09:46:21,1.0,700,769200
20231229,09:46:22,1.1,1200,769200
20231229,09:46:25,1.1,150,769200
20231229,09:46:33,1.1,3600,769200
20231229,09:46:34,1.1,3600,769200
20231229,09:46:35,1.1,1200,769200
20231229,09:46:36,1.1,1800,769200
20231229,09:46:44,1.1,350,769200
20231229,09:46:45,1.1,7250,769200
20231229,09:46:46,1.0,9150,769200
20231229,09:46:47,1.05,1800,769200
20231229,09:46:51,1.1,3600,769200
20231229,09:46:52,1.1,1000,769200
20231229,09:46:53,1.1,150,769200
20231229,09:47:04,1.05,14400,769200
20231229,09:47:11,1.05,2600,618400
20231229,09:47:12,1.0,12800,618400
20231229,09:47:13,1.0,5400,618400
20231229,09:47:14,1.05,200,618400
20231229,09:47:15,1.05,400,618400
20231229,09:47:16,1.05,2400,618400
20231229,09:47:17,1.05,500,618400
20231229,09:47:21,1.0,12600,618400
20231229,09:47:22,1.0,7450,618400
20231229,09:47:35,1.0,12600,618400
20231229,09:47:36,1.0,3600,618400
20231229,09:47:37,0.95,10800,618400
20231229,09:47:41,1.0,1900,618400
20231229,09:47:46,1.0,1800,618400
20231229,09:47:49,1.0,1800,618400
20231229,09:47:51,1.0,250,618400
20231229,09:47:53,1.0,1100,618400
20231229,09:47:56,1.0,700,618400
20231229,09:48:03,1.05,150,618400
20231229,09:48:06,1.05,800,618400
20231229,09:48:07,1.05,1200,618400
20231229,09:48:15,1.05,50,618400
20231229,09:48:18,1.05,700,618400
20231229,09:48:26,1.05,500,618400
20231229,09:48:29,1.05,400,618400
20231229,09:48:29,1.05,600,618400
20231229,09:48:30,1.05,1000,618400
20231229,09:48:34,1.05,1150,618400
20231229,09:48:38,1.05,50,618400
20231229,09:48:57,1.05,350,618400
20231229,09:49:07,1.05,500,618400
20231229,09:49:09,1.05,1750,618400
20231229,09:49:11,1.05,1800,618400
20231229,09:49:14,1.05,400,618400
20231229,09:49:19,1.05,150,618400
20231229,09:49:53,1.05,1800,618400
20231229,09:49:58,1.05,500,618400
20231229,09:50:00,1.05,1800,618400
20231229,09:50:01,1.05,1800,618400
20231229,09:50:02,1.05,10150,618400
20231229,09:50:04,1.05,300,618400
20231229,09:50:06,1.05,350,618400
20231229,09:50:10,1.1,1800,618400
20231229,09:50:11,1.05,250,565300
20231229,09:50:12,1.1,1800,565300
20231229,09:50:14,1.1,1800,565300
20231229,09:50:17,1.05,300,565300
20231229,09:50:26,1.1,500,565300
20231229,09:50:31,1.1,1800,565300
20231229,09:50:58,1.05,250,565300
20231229,09:51:01,1.05,250,565300
20231229,09:51:02,1.1,150,565300
20231229,09:51:06,1.1,1800,565300
20231229,09:51:11,1.05,250,565300
20231229,09:51:19,1.05,300,565300
20231229,09:52:31,1.1,1800,565300
20231229,09:52:32,1.05,1800,565300
20231229,09:52:44,1.05,400,565300
20231229,09:53:02,1.1,1800,565300
20231229,09:53:04,1.1,1800,565300
20231229,09:53:04,1.05,300,565300
20231229,09:53:05,1.1,1800,565300
20231229,09:53:07,1.05,400,565300
20231229,09:53:07,1.05,250,565300
20231229,09:53:08,1.05,350,565300
20231229,09:54:19,1.05,750,557800
20231229,09:54:19,1.05,650,557800
20231229,09:54:56,1.05,800,557800
20231229,09:55:10,1.05,750,557800
20231229,09:55:12,1.05,200,557800
20231229,09:55:15,1.05,450,557800
20231229,09:55:16,1.05,200,557800
20231229,09:55:16,1.05,250,557800
20231229,09:55:22,1.05,1000,557800
20231229,09:55:24,1.05,50,557800
20231229,09:55:34,1.05,250,557800
20231229,09:55:35,1.05,50,557800
20231229,09:55:39,1.05,100,557800
20231229,09:55:39,1.05,500,557800
20231229,09:55:40,1.05,250,557800
20231229,09:55:43,1.1,50,557800
20231229,09:55:44,1.05,350,557800
20231229,09:55:45,1.05,250,557800
20231229,09:55:49,1.05,100,557800
20231229,09:55:57,1.05,1000,557800
20231229,09:55:57,1.05,250,557800
20231229,09:56:01,1.05,500,557800
20231229,09:56:17,1.05,250,557800
20231229,09:56:26,1.05,350,548100
20231229,09:56:35,1.05,900,548100
20231229,09:56:40,1.05,500,548100
20231229,09:56:42,1.05,250,548100
20231229,09:56:48,1.05,450,548100
20231229,09:56:49,1.05,250,548100
20231229,09:56:50,1.05,250,548100
20231229,09:56:51,1.05,2050,548100
20231229,09:56:54,1.05,1800,548100
20231229,09:56:57,1.1,1500,548100
20231229,09:57:08,1.1,1500,548100
20231229,09:57:15,1.05,500,548100
20231229,09:57:18,1.1,300,548100
20231229,09:57:19,1.05,1500,548100
20231229,09:57:31,1.05,1800,548100
20231229,09:57:32,1.05,1800,548100
20231229,09:57:33,1.05,2300,548100
20231229,09:57:36,1.05,1800,548100
20231229,09:57:37,1.05,150,548100
20231229,09:57:43,1.1,850,548100
20231229,09:58:04,1.05,1800,548100
20231229,09:58:09,1.05,250,548100
20231229,09:58:15,1.05,400,548100
20231229,09:58:31,1.05,300,548100
20231229,09:58:34,1.1,500,548100
20231229,09:58:38,1.1,500,548100
20231229,09:59:16,1.05,250,538150
20231229,09:59:25,1.1,100,538150
20231229,09:59:36,1.1,1500,538150
20231229,09:59:50,1.1,1000,538150
20231229,09:59:53,1.1,1000,538150
20231229,09:59:56,1.2,2650,538150
20231229,10:00:00,1.1,1900,538150
20231229,10:00:02,1.1,250,538150
20231229,10:00:15,1.15,850,538150
20231229,10:00:27,1.1,700,538150
20231229,10:00:32,1.15,800,538150
20231229,10:00:38,1.15,200,538150
20231229,10:00:44,1.1,1800,538150
20231229,10:00:46,1.15,300,538150
20231229,10:00:47,1.1,3750,538150
20231229,10:00:57,1.1,200,538150
20231229,10:01:09,1.1,200,538150
20231229,10:01:19,1.1,200,538150
20231229,10:02:22,1.1,1000,538150
20231229,10:05:36,1.1,3600,533550
20231229,10:05:37,1.1,3400,533550
20231229,10:05:49,1.1,1800,533550
20231229,10:05:51,1.1,1800,533550
20231229,10:05:56,1.1,300,533550
20231229,10:05:57,1.1,150,533550
20231229,10:05:58,1.1,1800,533550
20231229,10:06:02,1.1,1800,533550
20231229,10:06:03,1.1,2100,533550
20231229,10:06:05,1.1,1800,533550
20231229,10:06:08,1.1,1800,533550
20231229,10:06:10,1.1,1800,533550
20231229,10:06:14,1.1,1300,533550
20231229,10:07:44,1.1,1800,533550
20231229,10:07:45,1.1,4200,533550
20231229,10:07:48,1.1,1800,533550
20231229,10:07:53,1.1,800,533550
20231229,10:07:56,1.1,250,533550
20231229,10:07:57,1.1,650,533550
20231229,10:07:59,1.1,1800,533550
20231229,10:08:01,1.1,650,533550
20231229,10:08:05,1.1,500,533550
20231229,10:08:47,1.05,300,520500
20231229,10:08:57,1.1,3150,520500
20231229,10:08:58,1.1,7200,520500
20231229,10:08:59,1.1,1150,520500
20231229,10:09:00,1.1,1800,520500
20231229,10:09:03,1.1,1800,520500
20231229,10:09:04,1.1,1800,520500
20231229,10:09:06,1.1,1800,520500
20231229,10:09:07,1.1,1800,520500
20231229,10:09:08,1.1,2150,520500
20231229,10:09:53,1.1,2300,520500
20231229,10:09:59,1.1,250,520500
20231229,10:10:00,1.15,1000,520500
20231229,10:10:03,1.1,1800,520500
20231229,10:10:03,1.1,150,520500
20231229,10:10:32,1.1,3600,520500
20231229,10:10:33,1.1,6200,520500
20231229,10:10:39,1.1,1800,520500
20231229,10:10:40,1.1,2250,520500
20231229,10:10:44,1.1,1800,520500
20231229,10:10:49,1.1,1800,520500
20231229,10:11:05,1.1,500,520500
20231229,10:11:05,1.1,400,520500
20231229,10:11:13,1.1,2100,520500
20231229,10:11:23,1.1,1000,520050
20231229,10:11:33,1.1,400,520050
20231229,10:11:47,1.1,1000,520050
20231229,10:11:54,1.1,50,520050
20231229,10:11:55,1.1,200,520050
20231229,10:12:00,1.1,100,520050
20231229,10:12:20,1.1,1800,520050
20231229,10:12:35,1.1,1800,520050
20231229,10:12:36,1.1,200,520050
20231229,10:12:37,1.1,50,520050
20231229,10:13:22,1.15,1000,520050
20231229,10:13:44,1.15,5400,520050
20231229,10:13:45,1.15,6850,520050
20231229,10:13:58,1.15,600,520050
20231229,10:13:58,1.15,7500,520050
20231229,10:13:59,1.15,2500,520050
20231229,10:14:02,1.15,50,520050
20231229,10:14:29,1.15,3600,517150
20231229,10:14:29,1.15,3800,517150
20231229,10:15:12,1.15,1950,517150
20231229,10:15:12,1.15,4500,517150
20231229,10:15:19,1.15,1800,517150
20231229,10:15:20,1.15,2750,517150
20231229,10:17:04,1.15,200,517150
20231229,10:17:16,1.15,550,517100
20231229,10:17:53,1.15,50,517100
20231229,10:17:58,1.15,2850,517100
20231229,10:17:59,1.15,900,517100
20231229,10:18:00,1.1,500,517100
20231229,10:18:03,1.1,200,517100
20231229,10:20:17,1.1,200,517100
20231229,10:22:14,1.15,250,517000
20231229,10:22:42,1.1,250,517000
20231229,10:23:27,1.1,100,517150
20231229,10:23:30,1.15,250,517150
20231229,10:23:45,1.15,250,517150
20231229,10:23:57,1.15,250,517150
20231229,10:24:02,1.15,3000,517150
20231229,10:24:22,1.15,4300,517150
20231229,10:24:44,1.15,250,517150
20231229,10:24:48,1.1,15450,517150
20231229,10:24:50,1.15,600,517150
20231229,10:25:00,1.1,8300,517150
20231229,10:25:06,1.1,50,517150
20231229,10:25:11,1.1,400,517150
20231229,10:25:22,1.1,1800,517150
20231229,10:25:23,1.1,2300,517150
20231229,10:25:28,1.15,900,517150
20231229,10:25:28,1.15,1800,517150
20231229,10:25:34,1.15,100,517150
20231229,10:25:40,1.15,1250,517150
20231229,10:25:41,1.1,11050,517150
20231229,10:25:46,1.15,900,517150
20231229,10:25:48,1.2,3000,517150
20231229,10:25:49,1.2,150,517150
20231229,10:26:01,1.15,3000,517150
20231229,10:26:05,1.15,1000,517150
20231229,10:26:05,1.15,550,517150
20231229,10:26:08,1.15,500,517150
20231229,10:26:10,1.15,200,517150
20231229,10:26:11,1.15,100,517150
20231229,10:26:12,1.15,3000,517150
20231229,10:26:13,1.15,1800,517150
20231229,10:26:17,1.2,1800,517150
20231229,10:26:18,1.2,350,517600
20231229,10:26:18,1.2,1200,517600
20231229,10:26:19,1.2,2000,517600
20231229,10:26:26,1.2,250,517600
20231229,10:26:27,1.2,50,517600
20231229,10:26:37,1.2,350,517600
20231229,10:26:37,1.2,250,517600
20231229,10:26:52,1.25,200,517600
20231229,10:26:58,1.25,300,517600
20231229,10:27:01,1.25,1800,517600
20231229,10:27:05,1.25,600,517600
20231229,10:27:06,1.25,100,517600
20231229,10:27:07,1.25,100,517600
20231229,10:27:10,1.25,1950,517600
20231229,10:27:16,1.25,150,517600
20231229,10:27:42,1.2,550,517600
20231229,10:27:44,1.2,200,517600
20231229,10:27:48,1.25,1800,517600
20231229,10:27:50,1.25,3000,517600
20231229,10:27:56,1.25,1250,517600
20231229,10:27:59,1.25,11750,517600
20231229,10:28:11,1.2,4800,517600
20231229,10:28:22,1.2,3100,517600
20231229,10:28:24,1.2,500,517600
20231229,10:28:26,1.2,2550,517600
20231229,10:28:40,1.2,3350,517600
20231229,10:28:42,1.2,500,517600
20231229,10:28:49,1.2,50,517600
20231229,10:28:57,1.2,500,517600
20231229,10:29:09,1.25,1200,517600
20231229,10:29:11,1.2,850,517600
20231229,10:29:24,1.25,1000,517600
20231229,10:29:29,1.25,1200,523650
20231229,10:29:46,1.25,1400,523650
20231229,10:30:14,1.2,950,523650
20231229,10:30:15,1.25,1900,523650
20231229,10:30:20,1.2,1800,523650
20231229,10:30:21,1.2,750,523650
20231229,10:30:24,1.25,1800,523650
20231229,10:30:25,1.2,1950,523650
20231229,10:30:32,1.25,1300,523650
20231229,10:30:38,1.25,50,523650
20231229,10:30:41,1.25,50,523650
20231229,10:30:42,1.2,1000,523650
20231229,10:30:52,1.25,1800,523650
20231229,10:30:53,1.3,1550,523650
20231229,10:31:08,1.25,150,523650
20231229,10:31:13,1.2,1600,523650
20231229,10:31:23,1.2,300,523650
20231229,10:31:47,1.25,300,523650
20231229,10:31:58,1.25,250,523650
20231229,10:32:21,1.25,2300,523650
20231229,10:32:28,1.3,100,521600
20231229,10:32:31,1.25,100,521600
20231229,10:32:38,1.25,1700,521600
20231229,10:32:51,1.25,1800,521600
20231229,10:32:53,1.25,1000,521600
20231229,10:33:38,1.25,300,521600
20231229,10:33:42,1.25,50,521600
20231229,10:33:43,1.25,1800,521600
20231229,10:33:48,1.25,450,521600
20231229,10:33:52,1.25,250,521600
20231229,10:34:00,1.25,550,521600
20231229,10:34:01,1.3,1800,521600
20231229,10:34:10,1.3,50,521600
20231229,10:34:31,1.25,4100,521600
20231229,10:34:57,1.25,1800,521600
20231229,10:35:13,1.25,250,521600
20231229,10:35:17,1.25,800,530050
20231229,10:35:20,1.25,300,530050
20231229,10:35:25,1.25,1800,530050
20231229,10:35:35,1.25,2600,530050
20231229,10:36:14,1.25,1200,530050
20231229,10:36:28,1.25,250,530050
20231229,10:36:35,1.25,250,530050
20231229,10:36:35,1.25,900,530050
20231229,10:36:39,1.25,250,530050
20231229,10:36:46,1.2,50,530050
20231229,10:36:47,1.25,250,530050
20231229,10:36:53,1.25,250,530050
20231229,10:36:55,1.25,1050,530050
20231229,10:36:56,1.25,1600,530050
20231229,10:37:04,1.25,250,530050
20231229,10:37:05,1.25,750,530050
20231229,10:37:12,1.25,250,530050
20231229,10:37:16,1.25,50,530050
20231229,10:37:19,1.25,100,530050
20231229,10:37:23,1.25,100,530050
20231229,10:37:24,1.25,500,530050
20231229,10:37:30,1.25,250,530050
20231229,10:37:40,1.25,400,530050
20231229,10:37:41,1.25,450,530050
20231229,10:38:00,1.25,1950,530050
20231229,10:38:04,1.25,250,530050
20231229,10:38:21,1.25,1800,533700
20231229,10:38:26,1.25,10500,533700
20231229,10:39:38,1.25,50,533700
20231229,10:39:39,1.25,250,533700
20231229,10:39:42,1.3,1800,533700
20231229,10:39:45,1.25,200,533700
20231229,10:39:45,1.3,1800,533700
20231229,10:39:48,1.3,1800,533700
20231229,10:39:54,1.3,500,533700
20231229,10:39:55,1.3,600,533700
20231229,10:39:56,1.3,2900,533700
20231229,10:40:00,1.35,150,533700
20231229,10:40:01,1.35,1800,533700
20231229,10:40:02,1.25,9850,533700
20231229,10:40:03,1.3,1050,533700
20231229,10:40:07,1.35,1800,533700
20231229,10:40:19,1.35,1800,533700
20231229,10:40:57,1.35,150,533700
20231229,10:41:05,1.3,450,533700
20231229,10:41:22,1.3,3050,533700
20231229,10:41:35,1.3,250,546550
20231229,10:41:36,1.3,50,546550
20231229,10:41:45,1.3,100,546550
20231229,10:42:01,1.25,50,546550
20231229,10:42:35,1.3,50,546550
20231229,10:42:36,1.3,450,546550
20231229,10:42:42,1.3,50,546550
20231229,10:43:12,1.35,500,546550
20231229,10:43:12,1.35,3050,546550
20231229,10:43:15,1.3,3100,546550
20231229,10:43:16,1.3,3650,546550
20231229,10:43:21,1.3,400,546550
20231229,10:43:24,1.3,350,546550
20231229,10:43:31,1.3,1800,546550
20231229,10:43:35,1.3,300,546550
20231229,10:43:36,1.3,200,546550
20231229,10:43:41,1.3,600,546550
20231229,10:43:42,1.35,50,546550
20231229,10:43:43,1.3,50,546550
20231229,10:43:45,1.35,4150,546550
20231229,10:43:54,1.35,50,546550
20231229,10:44:02,1.35,50,546550
20231229,10:44:03,1.35,250,546550
20231229,10:44:23,1.4,2000,552600
20231229,10:44:27,1.4,4500,552600
20231229,10:44:52,1.4,1950,552600
20231229,10:45:14,1.4,2600,552600
20231229,10:45:18,1.35,200,552600
20231229,10:45:20,1.4,150,552600
20231229,10:45:22,1.35,50,552600
20231229,10:45:25,1.4,600,552600
20231229,10:45:26,1.4,300,552600
20231229,10:45:27,1.4,300,552600
20231229,10:45:31,1.4,250,552600
20231229,10:45:32,1.4,350,552600
20231229,10:46:24,1.35,1000,552600
20231229,10:46:33,1.4,300,552600
20231229,10:47:12,1.35,1800,552600
20231229,10:47:15,1.3,1800,552600
20231229,10:47:16,1.35,400,552600
20231229,10:47:55,1.3,400,552600
20231229,10:48:28,1.3,400,550500
20231229,10:49:23,1.3,100,550500
20231229,10:49:35,1.3,100,550500
20231229,10:49:37,1.3,500,550500
20231229,10:49:41,1.3,50,550500
20231229,10:49:45,1.3,650,550500
20231229,10:50:08,1.3,200,550500
20231229,10:50:09,1.25,50,550500
20231229,10:50:43,1.25,50,549750
20231229,10:52:46,1.25,50,549750
20231229,10:52:53,1.25,50,549750
20231229,10:53:01,1.25,250,549750
20231229,10:54:45,1.25,50,549750
20231229,10:55:59,1.25,200,549750
20231229,10:56:14,1.25,200,549750
20231229,10:57:22,1.25,1000,549750
20231229,10:57:31,1.25,500,549750
20231229,10:58:07,1.25,850,549750
20231229,11:01:17,1.25,2300,550450
20231229,11:01:20,1.25,1950,550450
20231229,11:01:24,1.25,750,550450
20231229,11:01:29,1.25,1700,550450
20231229,11:02:48,1.25,250,552900
20231229,11:02:49,1.25,500,552900
20231229,11:03:10,1.2,1000,552900
20231229,11:03:12,1.2,1950,552900
20231229,11:03:15,1.2,1200,552900
20231229,11:03:34,1.2,1800,552900
20231229,11:03:36,1.2,700,552900
20231229,11:04:29,1.2,400,552900
20231229,11:04:49,1.2,350,552900
20231229,11:05:47,1.2,250,554650
20231229,11:09:06,1.2,750,554400
20231229,11:09:12,1.2,400,554400
20231229,11:09:33,1.2,50,554400
20231229,11:11:43,1.2,100,554400
20231229,11:12:11,1.2,50,555100
20231229,11:14:48,1.2,250,554950
20231229,11:15:25,1.2,250,554950
20231229,11:15:54,1.2,250,554950
20231229,11:16:34,1.2,100,554950
20231229,11:17:04,1.2,50,554950
20231229,11:17:05,1.2,100,554950
20231229,11:19:30,1.2,150,554950
20231229,11:19:40,1.2,100,555550
20231229,11:19:42,1.2,200,555550
20231229,11:20:11,1.1,11700,555550
20231229,11:22:40,1.15,1050,555550
20231229,11:23:06,1.15,400,558750
20231229,11:23:27,1.15,400,558750
20231229,11:25:07,1.15,1800,558100
20231229,11:25:11,1.15,100,558100
20231229,11:25:31,1.15,1900,558100
20231229,11:25:32,1.15,200,558100
20231229,11:27:23,1.15,100,558100
20231229,11:29:06,1.2,200,555700
20231229,11:29:26,1.2,1150,555600
20231229,11:30:19,1.25,2650,555600
20231229,11:30:25,1.25,50,555600
20231229,11:30:33,1.25,500,555600
20231229,11:30:57,1.25,50,555600
20231229,11:31:07,1.25,300,555600
20231229,11:31:19,1.25,900,555600
20231229,11:31:50,1.25,100,555600
20231229,11:32:56,1.2,1700,555600
20231229,11:33:06,1.2,200,553200
20231229,11:33:08,1.2,250,553200
20231229,11:33:47,1.2,300,553200
20231229,11:33:53,1.2,100,553200
20231229,11:34:23,1.2,250,553200
20231229,11:34:29,1.2,450,553200
20231229,11:36:58,1.2,200,554550
20231229,11:37:06,1.2,400,554550
20231229,11:39:25,1.2,100,554550
20231229,11:45:23,1.2,600,554550
20231229,11:45:27,1.25,50,554550
20231229,11:45:31,1.2,800,554550
20231229,11:45:32,1.15,50,554550
20231229,11:45:35,1.25,50,554550
20231229,11:45:39,1.2,50,554550
20231229,11:45:39,1.15,50,554550
20231229,11:45:42,1.25,50,554550
20231229,11:45:46,1.15,50,554550
20231229,11:45:49,1.25,50,554550
20231229,11:45:53,1.15,50,554550
20231229,11:45:58,1.25,50,554550
20231229,11:46:02,1.15,50,554550
20231229,11:46:03,1.25,250,554550
20231229,11:46:09,1.25,50,554550
20231229,11:46:12,1.15,50,554550
20231229,11:46:16,1.25,50,554550
20231229,11:46:19,1.2,50,554550
20231229,11:46:22,1.25,50,554550
20231229,11:46:25,1.2,50,554550
20231229,11:46:28,1.25,50,554550
20231229,11:46:31,1.2,50,554550
20231229,11:46:34,1.25,50,554550
20231229,11:46:37,1.2,50,554550
20231229,11:46:40,1.25,50,554550
20231229,11:46:44,1.2,50,554550
20231229,11:46:47,1.25,50,554550
20231229,11:46:51,1.2,50,554550
20231229,11:46:54,1.25,50,554550
20231229,11:46:57,1.2,50,554550
20231229,11:48:57,1.2,50,555350
20231229,11:51:37,1.2,250,555350
20231229,11:52:00,1.2,50,555300
20231229,11:52:28,1.2,800,555300
20231229,11:54:32,1.2,1350,555800
20231229,11:54:50,1.2,1000,555800
20231229,11:55:08,1.2,150,555800
20231229,12:04:28,1.2,750,555800
20231229,12:04:46,1.2,600,555550
20231229,12:06:16,1.2,150,556150
20231229,12:12:21,1.2,500,556150
20231229,12:12:53,1.2,1800,556150
20231229,12:13:02,1.2,1800,556150
20231229,12:13:27,1.2,1800,556150
20231229,12:13:46,1.2,1800,556150
20231229,12:13:49,1.2,650,556150
20231229,12:13:54,1.2,1800,556150
20231229,12:14:01,1.2,200,556150
20231229,12:14:06,1.2,1800,556150
20231229,12:15:28,1.2,1800,553600
20231229,12:15:34,1.2,500,553600
20231229,12:16:52,1.25,800,553600
20231229,12:16:57,1.25,500,553600
20231229,12:17:05,1.3,2400,553600
20231229,12:17:05,1.35,1800,553600
20231229,12:17:51,1.3,1800,555850
20231229,12:18:19,1.3,500,555850
20231229,12:18:19,1.35,1800,555850
20231229,12:18:54,1.3,350,555850
20231229,12:20:38,1.35,300,558200
20231229,12:21:52,1.3,250,558200
20231229,12:21:53,1.3,50,558200
20231229,12:23:34,1.3,700,558200
20231229,12:24:11,1.3,250,558600
20231229,12:25:24,1.35,1800,558600
20231229,12:25:46,1.35,50,558600
20231229,12:30:12,1.3,800,558550
20231229,12:30:13,1.3,50,558550
20231229,12:30:28,1.25,500,558550
20231229,12:30:29,1.25,250,558550
20231229,12:30:33,1.25,50,558550
20231229,12:30:34,1.25,50,558550
20231229,12:30:36,1.25,50,558550
20231229,12:31:21,1.25,1700,558550
20231229,12:31:31,1.25,750,558550
20231229,12:32:33,1.25,800,559100
20231229,12:32:36,1.25,100,559100
20231229,12:32:37,1.25,1000,559100
20231229,12:32:44,1.25,250,559100
20231229,12:32:59,1.25,50,559100
20231229,12:35:39,1.25,50,559250
20231229,12:36:38,1.25,650,559250
20231229,12:50:38,1.25,150,559250
20231229,12:51:15,1.25,150,559250
20231229,12:51:52,1.25,150,559250
20231229,12:52:22,1.25,150,559250
20231229,12:52:59,1.25,150,559250
20231229,12:53:11,1.25,150,559250
20231229,12:53:55,1.25,150,559250
20231229,12:54:29,1.2,1050,560150
20231229,12:57:25,1.2,450,560150
20231229,13:10:41,1.2,50,559100
20231229,13:16:16,1.25,550,559100
20231229,13:16:18,1.25,50,559050
20231229,13:16:19,1.25,50,559050
20231229,13:17:26,1.25,200,559050
20231229,13:18:30,1.3,100,559050
20231229,13:18:44,1.25,100,558450
20231229,13:18:53,1.25,1800,558450
20231229,13:18:54,1.25,250,558450
20231229,13:18:55,1.25,50,558450
20231229,13:19:18,1.25,50,558450
20231229,13:19:43,1.25,1800,558450
20231229,13:19:46,1.25,1800,558450
20231229,13:19:48,1.25,1800,558450
20231229,13:19:51,1.25,300,558450
20231229,13:21:20,1.3,50,558150
20231229,13:21:32,1.25,2800,558150
20231229,13:21:33,1.25,7200,558150
20231229,13:21:41,1.25,50,558150
20231229,13:24:09,1.2,1800,568100
20231229,13:24:10,1.2,1900,568100
20231229,13:24:18,1.2,150,568100
20231229,13:24:24,1.2,1850,568100
20231229,13:24:26,1.2,50,568100
20231229,13:25:16,1.2,850,568100
20231229,13:25:41,1.2,150,568100
20231229,13:26:29,1.2,1550,568100
20231229,13:26:30,1.2,50,568100
20231229,13:26:32,1.2,50,568100
20231229,13:30:11,1.25,150,562850
20231229,13:30:24,1.25,150,562850
20231229,13:30:42,1.25,150,562850
20231229,13:30:57,1.2,50,562850
20231229,13:31:19,1.25,150,562850
20231229,13:32:02,1.25,150,562850
20231229,13:33:10,1.25,150,563500
20231229,13:37:30,1.2,1500,563650
20231229,13:37:40,1.2,1100,563650
20231229,13:38:39,1.25,50,563650
20231229,13:39:54,1.25,150,561300
20231229,13:40:08,1.25,150,561300
20231229,13:40:40,1.25,150,561300
20231229,13:41:32,1.25,150,561300
20231229,13:42:27,1.25,150,561300
20231229,13:42:58,1.2,200,561900
20231229,13:43:00,1.2,550,561900
20231229,13:43:02,1.2,900,561900
20231229,13:46:46,1.25,150,561900
20231229,13:47:17,1.2,2000,560400
20231229,13:49:04,1.25,50,560400
20231229,13:50:08,1.25,1300,561700
20231229,13:50:19,1.25,50,561700
20231229,13:50:22,1.25,50,561700
20231229,13:51:02,1.3,150,562400
20231229,13:51:30,1.3,1800,562400
20231229,13:51:31,1.3,650,562400
20231229,13:51:33,1.3,1050,562400
20231229,13:51:35,1.3,700,562400
20231229,13:51:47,1.3,150,562400
20231229,13:51:58,1.3,50,562400
20231229,13:52:01,1.3,950,562400
20231229,13:52:03,1.3,50,562400
20231229,13:52:04,1.35,2500,562400
20231229,13:52:07,1.4,300,562400
20231229,13:52:10,1.4,1800,562400
20231229,13:52:12,1.35,1850,562400
20231229,13:52:13,1.35,200,562400
20231229,13:52:18,1.35,500,562400
20231229,13:52:20,1.35,200,562400
20231229,13:53:02,1.4,2400,562400
20231229,13:53:04,1.4,750,562400
20231229,13:53:33,1.4,250,562400
20231229,13:53:35,1.4,50,562400
20231229,13:53:45,1.4,50,562400
20231229,13:54:01,1.45,150,562600
20231229,13:54:02,1.45,500,562600
20231229,13:54:06,1.45,250,562600
20231229,13:54:07,1.45,250,562600
20231229,13:54:12,1.5,3100,562600
20231229,13:54:25,1.55,650,562600
20231229,13:54:25,1.55,350,562600
20231229,13:54:29,1.5,600,562600
20231229,13:54:30,1.5,200,562600
20231229,13:54:54,1.45,200,562600
20231229,13:55:02,1.45,50,562600
20231229,13:55:04,1.5,100,562600
20231229,13:55:12,1.4,1350,562600
20231229,13:55:20,1.4,200,562600
20231229,13:55:42,1.4,350,562600
20231229,13:55:48,1.4,50,562600
20231229,13:56:02,1.4,550,562600
20231229,13:56:11,1.4,350,562600
20231229,13:56:13,1.4,50,562600
20231229,13:57:02,1.45,50,562600
20231229,13:57:03,1.45,50,565600
20231229,13:57:04,1.5,450,565600
20231229,13:57:31,1.5,2100,565600
20231229,13:57:56,1.45,1800,565600
20231229,13:57:57,1.45,750,565600
20231229,13:58:02,1.45,150,565600
20231229,13:58:13,1.45,1800,565600
20231229,13:58:58,1.5,2400,565600
20231229,13:59:03,1.45,50,565600
20231229,13:59:08,1.45,50,565600
20231229,14:00:00,1.45,250,569000
20231229,14:00:01,1.45,50,569000
20231229,14:00:02,1.4,1550,569000
20231229,14:00:03,1.4,1250,569000
20231229,14:00:32,1.45,50,569000
20231229,14:01:30,1.4,1800,569000
20231229,14:01:32,1.4,2350,569000
20231229,14:01:34,1.4,1000,569000
20231229,14:01:36,1.4,50,569000
20231229,14:01:41,1.4,50,569000
20231229,14:02:40,1.4,250,569000
20231229,14:02:59,1.35,250,566500
20231229,14:03:12,1.35,150,566500
20231229,14:03:14,1.35,350,566500
20231229,14:03:28,1.35,50,566500
20231229,14:05:10,1.35,50,566500
20231229,14:05:12,1.35,50,566500
20231229,14:05:14,1.35,50,566500
20231229,14:05:16,1.35,50,566500
20231229,14:05:20,1.35,2100,566500
20231229,14:05:21,1.35,50,566500
20231229,14:05:22,1.35,50,566500
20231229,14:05:37,1.35,200,566500
20231229,14:05:57,1.35,350,566550
20231229,14:05:58,1.35,350,566550
20231229,14:06:00,1.35,300,566550
20231229,14:08:57,1.35,100,566050
20231229,14:10:18,1.35,250,566050
20231229,14:10:33,1.35,250,566050
20231229,14:11:02,1.3,1800,566050
20231229,14:11:03,1.3,3600,566050
20231229,14:11:04,1.3,3850,566050
20231229,14:11:05,1.3,100,566050
20231229,14:11:15,1.3,300,566050
20231229,14:11:16,1.3,200,566050
20231229,14:11:19,1.3,250,566050
20231229,14:11:33,1.3,250,566050
20231229,14:11:53,1.3,250,571450
20231229,14:11:54,1.3,1650,571450
20231229,14:12:05,1.3,250,571450
20231229,14:12:07,1.3,400,571450
20231229,14:12:08,1.3,150,571450
20231229,14:14:07,1.3,300,571450
20231229,14:14:30,1.35,150,571450
20231229,14:16:10,1.3,250,571100
20231229,14:16:12,1.3,300,571100
20231229,14:16:13,1.3,1350,571100
20231229,14:21:41,1.25,250,571250
20231229,14:22:30,1.3,100,571250
20231229,14:24:48,1.25,50,571350
20231229,14:25:17,1.25,50,571350
20231229,14:25:21,1.25,50,571350
20231229,14:28:46,1.2,250,571500
20231229,14:29:44,1.2,150,571500
20231229,14:31:39,1.2,150,571500
20231229,14:36:00,1.2,250,571400
20231229,14:36:24,1.25,50,571400
20231229,14:37:43,1.2,350,571400
20231229,14:40:35,1.25,950,570800
20231229,14:42:01,1.25,150,570800
20231229,14:43:56,1.2,350,569850
20231229,14:44:41,1.2,250,569850
20231229,14:45:01,1.2,250,569250
20231229,14:48:23,1.25,100,569000
20231229,14:48:33,1.25,100,569000
20231229,14:52:26,1.2,300,569000
20231229,14:52:42,1.2,300,569000
20231229,14:52:59,1.2,250,569000
20231229,14:53:00,1.2,150,569000
20231229,14:53:11,1.2,50,569000
20231229,14:53:17,1.2,50,569000
20231229,14:53:37,1.2,250,569000
20231229,14:55:33,1.2,250,569100
20231229,14:55:55,1.15,50,569100
20231229,14:57:17,1.2,100,569100
20231229,14:57:32,1.2,150,569350
20231229,14:59:04,1.2,500,569350
20231229,14:59:06,1.2,500,569350
20231229,14:59:08,1.2,500,569350
20231229,14:59:11,1.2,700,569350
20231229,14:59:17,1.2,50,569350
20231229,14:59:31,1.2,50,569350
20231229,15:00:25,1.2,300,569350
20231229,15:00:28,1.2,250,568800
20231229,15:00:51,1.25,1000,568800
20231229,15:00:57,1.25,1200,568800
20231229,15:02:00,1.25,50,568800
20231229,15:02:01,1.25,250,568800
20231229,15:03:36,1.25,50,568800
20231229,15:04:06,1.25,500,568500
20231229,15:04:38,1.25,250,568500
20231229,15:04:44,1.25,750,568500
20231229,15:04:48,1.3,1200,568500
20231229,15:05:02,1.35,250,568500
20231229,15:05:07,1.3,100,568500
20231229,15:05:08,1.35,1800,568500
20231229,15:05:13,1.4,1800,568500
20231229,15:05:20,1.35,1050,568500
20231229,15:05:27,1.35,100,568500
20231229,15:05:28,1.35,600,568500
20231229,15:05:32,1.4,250,568500
20231229,15:09:11,1.35,500,568500
20231229,15:10:11,1.3,200,574750
20231229,15:10:11,1.25,1400,574750
20231229,15:10:33,1.3,50,574750
20231229,15:10:45,1.3,250,574750
20231229,15:11:14,1.3,400,574750
20231229,15:11:28,1.3,250,574750
20231229,15:11:30,1.3,300,574750
20231229,15:11:31,1.3,300,574750
20231229,15:11:46,1.3,600,574750
20231229,15:13:12,1.3,300,574750
20231229,15:13:20,1.3,300,574750
20231229,15:14:37,1.3,250,574750
20231229,15:14:41,1.3,250,574750
20231229,15:15:00,1.3,250,574950
20231229,15:15:04,1.3,300,574950
20231229,15:15:11,1.35,1500,574950
20231229,15:15:35,1.4,800,574950
20231229,15:15:36,1.4,1000,574950
20231229,15:15:41,1.4,400,574950
20231229,15:15:42,1.4,3100,574950
20231229,15:15:44,1.4,200,574950
20231229,15:15:46,1.4,200,574950
20231229,15:15:50,1.4,200,574950
20231229,15:15:51,1.3,2850,574950
20231229,15:16:16,1.3,200,574950
20231229,15:16:23,1.3,1150,574950
20231229,15:16:28,1.3,250,574950
20231229,15:16:30,1.3,250,574950
20231229,15:16:32,1.3,250,574950
20231229,15:16:48,1.3,600,574950
20231229,15:16:49,1.25,1000,574950
20231229,15:16:55,1.3,400,574950
20231229,15:16:56,1.3,800,574950
20231229,15:16:57,1.3,600,574950
20231229,15:17:13,1.3,400,574950
20231229,15:17:14,1.3,2800,574950
20231229,15:17:15,1.3,600,574950
20231229,15:18:10,1.3,250,576450
20231229,15:18:58,1.4,400,576450
20231229,15:18:59,1.4,200,576450
20231229,15:19:03,1.4,600,576450
20231229,15:19:03,1.4,400,576450
20231229,15:19:06,1.35,800,576450
20231229,15:19:06,1.35,400,576450
20231229,15:19:07,1.35,800,576450
20231229,15:19:09,1.35,200,576450
20231229,15:22:08,1.3,750,576450
20231229,15:23:24,1.3,50,576650
20231229,15:23:32,1.3,200,576650
20231229,15:24:03,1.35,1400,576650
20231229,15:24:03,1.35,1000,575700
20231229,15:24:04,1.35,1800,575700
20231229,15:24:05,1.35,50,575700
20231229,15:24:09,1.35,50,575700
20231229,15:24:16,1.35,100,575700
20231229,15:24:31,1.3,50,575700
20231229,15:25:05,1.3,50,575700
20231229,15:25:09,1.3,100,575700
20231229,15:25:15,1.3,150,575700
20231229,15:25:39,1.3,50,575700
20231229,15:25:50,1.3,250,575700
20231229,15:26:03,1.35,50,575700
20231229,15:26:04,1.35,200,575700
20231229,15:27:19,1.35,150,573550
20231229,15:28:07,1.3,250,573550
20231229,15:28:16,1.3,200,573550
20231229,15:28:25,1.3,50,573550
20231229,15:29:39,1.25,100,573550
20231229,15:29:40,1.25,400,573550
20231229,15:29:47,1.25,100,573550
20231229,15:29:48,1.25,400,573550
20240101,09:15:27,1.25,1,571600
20240101,09:15:27,1.25,100,571600
20240101,09:15:28,1.3,150,571600
20240101,09:15:39,1.3,1000,571600
20240101,09:15:56,1.15,650,571600
20240101,09:16:00,1.15,300,571600
20240101,09:16:17,1.35,50,571600
20240101,09:16:29,1.35,1950,571600
20240101,09:16:41,1.15,250,571600
20240101,09:16:45,1.25,900,571600
20240101,09:16:50,1.2,350,571600
20240101,09:17:01,1.25,50,571600
20240101,09:17:02,1.2,50,571600
20240101,09:17:04,1.2,100,571600
20240101,09:17:20,1.2,350,571600
20240101,09:17:21,1.15,250,571800
20240101,09:17:23,1.2,100,571800
20240101,09:17:26,1.2,100,571800
20240101,09:18:12,1.25,200,571800
20240101,09:18:16,1.2,600,571800
20240101,09:18:51,1.15,50,571800
20240101,09:19:00,1.15,100,571800
20240101,09:19:10,1.15,150,571800
20240101,09:19:18,1.15,250,571800
20240101,09:19:20,1.15,500,571800
20240101,09:19:22,1.2,300,571800
20240101,09:19:22,1.2,150,571800
20240101,09:19:40,1.15,50,571800
20240101,09:20:17,1.15,100,572100
20240101,09:20:22,1.2,400,572100
20240101,09:20:22,1.25,850,572100
20240101,09:20:35,1.2,800,572100
20240101,09:21:37,1.2,800,572100
20240101,09:21:41,1.15,500,572100
20240101,09:21:50,1.15,100,572100
20240101,09:22:00,1.15,100,572100
20240101,09:22:47,1.15,100,572100
20240101,09:23:20,1.2,200,571200
20240101,09:26:13,1.2,200,571200
20240101,09:26:36,1.2,250,571600
20240101,09:33:16,1.15,1800,571850
20240101,09:35:19,1.15,50,571850
20240101,09:37:37,1.15,500,571850
20240101,09:39:23,1.15,900,571800
20240101,09:40:02,1.15,200,571800
20240101,09:40:36,1.15,1000,571800
20240101,09:41:23,1.15,50,571600
20240101,09:43:32,1.15,1800,571600
20240101,09:43:34,1.15,2700,571600
20240101,09:43:35,1.15,1800,571600
20240101,09:43:37,1.15,750,571600
20240101,09:43:44,1.15,1800,571600
20240101,09:43:46,1.15,1800,571600
20240101,09:43:48,1.15,1200,571600
20240101,09:45:11,1.15,50,572550
20240101,09:45:54,1.15,800,572550
20240101,09:47:07,1.15,850,572550
20240101,09:52:39,1.2,250,571600
20240101,09:52:42,1.2,500,571600
20240101,09:52:56,1.2,150,571600
20240101,09:54:21,1.2,1050,571600
20240101,09:54:51,1.25,650,571700
20240101,09:54:52,1.35,800,571700
20240101,09:54:55,1.35,250,571700
20240101,09:55:06,1.35,200,571700
20240101,09:55:08,1.35,500,571700
20240101,09:55:12,1.45,750,571700
20240101,09:55:13,1.45,200,571700
20240101,09:55:19,1.45,50,571700
20240101,09:55:25,1.45,1600,571700
20240101,09:55:26,1.4,2650,571700
20240101,09:55:27,1.35,50,571700
20240101,09:55:32,1.35,150,571700
20240101,09:55:39,1.4,250,571700
20240101,09:56:05,1.4,300,571700
20240101,09:56:25,1.3,250,574750
20240101,09:56:31,1.3,200,574750
20240101,09:56:41,1.35,50,574750
20240101,09:56:42,1.25,200,574750
20240101,09:56:46,1.35,350,574750
20240101,09:56:47,1.25,500,574750
20240101,09:56:51,1.35,100,574750
20240101,09:57:00,1.35,100,574750
20240101,09:57:06,1.35,200,574750
20240101,09:57:07,1.25,850,574750
20240101,09:57:16,1.4,400,574750
20240101,09:57:25,1.45,200,574750
20240101,09:57:26,1.45,300,574750
20240101,09:57:48,1.45,50,574750
20240101,09:57:57,1.4,600,574750
20240101,09:58:15,1.45,9800,574750
20240101,09:58:46,1.4,1200,574750
20240101,10:01:26,1.3,950,581450
20240101,10:01:50,1.3,250,581450
20240101,10:01:58,1.3,800,581450
20240101,10:01:59,1.3,250,581450
20240101,10:06:28,1.3,50,581450
20240101,10:07:37,1.3,50,581950
20240101,10:10:30,1.3,1700,581950
20240101,10:10:46,1.35,50,581900
20240101,10:10:54,1.3,1200,581900
20240101,10:10:55,1.3,4600,581900
20240101,10:11:03,1.3,1900,581900
20240101,10:11:03,1.3,3600,581900
20240101,10:11:09,1.3,3300,581900
20240101,10:11:10,1.3,1400,581900
20240101,10:11:12,1.3,300,581900
20240101,10:11:12,1.3,200,581900
20240101,10:14:25,1.3,200,581200
20240101,10:15:11,1.25,800,581200
20240101,10:20:06,1.25,400,581200
20240101,10:20:07,1.25,100,581550
20240101,10:20:26,1.25,500,581550
20240101,10:21:31,1.25,1200,581300
20240101,10:21:32,1.2,950,581300
20240101,10:23:03,1.25,50,581300
20240101,10:24:11,1.25,1000,581300
20240101,10:24:36,1.2,2550,579650
20240101,10:24:45,1.1,550,579650
20240101,10:24:49,1.1,50,579650
20240101,10:30:56,1.15,500,577950
20240101,10:31:01,1.15,400,577950
20240101,10:37:38,1.15,500,577400
20240101,10:37:49,1.15,100,577400
20240101,10:37:49,1.15,50,577400
20240101,10:38:02,1.15,50,577400
20240101,10:38:39,1.15,50,577400
20240101,10:39:29,1.15,400,577950
20240101,10:40:38,1.15,100,577950
20240101,10:40:45,1.15,100,577950
20240101,10:40:46,1.15,500,577950
20240101,10:40:59,1.2,1250,577950
20240101,10:41:00,1.2,50,577950
20240101,10:41:02,1.2,100,577950
20240101,10:41:05,1.2,50,577950
20240101,10:46:51,1.2,100,577950
20240101,10:46:52,1.2,300,577800
20240101,10:47:25,1.2,50,577800
20240101,10:52:51,1.25,700,577800
20240101,10:56:25,1.15,1800,578200
20240101,10:56:32,1.15,1800,578750
20240101,10:56:39,1.15,1800,578750
20240101,10:56:58,1.15,1800,578750
20240101,10:57:04,1.15,1800,578750
20240101,10:57:10,1.15,1800,578750
20240101,10:57:41,1.25,1400,578750
20240101,11:00:09,1.15,1800,581300
20240101,11:00:17,1.15,1800,581300
20240101,11:00:23,1.2,3200,581300
20240101,11:00:24,1.2,50,581300
20240101,11:00:27,1.2,50,581300
20240101,11:00:37,1.0,1900,581300
20240101,11:00:37,1.1,50,581300
20240101,11:00:46,1.1,1800,581300
20240101,11:01:41,1.1,1850,581300
20240101,11:01:49,1.15,2300,581300
20240101,11:01:52,1.15,500,581300
20240101,11:01:58,1.1,2000,581300
20240101,11:02:39,1.15,200,581300
20240101,11:04:33,1.1,900,585700
20240101,11:08:49,1.15,200,585700
20240101,11:08:49,1.15,50,586600
20240101,11:08:55,1.1,50,586600
20240101,11:15:26,1.15,400,586600
20240101,11:15:52,1.15,1000,586600
20240101,11:17:48,1.15,150,586600
20240101,11:21:12,1.15,100,585600
20240101,11:21:15,1.15,800,585600
20240101,11:24:45,1.05,200,585600
20240101,11:24:49,1.05,250,585200
20240101,11:24:58,1.05,150,585200
20240101,11:26:49,1.1,200,585200
20240101,11:29:25,1.05,250,585200
20240101,11:32:29,1.05,300,585200
20240101,11:33:29,1.05,350,585700
20240101,11:34:06,1.1,1800,585700
20240101,11:34:10,1.1,2300,585700
20240101,11:34:14,1.1,2500,585700
20240101,11:34:35,1.1,900,585700
20240101,11:35:36,1.05,50,583600
20240101,11:42:06,1.05,250,583650
20240101,11:49:04,1.05,200,583650
20240101,12:10:27,1.15,3600,583650
20240101,12:10:28,1.2,500,583650
20240101,12:10:30,1.1,400,583650
20240101,12:10:31,1.2,50,583650
20240101,12:10:32,1.25,1100,583650
20240101,12:10:49,1.15,1700,583650
20240101,12:10:50,1.15,300,583650
20240101,12:10:51,1.15,100,583650
20240101,12:10:59,1.2,250,583650
20240101,12:11:02,1.2,50,583650
20240101,12:11:03,1.15,750,583650
20240101,12:11:04,1.2,750,583650
20240101,12:11:05,1.2,9200,583650
20240101,12:11:06,1.25,9800,583650
20240101,12:11:07,1.15,9700,583650
20240101,12:11:08,1.2,1850,583650
20240101,12:11:09,1.2,2800,583650
20240101,12:11:10,1.15,3650,583650
20240101,12:11:11,1.25,7450,583650
20240101,12:11:12,1.15,800,583650
20240101,12:11:13,1.25,6350,583650
20240101,12:11:18,1.25,1550,583650
20240101,12:11:19,1.15,1450,583650
20240101,12:11:22,1.15,700,583650
20240101,12:11:23,1.25,1100,583650
20240101,12:11:24,1.2,350,583650
20240101,12:11:25,1.2,2550,583650
20240101,12:11:26,1.45,8100,583650
20240101,12:11:27,1.15,7600,583650
20240101,12:11:28,0.95,3250,583650
20240101,12:11:29,1.25,2100,583650
20240101,12:11:30,1.15,350,583650
20240101,12:11:31,0.95,2600,583650
20240101,12:11:32,1.15,3950,583650
20240101,12:11:33,1.25,1600,583650
20240101,12:11:37,1.15,150,583650
20240101,12:11:37,1.15,200,583650
20240101,12:11:47,1.2,200,591000
20240101,12:11:52,1.2,100,591000
20240101,12:12:06,1.2,250,591000
20240101,12:12:08,1.25,1500,591000
20240101,12:12:09,1.2,700,591000
20240101,12:12:10,1.2,50,591000
20240101,12:12:11,1.25,500,591000
20240101,12:12:12,1.25,50,591000
20240101,12:12:13,1.3,250,591000
20240101,12:12:16,1.3,300,591000
20240101,12:12:17,1.25,2600,591000
20240101,12:12:18,1.25,600,591000
20240101,12:12:19,1.35,2550,591000
20240101,12:12:20,1.25,1400,591000
20240101,12:12:22,1.25,3300,591000
20240101,12:12:23,1.25,600,591000
20240101,12:12:24,1.3,1950,591000
20240101,12:12:45,1.3,300,591000
20240101,12:12:46,1.35,2800,591000
20240101,12:12:50,1.3,250,591000
20240101,12:13:09,1.25,50,591000
20240101,12:13:12,1.4,4600,591000
20240101,12:13:27,1.3,250,591000
20240101,12:14:08,1.35,3450,591000
20240101,12:14:11,1.3,250,591000
20240101,12:14:38,1.35,50,591000
20240101,12:14:39,1.35,50,591000
20240101,12:15:04,1.4,3800,591000
20240101,12:15:12,1.4,150,597200
20240101,12:15:56,1.3,900,597200
20240101,12:16:07,1.3,6800,597200
20240101,12:16:08,1.3,2700,597200
20240101,12:16:09,1.3,600,597200
20240101,12:16:12,1.3,16650,597200
20240101,12:16:12,1.35,5700,597200
20240101,12:16:15,1.3,50,597200
20240101,12:16:15,1.3,300,597200
20240101,12:16:21,1.35,50,597200
20240101,12:16:52,1.3,450,597200
20240101,12:17:17,1.25,1800,597200
20240101,12:17:35,1.25,1650,597200
20240101,12:19:25,1.2,200,597200
20240101,12:20:08,1.2,50,598950
20240101,12:20:57,1.15,50,598950
20240101,12:22:03,1.2,1300,598900
20240101,12:22:15,1.2,250,598900
20240101,12:23:43,1.2,350,597350
20240101,12:23:53,1.15,100,597350
20240101,12:24:14,1.15,100,597350
20240101,12:26:38,1.2,200,597350
20240101,12:29:14,1.1,4650,597500
20240101,12:29:15,1.15,100,597500
20240101,12:29:16,1.1,3950,597500
20240101,12:29:17,1.1,50,597500
20240101,12:31:13,1.1,200,594800
20240101,12:31:14,1.1,300,594800
20240101,12:34:42,1.15,50,594300
20240101,12:47:32,1.15,200,594250
20240101,12:47:47,1.15,900,594250
20240101,12:51:42,1.15,600,594450
20240101,12:52:03,1.1,1500,593850
20240101,12:52:09,1.15,750,593850
20240101,12:52:10,1.1,700,593850
20240101,12:52:15,1.15,500,593850
20240101,12:52:19,1.15,250,593850
20240101,12:52:20,1.15,550,593850
20240101,12:52:23,1.15,550,593850
20240101,12:52:27,1.15,500,593850
20240101,12:52:37,1.15,600,593850
20240101,12:52:42,1.15,250,593850
20240101,12:53:03,1.15,300,593850
20240101,12:53:05,1.15,1050,593850
20240101,12:53:44,1.15,250,593850
20240101,12:53:52,1.1,1150,594100
20240101,12:56:06,1.15,350,594100
20240101,13:06:05,1.15,350,594400
20240101,13:06:08,1.15,150,594400
20240101,13:06:09,1.15,100,594400
20240101,13:06:10,1.2,50,594400
20240101,13:15:53,1.2,100,594400
20240101,13:16:07,1.2,50,594400
20240101,13:21:10,1.15,600,594400
20240101,13:24:45,1.2,450,594500
20240101,13:30:30,1.1,750,594950
20240101,13:30:31,1.1,950,594950
20240101,13:30:32,1.1,500,594950
20240101,13:30:33,1.15,2850,594950
20240101,13:30:35,1.1,50,594950
20240101,13:30:37,1.1,50,594950
20240101,13:30:38,1.05,500,594950
20240101,13:30:40,1.15,250,594950
20240101,13:30:41,1.05,50,594950
20240101,13:32:22,1.15,50,594950
20240101,13:32:30,1.2,50,594950
20240101,13:33:02,1.15,50,591350
20240101,13:35:31,1.15,50,591350
20240101,13:35:48,1.15,50,591350
20240101,13:41:56,1.15,50,591300
20240101,13:51:05,1.2,250,591300
20240101,13:51:05,1.2,50,591300
20240101,13:51:40,1.25,50,591300
20240101,13:51:58,1.25,50,591300
20240101,13:52:19,1.2,250,591300
20240101,13:58:27,1.25,1300,591300
20240101,13:58:54,1.3,550,591650
20240101,13:59:12,1.3,150,591650
20240101,13:59:13,1.3,1250,591650
20240101,13:59:17,1.35,900,591650
20240101,13:59:26,1.35,100,591650
20240101,13:59:51,1.35,650,591650
20240101,14:00:32,1.45,2250,593650
20240101,14:01:00,1.4,150,593650
20240101,14:01:01,1.4,350,593650
20240101,14:01:27,1.35,300,593650
20240101,14:01:34,1.35,450,593650
20240101,14:01:37,1.4,150,593650
20240101,14:01:48,1.35,400,593650
20240101,14:02:08,1.4,1800,593650
20240101,14:02:17,1.45,200,593650
20240101,14:02:17,1.4,800,593650
20240101,14:02:24,1.35,400,593650
20240101,14:02:27,1.3,50,593650
20240101,14:02:38,1.4,800,593650
20240101,14:03:15,1.4,200,598700
20240101,14:03:17,1.45,250,598700
20240101,14:03:27,1.45,300,598700
20240101,14:03:31,1.45,100,598700
20240101,14:04:17,1.4,100,598700
20240101,14:04:22,1.5,2000,598700
20240101,14:04:22,1.55,50,598700
20240101,14:04:24,1.55,300,598700
20240101,14:04:27,1.5,200,598700
20240101,14:04:27,1.45,100,598700
20240101,14:04:36,1.55,950,598700
20240101,14:04:37,1.5,200,598700
20240101,14:04:45,1.55,1900,598700
20240101,14:04:48,1.5,2050,598700
20240101,14:04:50,1.55,950,598700
20240101,14:05:07,1.6,50,598700
20240101,14:05:10,1.6,250,598700
20240101,14:05:13,1.6,100,598700
20240101,14:05:18,1.6,550,598700
20240101,14:05:24,1.65,50,598700
20240101,14:05:40,1.65,1200,598700
20240101,14:05:56,1.6,450,598700
20240101,14:06:14,1.55,250,598700
20240101,14:06:50,1.6,100,604200
20240101,14:07:12,1.55,400,604200
20240101,14:08:25,1.55,150,604200
20240101,14:08:34,1.55,50,604200
20240101,14:09:50,1.55,50,604200
20240101,14:10:01,1.55,800,603900
20240101,14:10:20,1.55,100,603900
20240101,14:11:07,1.5,550,603900
20240101,14:11:13,1.55,1800,603900
20240101,14:11:14,1.55,50,603900
20240101,14:11:26,1.6,4050,603900
20240101,14:11:32,1.6,100,603900
20240101,14:11:33,1.6,250,603900
20240101,14:11:49,1.6,1400,603900
20240101,14:11:50,1.65,1800,603900
20240101,14:11:56,1.65,600,603900
20240101,14:11:57,1.7,900,603900
20240101,14:11:58,1.7,400,608150
20240101,14:12:17,1.6,50,608150
20240101,14:12:37,1.6,50,608150
20240101,14:12:45,1.65,1800,608150
20240101,14:13:19,1.6,50,608150
20240101,14:13:44,1.6,400,608150
20240101,14:13:49,1.7,2100,608150
20240101,14:13:58,1.65,750,608150
20240101,14:13:59,1.7,1800,608150
20240101,14:14:06,1.65,500,608150
20240101,14:14:08,1.65,350,608150
20240101,14:14:22,1.65,400,608150
20240101,14:14:22,1.65,200,608150
20240101,14:14:23,1.65,1200,608150
20240101,14:14:24,1.65,200,608150
20240101,14:15:14,1.7,1600,612950
20240101,14:16:07,1.65,50,612950
20240101,14:16:10,1.65,1800,612950
20240101,14:17:28,1.6,200,612950
20240101,14:17:28,1.6,1800,612950
20240101,14:17:29,1.7,3100,612950
20240101,14:17:46,1.7,150,612950
20240101,14:17:48,1.7,750,612950
20240101,14:17:49,1.75,100,612950
20240101,14:17:52,1.75,200,612950
20240101,14:17:52,1.75,2000,612950
20240101,14:17:53,1.8,350,612950
20240101,14:17:55,1.8,550,612950
20240101,14:17:59,1.85,5450,618650
20240101,14:18:00,1.85,150,618650
20240101,14:18:02,1.95,1650,618650
20240101,14:18:03,1.9,50,618650
20240101,14:18:05,1.95,450,618650
20240101,14:18:07,1.9,50,618650
20240101,14:18:14,1.9,300,618650
20240101,14:18:17,1.85,250,618650
20240101,14:18:38,1.85,50,618650
20240101,14:18:41,1.85,900,618650
20240101,14:18:45,1.85,400,618650
20240101,14:18:48,1.9,2500,618650
20240101,14:18:49,1.95,1950,618650
20240101,14:18:50,1.95,300,618650
20240101,14:18:55,1.95,2350,618650
20240101,14:18:56,1.9,250,618650
20240101,14:19:04,1.95,1500,618650
20240101,14:19:06,2.0,2050,618650
20240101,14:19:08,2.0,600,618650
20240101,14:19:09,1.9,700,618650
20240101,14:19:29,1.9,100,618650
20240101,14:19:57,1.85,300,618650
20240101,14:20:00,1.85,250,618650
20240101,14:20:02,1.85,250,618650
20240101,14:20:04,1.85,300,618650
20240101,14:20:08,1.8,350,618650
20240101,14:20:19,1.8,200,618650
20240101,14:20:24,1.8,200,618650
20240101,14:21:24,1.75,50,618650
20240101,14:21:37,1.8,50,630050
20240101,14:22:29,1.75,200,630050
20240101,14:22:30,1.75,1900,630050
20240101,14:22:36,1.75,300,630050
20240101,14:22:55,1.7,300,630050
20240101,14:23:05,1.75,50,630050
20240101,14:23:09,1.7,1800,630050
20240101,14:23:15,1.75,350,630050
20240101,14:23:16,1.75,300,630050
20240101,14:23:46,1.7,2100,630050
20240101,14:23:47,1.7,2150,630050
20240101,14:24:21,1.7,500,629900
20240101,14:24:23,1.7,50,629900
20240101,14:24:26,1.7,50,629900
20240101,14:24:27,1.7,400,629900
20240101,14:24:30,1.7,650,629900
20240101,14:24:48,1.7,50,629900
20240101,14:29:03,1.7,1800,629900
20240101,14:29:04,1.7,1800,629900
20240101,14:29:06,1.65,500,629900
20240101,14:29:51,1.7,250,629900
20240101,14:30:39,1.7,800,630150
20240101,14:32:55,1.7,400,630150
20240101,14:33:01,1.7,1450,630150
20240101,14:34:10,1.65,350,630150
20240101,14:34:21,1.65,400,630150
20240101,14:34:29,1.6,250,630150
20240101,14:35:01,1.65,50,630150
20240101,14:35:13,1.65,600,630150
20240101,14:36:15,1.6,100,630150
20240101,14:38:01,1.6,1000,631050
20240101,14:39:15,1.6,250,631050
20240101,14:39:42,1.65,50,630250
20240101,14:40:54,1.65,50,630250
20240101,14:42:48,1.65,200,630250
20240101,14:42:49,1.65,350,630200
20240101,14:42:55,1.65,2000,630200
20240101,14:42:59,1.65,800,630200
20240101,14:43:29,1.7,200,630200
20240101,14:43:31,1.7,400,630200
20240101,14:43:49,1.7,100,630200
20240101,14:43:50,1.75,450,630200
20240101,14:43:51,1.75,50,630200
20240101,14:43:54,1.75,50,630200
20240101,14:44:03,1.8,800,630200
20240101,14:44:06,1.8,1100,630200
20240101,14:44:07,1.85,4150,630200
20240101,14:44:09,1.85,950,630200
20240101,14:44:16,1.8,50,630200
20240101,14:44:40,1.8,100,630200
20240101,14:45:03,1.8,1000,634600
20240101,14:45:38,1.85,350,634600
20240101,14:46:19,1.8,900,634600
20240101,14:46:41,1.8,600,634600
20240101,14:46:51,1.8,800,634600
20240101,14:48:04,1.75,300,636800
20240101,14:48:05,1.75,200,636800
20240101,14:48:30,1.75,400,636800
20240101,14:48:31,1.7,400,636800
20240101,14:48:49,1.75,250,636800
20240101,14:49:05,1.75,250,636800
20240101,14:49:07,1.75,300,636800
20240101,14:49:09,1.75,250,636800
20240101,14:49:09,1.7,1050,636800
20240101,14:49:11,1.75,250,636800
20240101,14:49:18,1.75,800,636800
20240101,14:49:23,1.75,400,636800
20240101,14:49:25,1.75,400,636800
20240101,14:50:06,1.75,400,636800
20240101,14:50:06,1.75,800,636800
20240101,14:50:23,1.8,250,636800
20240101,14:50:28,1.8,500,636800
20240101,14:51:15,1.7,600,636800
20240101,14:51:24,1.75,250,637150
20240101,14:52:28,1.75,300,637150
20240101,14:52:29,1.7,200,637150
20240101,14:52:37,1.75,250,637150
20240101,14:52:45,1.75,50,637150
20240101,14:53:38,1.7,1000,637150
20240101,14:55:11,1.8,600,637150
20240101,14:55:12,1.7,200,637200
20240101,14:55:13,1.7,200,637200
20240101,14:55:22,1.75,400,637200
20240101,14:55:29,1.8,300,637200
20240101,14:58:34,1.7,50,636700
20240101,14:58:56,1.8,400,636700
20240101,15:01:18,1.75,450,636700
20240101,15:01:41,1.65,1250,636750
20240101,15:02:12,1.65,1600,636750
20240101,15:02:14,1.65,550,636750
20240101,15:02:21,1.65,450,636750
20240101,15:03:57,1.6,400,636050
20240101,15:04:06,1.6,350,636050
20240101,15:05:37,1.65,50,636050
20240101,15:06:34,1.6,150,636050
20240101,15:07:59,1.65,450,635650
20240101,15:08:11,1.65,250,635650
20240101,15:08:14,1.65,250,635650
20240101,15:08:53,1.65,150,635650
20240101,15:09:00,1.65,800,635650
20240101,15:09:01,1.6,1400,635650
20240101,15:09:02,1.6,2200,635650
20240101,15:09:03,1.5,3150,635650
20240101,15:09:32,1.55,100,635650
20240101,15:09:43,1.6,400,638450
20240101,15:09:51,1.6,250,638450
20240101,15:09:54,1.6,350,638450
20240101,15:11:19,1.55,1400,638450
20240101,15:11:20,1.55,500,638450
20240101,15:11:23,1.5,50,638450
20240101,15:11:42,1.45,100,638450
20240101,15:13:03,1.45,850,638450
20240101,15:13:07,1.45,150,636700
20240101,15:14:02,1.5,2350,636700
20240101,15:14:05,1.5,1300,636700
20240101,15:14:12,1.55,1050,636700
20240101,15:14:31,1.5,800,636700
20240101,15:14:33,1.55,900,636700
20240101,15:14:50,1.55,1500,636700
20240101,15:14:53,1.55,50,636700
20240101,15:15:02,1.5,50,636700
20240101,15:15:08,1.5,250,636000
20240101,15:15:10,1.5,300,636000
20240101,15:15:12,1.5,1350,636000
20240101,15:15:54,1.45,50,636000
20240101,15:15:55,1.45,1950,636000
20240101,15:15:59,1.45,100,636000
20240101,15:16:00,1.45,1000,636000
20240101,15:16:39,1.5,50,636000
20240101,15:16:42,1.5,250,636000
20240101,15:16:42,1.5,500,636000
20240101,15:16:52,1.4,400,636000
20240101,15:16:57,1.5,900,636000
20240101,15:17:25,1.45,2200,636000
20240101,15:17:29,1.55,50,636000
20240101,15:17:35,1.4,200,636000
20240101,15:17:51,1.4,50,636000
20240101,15:19:18,1.4,1200,635000
20240101,15:19:23,1.45,400,635000
20240101,15:19:54,1.5,800,635000
20240101,15:19:55,1.5,1250,635000
20240101,15:21:07,1.55,800,635000
20240101,15:21:07,1.55,200,635000
20240101,15:21:09,1.55,550,635000
20240101,15:21:10,1.55,200,634100
20240101,15:21:11,1.5,200,634100
20240101,15:21:18,1.55,1350,634100
20240101,15:21:18,1.55,800,634100
20240101,15:21:27,1.55,1700,634100
20240101,15:21:43,1.5,400,634100
20240101,15:21:49,1.5,500,634100
20240101,15:21:57,1.5,300,634100
20240101,15:21:58,1.5,450,634100
20240101,15:22:01,1.55,1400,634100
20240101,15:22:03,1.55,600,634100
20240101,15:22:05,1.5,400,634100
20240101,15:22:07,1.5,1200,634100
20240101,15:23:26,1.45,500,634100
20240101,15:25:07,1.5,100,634100
20240101,15:25:09,1.5,100,633100
20240101,15:25:11,1.5,100,633100
20240101,15:25:12,1.5,100,633100
20240101,15:25:19,1.5,100,633100
20240101,15:25:26,1.45,300,633100
20240101,15:25:32,1.4,200,633100
20240101,15:25:51,1.4,50,633100
20240101,15:26:04,1.4,100,633100
20240101,15:26:22,1.4,750,633100
20240101,15:27:14,1.45,50,632400
20240101,15:27:20,1.4,850,632400
20240101,15:28:23,1.4,400,632400
20240101,15:29:12,1.45,450,632400
20240101,15:29:45,1.3,50,632400
20240102,09:15:02,1.6,1,632000
20240102,09:15:02,1.55,150,632000
20240102,09:15:04,1.05,100,632000
20240102,09:15:24,1.3,50,632000
20240102,09:17:00,1.2,50,632000
20240102,09:17:05,1.25,50,632000
20240102,09:17:06,1.2,50,632000
20240102,09:17:10,1.2,50,632000
20240102,09:17:12,1.25,50,632000
20240102,09:17:19,1.2,50,632000
20240102,09:17:25,1.25,1000,632200
20240102,09:17:26,1.25,200,632200
20240102,09:22:16,1.2,250,632200
20240102,09:22:22,1.2,1300,632150
20240102,09:22:23,1.2,350,632150
20240102,09:22:26,1.2,150,632150
20240102,09:24:09,1.15,800,632300
20240102,09:24:55,1.15,200,632300
20240102,09:25:00,1.15,250,632300
20240102,09:25:06,1.1,1800,632300
20240102,09:25:10,1.15,300,632300
20240102,09:25:11,1.1,250,632300
20240102,09:25:17,1.1,50,632300
20240102,09:27:09,1.1,200,632300
20240102,09:27:13,1.1,2200,629600
20240102,09:28:10,1.15,200,629600
20240102,09:28:47,1.15,800,629600
20240102,09:29:50,1.15,100,626900
20240102,09:30:56,1.15,550,626900
20240102,09:31:43,1.15,1300,626900
20240102,09:32:05,1.15,200,626900
20240102,09:33:45,1.1,100,625800
20240102,09:34:05,1.2,350,625800
20240102,09:34:18,1.1,800,625800
20240102,09:34:19,1.05,4400,625800
20240102,09:38:31,1.1,300,625800
20240102,09:40:58,1.1,1850,621800
20240102,09:41:27,1.1,1900,621800
20240102,09:41:43,1.15,100,623550
20240102,09:42:31,1.1,400,623550
20240102,09:42:32,1.1,1200,623550
20240102,09:43:10,1.05,1000,623550
20240102,09:43:16,1.05,900,623550
20240102,09:43:48,1.1,300,623550
20240102,09:43:48,1.05,600,623550
20240102,09:44:02,1.1,400,623550
20240102,09:44:15,1.1,550,623550
20240102,09:44:16,1.0,1200,623550
20240102,09:44:17,1.0,1250,623550
20240102,09:44:18,1.1,50,623550
20240102,09:44:21,1.15,50,623550
20240102,09:44:22,1.1,50,623550
20240102,09:44:34,1.1,250,623550
20240102,09:44:35,1.05,500,627600
20240102,09:44:36,1.1,250,627600
20240102,09:44:41,1.1,50,627600
20240102,09:45:03,1.1,300,627600
20240102,09:46:46,1.1,50,627600
20240102,09:47:40,1.05,1800,628750
20240102,09:49:40,1.05,2050,628750
20240102,09:49:47,1.05,1800,628750
20240102,09:51:09,1.1,400,629050
20240102,09:51:13,1.0,750,629050
20240102,09:51:14,1.0,1350,629050
20240102,09:52:51,1.1,250,629050
20240102,09:53:16,1.1,50,629050
20240102,09:54:03,1.1,150,629050
20240102,09:55:01,1.0,250,628700
20240102,09:56:56,1.1,50,628700
20240102,09:57:04,1.0,50,628700
20240102,09:57:54,1.0,250,628700
20240102,09:59:07,1.0,100,628700
20240102,09:59:22,1.0,1800,628700
20240102,09:59:40,1.0,250,628300
20240102,09:59:41,1.05,200,628300
20240102,09:59:42,1.05,1000,628300
20240102,09:59:43,1.05,600,628300
20240102,09:59:44,1.05,1800,628300
20240102,09:59:45,1.15,5200,628300
20240102,09:59:46,1.05,200,628300
20240102,09:59:47,1.05,700,628300
20240102,09:59:49,1.05,1250,628300
20240102,09:59:50,1.05,950,628300
20240102,09:59:51,1.05,1400,628300
20240102,09:59:53,1.05,1000,628300
20240102,09:59:55,1.05,2050,628300
20240102,09:59:58,1.05,200,628300
20240102,10:00:02,1.05,500,628300
20240102,10:00:05,1.05,300,628300
20240102,10:00:05,1.05,250,628300
20240102,10:00:07,1.05,300,628300
20240102,10:00:07,1.05,750,628300
20240102,10:00:10,1.05,900,628300
20240102,10:00:11,1.05,550,628300
20240102,10:00:12,1.05,1050,628300
20240102,10:00:13,1.05,200,628300
20240102,10:00:15,1.05,700,628300
20240102,10:00:15,1.05,300,628300
20240102,10:00:28,1.0,650,628300
20240102,10:00:35,0.95,1850,628300
20240102,10:01:42,0.9,900,628300
20240102,10:01:59,0.85,2150,628300
20240102,10:02:05,0.85,200,628300
20240102,10:02:10,0.85,50,628300
20240102,10:03:47,0.85,50,628300
20240102,10:03:48,0.9,600,621050
20240102,10:04:26,0.95,200,621050
20240102,10:04:37,0.9,1850,621050
20240102,10:05:15,0.95,50,621050
20240102,10:05:30,0.95,400,621450
20240102,10:05:31,0.95,1600,621450
20240102,10:05:35,1.0,400,621450
20240102,10:05:41,1.0,1400,621450
20240102,10:05:44,1.05,1050,621450
20240102,10:05:52,1.0,1200,621450
20240102,10:06:06,1.0,700,621450
20240102,10:06:39,1.0,1000,621450
20240102,10:07:01,1.0,400,621450
20240102,10:08:07,0.95,50,621450
20240102,10:08:19,1.0,800,621450
20240102,10:08:20,1.0,1050,621450
20240102,10:09:35,1.0,650,618950
20240102,10:10:17,1.0,1850,618950
20240102,10:10:22,1.05,50,618950
20240102,10:12:30,1.0,1850,619500
20240102,10:12:33,1.0,1400,619500
20240102,10:12:33,1.0,400,619500
20240102,10:12:34,1.0,200,619500
20240102,10:12:40,1.0,800,619500
20240102,10:12:40,1.0,1200,619500
20240102,10:13:16,1.0,50,619500
20240102,10:17:39,1.0,1650,619500
20240102,10:17:39,1.0,750,619400
20240102,10:18:26,1.0,50,619400
20240102,10:18:32,1.0,1850,619400
20240102,10:19:43,1.0,200,619400
20240102,10:22:00,1.0,600,619400
20240102,10:22:01,1.0,50,619400
20240102,10:22:05,1.05,1800,619400
20240102,10:22:10,1.05,1800,619400
20240102,10:22:11,1.05,50,619400
20240102,10:22:23,1.05,500,619400
20240102,10:22:24,1.05,50,619400
20240102,10:22:26,1.05,300,619400
20240102,10:22:27,1.05,50,619400
20240102,10:22:33,1.05,50,619400
20240102,10:22:59,1.1,250,619400
20240102,10:23:48,1.05,250,619400
20240102,10:23:53,1.05,50,618500
20240102,10:23:56,1.05,250,618500
20240102,10:24:44,1.05,50,618500
20240102,10:25:12,1.0,450,618500
20240102,10:25:13,1.0,200,618500
20240102,10:25:17,1.0,100,618500
20240102,10:25:35,1.0,50,618500
20240102,10:27:38,0.95,50,618500
20240102,10:28:28,0.95,2200,618400
20240102,10:29:05,0.95,200,618400
20240102,10:29:25,0.9,50,618400
20240102,10:29:27,0.9,350,618400
20240102,10:30:57,0.85,100,618400
20240102,10:31:00,0.95,1150,616950
20240102,10:31:08,0.85,250,616950
20240102,10:31:26,0.9,850,616950
20240102,10:31:36,0.85,1750,616950
20240102,10:31:57,0.9,100,616950
20240102,10:34:09,0.9,1200,616950
20240102,10:34:10,0.9,50,614300
20240102,10:34:22,0.9,1350,614300
20240102,10:35:24,0.85,2100,614300
20240102,10:35:25,0.85,50,614300
20240102,10:36:26,0.85,50,612250
20240102,10:36:44,0.9,1800,612250
20240102,10:36:46,0.9,900,612250
20240102,10:36:53,0.95,50,612250
20240102,10:36:58,0.9,50,612250
20240102,10:37:06,0.95,2150,612250
20240102,10:37:16,0.9,250,612250
20240102,10:37:25,0.95,900,612250
20240102,10:37:31,1.0,950,612250
20240102,10:37:35,0.95,450,612250
20240102,10:38:12,0.9,100,612250
20240102,10:39:56,0.95,500,611500
20240102,10:40:15,0.95,2000,611500
20240102,10:41:06,0.95,250,611500
20240102,10:41:16,0.95,1500,611500
20240102,10:41:17,1.0,100,611500
20240102,10:42:03,1.0,50,611500
20240102,10:42:23,0.9,50,611100
20240102,10:44:44,0.95,250,611100
20240102,10:45:11,0.9,1500,611100
20240102,10:46:23,0.9,1500,611100
20240102,10:50:51,0.9,500,611200
20240102,10:56:49,0.9,100,611200
20240102,10:58:01,0.95,250,611200
20240102,10:59:08,0.95,300,611200
20240102,10:59:48,0.95,500,611100
20240102,11:04:02,0.95,700,611100
20240102,11:04:05,0.9,1800,611100
20240102,11:04:07,0.9,4150,611100
20240102,11:04:08,0.9,4150,611100
20240102,11:04:09,0.9,3750,611100
20240102,11:04:10,0.9,200,611100
20240102,11:04:11,0.9,50,611100
20240102,11:04:12,0.85,50,611100
20240102,11:04:13,0.9,50,611100
20240102,11:04:24,0.9,500,611100
20240102,11:04:28,0.9,250,611100
20240102,11:05:03,0.9,50,611100
20240102,11:05:13,0.9,50,611100
20240102,11:05:17,0.9,250,611100
20240102,11:05:30,0.9,500,611100
20240102,11:05:41,0.9,250,611100
20240102,11:05:41,0.85,250,613250
20240102,11:05:55,0.85,500,613250
20240102,11:06:56,0.9,50,613250
20240102,11:08:17,0.9,500,613250
20240102,11:09:40,0.9,50,613750
20240102,11:10:41,0.9,250,613750
20240102,11:10:43,0.9,250,613750
20240102,11:10:54,0.9,50,613750
20240102,11:10:55,0.9,300,613750
20240102,11:11:04,0.9,1800,613750
20240102,11:11:17,0.9,50,613750
20240102,11:11:28,0.9,1800,613750
20240102,11:11:52,0.9,100,613750
20240102,11:12:05,0.9,250,614050
20240102,11:12:07,0.9,650,614050
20240102,11:12:08,0.9,1800,614050
20240102,11:12:10,0.85,1000,614050
20240102,11:12:13,0.9,350,614050
20240102,11:12:15,0.9,500,614050
20240102,11:13:07,0.95,50,614050
20240102,11:13:19,0.95,100,614050
20240102,11:13:21,0.95,100,614050
20240102,11:14:19,0.95,150,614050
20240102,11:15:59,0.95,100,614050
20240102,11:16:21,0.95,250,617100
20240102,11:16:47,0.95,250,617100
20240102,11:16:49,0.95,250,617100
20240102,11:18:55,0.95,250,617100
20240102,11:18:57,0.95,50,617450
20240102,11:19:41,0.95,250,617450
20240102,11:19:41,0.95,100,617450
20240102,11:19:50,0.95,50,617450
20240102,11:19:51,0.95,350,617450
20240102,11:19:56,0.95,100,617450
20240102,11:20:08,0.95,100,617450
20240102,11:20:10,0.95,250,617450
20240102,11:21:22,0.95,750,617450
20240102,11:21:25,0.95,350,617150
20240102,11:21:39,0.95,50,617150
20240102,11:22:10,0.9,50,617150
20240102,11:22:22,0.95,50,617150
20240102,11:22:28,0.95,50,617150
20240102,11:22:29,0.95,50,617150
20240102,11:23:17,0.95,150,617150
20240102,11:24:49,0.95,50,616800
20240102,11:25:33,0.95,150,616800
20240102,11:25:34,0.95,50,616800
20240102,11:25:45,0.95,50,616800
20240102,11:27:49,0.95,150,616950
20240102,11:27:51,0.95,850,616950
20240102,11:32:03,0.95,200,616950
20240102,11:32:38,0.95,150,617650
20240102,11:37:41,0.95,50,618000
20240102,11:42:03,0.95,50,618000
20240102,11:42:16,0.95,50,618000
20240102,11:42:35,0.95,50,618000
20240102,11:44:17,0.95,1200,618000
20240102,11:44:54,0.9,1500,618000
20240102,11:45:36,0.9,500,618350
20240102,11:49:31,0.9,50,618350
20240102,11:53:03,1.0,1900,618450
20240102,11:54:27,0.9,1550,619700
20240102,11:54:28,0.95,150,619700
20240102,11:57:28,0.95,50,618700
20240102,11:59:46,0.9,300,618700
20240102,11:59:49,0.9,50,618700
20240102,11:59:51,0.9,50,618700
20240102,12:02:13,0.85,100,618700
20240102,12:02:43,0.85,200,618950
20240102,12:03:01,0.85,150,618950
20240102,12:03:23,0.85,200,618950
20240102,12:03:48,0.9,250,618950
20240102,12:16:01,0.9,600,619200
20240102,12:16:07,0.9,800,619200
20240102,12:16:42,0.9,50,619200
20240102,12:16:59,0.95,250,619200
20240102,12:17:29,0.9,100,619200
20240102,12:17:32,0.9,50,619200
20240102,12:18:44,0.9,400,619200
20240102,12:20:44,0.9,150,618500
20240102,12:24:11,0.85,200,618400
20240102,12:26:33,0.9,900,618400
20240102,12:42:32,0.85,100,618450
20240102,12:45:51,0.9,50,618450
20240102,12:56:23,0.95,50,618450
20240102,12:56:24,0.9,50,618450
20240102,13:00:20,0.85,50,618500
20240102,13:35:25,0.85,800,618500
20240102,13:35:31,0.85,350,618500
20240102,13:47:54,0.9,250,619650
20240102,13:49:33,0.9,250,619650
20240102,13:50:51,0.9,250,619900
20240102,13:51:06,0.9,250,619650
20240102,14:00:07,0.9,250,619650
20240102,14:01:49,0.9,250,619650
20240102,14:02:37,0.9,250,619650
20240102,14:07:07,0.9,800,619650
20240102,14:09:00,0.9,250,618900
20240102,14:09:45,0.85,100,618100
20240102,14:10:31,0.9,250,618100
20240102,14:11:11,0.9,250,618100
20240102,14:13:33,0.95,100,617550
20240102,14:13:41,0.95,150,617550
20240102,14:13:55,0.9,50,617550
20240102,14:16:56,1.0,50,617400
20240102,14:17:06,0.95,800,617400
20240102,14:17:07,0.95,1250,617400
20240102,14:17:39,1.0,600,617400
20240102,14:17:43,0.95,2050,617400
20240102,14:17:43,0.95,400,617400
20240102,14:17:53,1.0,350,617400
20240102,14:18:10,1.1,2500,619850
20240102,14:18:13,1.05,50,619850
20240102,14:18:19,1.05,100,619850
20240102,14:18:32,1.05,600,619850
20240102,14:18:33,1.05,1400,619850
20240102,14:18:45,1.1,300,619850
20240102,14:18:52,1.1,200,619850
20240102,14:18:55,1.1,50,619850
20240102,14:18:58,1.1,250,619850
20240102,14:19:03,1.1,1850,619850
20240102,14:19:17,1.1,100,619850
20240102,14:19:30,1.05,200,619850
20240102,14:19:30,1.05,250,619850
20240102,14:19:42,1.1,200,619850
20240102,14:20:11,1.1,800,619850
20240102,14:20:13,1.1,700,619850
20240102,14:20:21,1.1,1800,619850
20240102,14:20:24,1.1,50,619850
20240102,14:20:52,1.05,1850,619850
20240102,14:20:55,1.05,50,619850
20240102,14:21:04,1.1,250,628100
20240102,14:21:12,1.1,550,628100
20240102,14:21:17,1.1,50,628100
20240102,14:21:18,1.1,250,628100
20240102,14:21:23,1.1,400,628100
20240102,14:21:24,1.15,400,628100
20240102,14:22:07,1.15,200,628100
20240102,14:22:08,1.15,50,628100
20240102,14:23:03,1.1,350,628100
20240102,14:23:04,1.1,50,628100
20240102,14:23:17,1.15,350,628100
20240102,14:23:18,1.15,800,628100
20240102,14:24:38,1.05,1050,629900
20240102,14:25:32,1.05,300,629900
20240102,14:26:34,1.0,650,629900
20240102,14:27:41,1.05,250,629900
20240102,14:27:46,1.05,250,628800
20240102,14:28:05,1.05,300,628800
20240102,14:33:15,1.0,200,628800
20240102,14:33:17,1.1,3000,628800
20240102,14:33:18,1.25,250,628800
20240102,14:33:19,1.2,600,628800
20240102,14:33:20,1.2,2300,628800
20240102,14:33:23,1.1,200,628800
20240102,14:33:24,1.1,250,628800
20240102,14:33:26,1.2,800,628800
20240102,14:33:33,1.2,50,628800
20240102,14:33:53,1.2,2250,628800
20240102,14:33:55,1.25,150,628800
20240102,14:34:03,1.15,300,628800
20240102,14:34:04,1.25,100,628800
20240102,14:34:05,1.15,50,628800
20240102,14:34:06,1.15,150,628800
20240102,14:34:37,1.2,900,628800
20240102,14:34:46,1.2,200,628800
20240102,14:35:10,1.15,2000,628800
20240102,14:35:10,1.15,400,628800
