date,time,tick_price,volume,open_interest
20231027,09:21:41,289.0,50,250
20231027,09:22:19,271.4,200,250
20231027,09:24:16,271.4,50,250
20231027,09:25:30,303.0,50,250
20231027,09:26:09,305.0,50,250
20231027,09:27:00,305.0,150,350
20231027,09:27:06,303.0,100,350
20231027,09:27:12,300.0,900,350
20231027,09:27:56,299.0,100,350
20231027,09:28:03,299.0,100,350
20231027,09:28:10,299.0,100,350
20231027,09:28:36,299.0,200,350
20231027,09:28:42,299.0,100,350
20231027,09:28:48,299.0,1200,350
20231027,09:30:13,296.1,50,3300
20231027,09:30:33,299.0,100,3300
20231027,09:31:05,300.0,100,3300
20231027,09:31:18,299.0,100,3300
20231027,09:32:16,299.0,50,3300
20231027,09:32:23,300.0,300,3650
20231027,09:32:30,300.95,1200,3650
20231027,09:33:55,301.0,100,3650
20231027,09:34:02,301.0,950,3650
20231027,09:34:09,302.0,1700,3650
20231027,09:35:50,302.0,100,7950
20231027,09:36:08,302.0,100,7950
20231027,09:36:49,302.0,200,7950
20231027,09:38:01,303.0,1800,7950
20231027,09:41:57,304.0,100,10150
20231027,09:42:10,304.0,100,10150
20231027,09:42:23,304.1,200,10150
20231027,09:43:07,301.4,50,10150
20231027,09:43:29,302.25,100,10150
20231027,09:44:12,302.0,100,10150
20231027,09:45:05,305.0,50,10650
20231027,09:46:52,300.0,50,10650
20231027,09:48:00,305.0,50,10750
20231027,09:48:20,307.0,50,10750
20231027,09:48:51,312.4,100,10750
20231027,09:51:54,312.4,50,10900
20231027,09:52:20,314.0,100,10900
20231027,09:53:00,315.55,50,10900
20231027,09:56:38,315.55,100,11050
20231027,09:57:00,313.0,100,11050
20231027,09:58:21,313.0,50,11050
20231027,10:01:43,312.9,150,11150
20231027,10:01:56,312.9,750,11150
20231027,10:02:02,312.9,850,11150
20231027,10:02:08,313.0,150,11150
20231027,10:04:33,319.0,50,12950
20231027,10:09:47,320.0,100,12950
20231027,10:11:23,320.0,150,13050
20231027,10:13:05,313.8,50,13050
20231027,10:14:35,309.0,50,13100
20231027,10:14:49,312.75,100,13100
20231027,10:14:55,312.85,50,13100
20231027,10:15:09,311.05,50,13100
20231027,10:15:16,311.8,300,13100
20231027,10:15:19,311.0,100,13100
20231027,10:16:38,310.0,100,13100
20231027,10:17:53,309.95,50,13500
20231027,10:18:10,310.0,100,13500
20231027,10:21:16,314.75,50,13600
20231027,10:21:35,310.0,50,13600
20231027,10:23:17,307.75,50,13600
20231027,10:23:24,305.9,550,13650
20231027,10:24:11,304.85,250,13650
20231027,10:24:14,304.85,50,13650
20231027,10:24:29,304.2,350,13650
20231027,10:24:34,306.05,50,13650
20231027,10:25:11,305.05,50,13650
20231027,10:25:51,303.8,50,13650
20231027,10:25:57,303.45,50,13650
20231027,10:26:17,304.9,400,13650
20231027,10:26:24,305.3,50,13650
20231027,10:26:37,307.65,50,13650
20231027,10:26:51,305.0,50,13650
20231027,10:27:11,307.8,100,13650
20231027,10:27:27,309.7,300,13650
20231027,10:28:41,312.0,150,13650
20231027,10:28:44,313.25,300,13650
20231027,10:28:55,313.4,500,13650
20231027,10:28:58,313.6,300,13650
20231027,10:29:06,313.9,500,13650
20231027,10:29:09,313.3,300,13650
20231027,10:29:11,312.5,150,13650
20231027,10:29:12,312.5,150,13650
20231027,10:29:14,312.5,450,13650
20231027,10:29:16,311.95,100,13650
20231027,10:29:48,311.6,100,13650
20231027,10:29:49,311.9,300,13650
20231027,10:30:13,310.95,300,13650
20231027,10:30:39,312.0,700,13650
20231027,10:31:32,310.0,450,13650
20231027,10:32:15,310.0,250,13650
20231027,10:32:46,315.7,50,14250
20231027,10:33:00,313.85,50,14250
20231027,10:33:05,316.0,50,14250
20231027,10:33:25,315.85,50,14250
20231027,10:36:07,315.55,100,14250
20231027,10:36:19,315.0,150,14250
20231027,10:36:49,315.05,50,14250
20231027,10:37:07,315.0,100,14250
20231027,10:38:28,313.3,250,14250
20231027,10:40:12,315.0,200,14250
20231027,10:40:48,316.0,50,14250
20231027,10:42:01,315.05,800,14500
20231027,10:44:43,314.35,100,15250
20231027,10:45:01,313.8,100,15250
20231027,10:46:18,311.45,50,15250
20231027,10:47:09,312.5,50,15250
20231027,10:47:15,313.9,100,15250
20231027,10:48:39,313.55,100,15200
20231027,10:49:42,315.65,100,15200
20231027,10:51:53,318.2,50,15300
20231027,10:54:17,316.0,100,15350
20231027,10:54:23,316.0,50,15350
20231027,10:54:40,316.0,150,15350
20231027,10:56:00,314.7,50,15350
20231027,10:56:06,316.55,100,15350
20231027,10:56:54,315.8,50,15500
20231027,10:58:28,318.7,150,15500
20231027,11:00:43,321.0,150,15500
20231027,11:00:49,323.95,50,15500
20231027,11:06:28,323.95,100,15550
20231027,11:06:35,319.2,50,15550
20231027,11:06:52,319.0,50,15550
20231027,11:07:02,321.0,550,15550
20231027,11:08:05,318.5,100,15550
20231027,11:08:06,319.85,100,15550
20231027,11:08:14,320.3,50,15550
20231027,11:08:15,320.35,100,15550
20231027,11:08:24,316.05,100,15550
20231027,11:08:35,318.9,100,15900
20231027,11:09:18,318.6,100,15900
20231027,11:09:59,316.5,50,15900
20231027,11:10:11,316.45,50,15900
20231027,11:10:17,316.9,50,15900
20231027,11:11:18,316.0,50,15900
20231027,11:11:24,314.1,100,15900
20231027,11:11:42,314.1,150,16000
20231027,11:12:16,314.0,50,16000
20231027,11:20:33,316.05,300,16100
20231027,11:22:47,318.9,100,16100
20231027,11:23:32,320.0,50,16400
20231027,11:23:50,320.0,50,16400
20231027,11:24:16,326.6,50,16400
20231027,11:24:28,326.6,50,16400
20231027,11:25:56,328.15,50,16400
20231027,11:33:53,330.15,100,16600
20231027,11:34:05,330.0,100,16600
20231027,11:37:30,329.95,50,16550
20231027,11:37:40,330.0,50,16550
20231027,11:37:41,330.35,100,16550
20231027,11:37:54,332.55,50,16550
20231027,11:39:42,332.55,50,16650
20231027,11:50:37,329.0,150,16650
20231027,11:50:49,329.0,150,16800
20231027,11:50:55,329.0,200,16800
20231027,11:51:01,330.0,800,16800
20231027,11:51:42,330.0,300,16800
20231027,11:52:05,329.9,300,16800
20231027,11:52:17,331.1,100,16800
20231027,11:52:23,330.95,100,16800
20231027,11:52:34,332.6,150,16800
20231027,11:52:51,333.0,350,16800
20231027,11:53:03,333.5,100,16800
20231027,11:53:09,334.4,50,16800
20231027,11:54:30,334.4,200,17800
20231027,11:54:48,335.35,50,17800
20231027,11:55:11,335.35,100,17800
20231027,11:59:22,335.0,50,17700
20231027,12:03:50,339.95,50,17750
20231027,12:04:24,339.95,50,17750
20231027,12:04:35,339.95,50,17750
20231027,12:05:21,339.95,200,17750
20231027,12:05:57,340.0,50,17750
20231027,12:08:57,340.75,50,17800
20231027,12:10:46,340.75,100,17800
20231027,12:12:36,340.0,50,17800
20231027,12:14:21,337.0,50,17800
20231027,12:14:40,337.0,50,17800
20231027,12:14:58,339.5,450,17950
20231027,12:15:20,338.35,50,17950
20231027,12:19:53,331.85,100,18450
20231027,12:20:05,337.65,50,18450
20231027,12:24:05,335.15,200,18550
20231027,12:24:07,335.1,350,18550
20231027,12:25:25,335.55,50,18550
20231027,12:25:44,337.9,100,18550
20231027,12:27:23,337.9,50,18150
20231027,12:37:17,328.65,100,18150
20231027,12:37:29,325.0,100,18150
20231027,12:37:41,330.85,50,18150
20231027,12:46:23,334.3,150,18300
20231027,12:46:29,331.1,100,18300
20231027,12:47:04,332.85,50,18300
20231027,12:48:04,335.0,50,18250
20231027,12:53:13,335.35,50,18300
20231027,12:57:54,334.75,50,18300
20231027,12:59:18,325.45,50,18300
20231027,13:00:07,326.1,100,18350
20231027,13:04:28,331.65,50,18300
20231027,13:05:25,331.65,50,18300
20231027,13:05:43,333.35,50,18300
20231027,13:07:08,327.25,100,18350
20231027,13:08:09,328.25,100,18350
20231027,13:11:28,328.25,50,18300
20231027,13:16:49,332.35,250,18350
20231027,13:16:50,333.9,50,18350
20231027,13:18:40,333.9,50,18400
20231027,13:19:48,334.05,450,18400
20231027,13:20:21,341.4,50,18400
20231027,13:20:22,341.65,100,18400
20231027,13:20:47,341.75,50,18400
20231027,13:20:56,344.3,100,18850
20231027,13:20:57,344.3,500,18850
20231027,13:20:58,344.35,50,18850
20231027,13:20:59,344.35,50,18850
20231027,13:26:20,344.35,100,19550
20231027,13:26:36,337.0,50,19550
20231027,13:33:38,337.6,100,19400
20231027,13:34:31,337.9,500,19400
20231027,13:34:32,338.05,100,19400
20231027,13:34:33,338.1,150,19400
20231027,13:42:25,338.0,150,18650
20231027,13:42:48,334.25,150,18650
20231027,13:45:02,340.0,300,18600
20231027,13:45:35,340.0,100,18600
20231027,13:46:42,345.0,200,18600
20231027,13:49:46,345.0,100,18950
20231027,13:57:35,341.2,50,19050
20231027,13:59:32,343.0,300,19050
20231027,14:01:11,340.25,50,19050
20231027,14:03:28,340.55,50,19050
20231027,14:06:21,340.75,50,19100
20231027,14:06:44,341.0,50,19100
20231027,14:08:06,337.0,50,19100
20231027,14:14:00,339.9,400,19100
20231027,14:16:31,342.8,50,19500
20231027,14:16:36,341.7,50,19500
20231027,14:16:48,340.95,50,19500
20231027,14:17:33,342.25,50,19500
20231027,14:19:38,341.1,50,19550
20231027,14:21:06,340.0,50,19600
20231027,14:25:48,341.45,50,19650
20231027,14:29:44,342.0,50,19700
20231027,14:30:26,342.9,50,19750
20231027,14:30:31,342.05,200,19750
20231027,14:31:01,343.8,50,19750
20231027,14:31:14,343.4,50,19750
20231027,14:31:52,343.9,100,19750
20231027,14:32:02,345.0,50,19750
20231027,14:33:49,344.0,50,19600
20231027,14:35:37,343.05,50,19600
20231027,14:35:41,343.15,50,19600
20231027,14:36:00,345.0,50,19600
20231027,14:41:18,346.05,50,19700
20231027,14:44:45,346.05,50,19700
20231027,14:49:08,337.0,50,19750
20231027,14:52:00,335.0,50,19750
20231027,14:56:38,340.0,100,19800
20231027,15:00:26,340.0,100,19800
20231027,15:00:33,340.0,50,19800
20231027,15:01:24,340.0,100,19800
20231027,15:01:31,340.0,50,19800
20231027,15:01:38,337.95,350,19800
20231027,15:07:18,338.5,50,19900
20231027,15:15:27,335.25,50,19900
20231027,15:16:22,337.0,50,19900
20231027,15:16:46,337.9,250,19900
20231027,15:17:01,340.3,250,19900
20231027,15:17:07,338.8,200,19900
20231027,15:20:47,338.0,50,19950
20231027,15:22:19,336.0,150,20000
20231027,15:24:28,338.0,100,20000
20231027,15:24:57,338.0,50,20000
20231027,15:25:23,337.0,50,20000
20231027,15:25:42,338.0,200,20000
20231027,15:26:02,338.4,50,20000
20231027,15:26:08,340.0,150,20000
20231027,15:26:14,340.0,100,20000
20231027,15:28:51,347.55,300,20450
20231027,15:29:05,349.95,50,20450
20231027,15:29:12,349.95,50,20450
20231027,15:29:48,350.0,350,20450
20231027,15:29:56,350.0,50,20450
20231030,09:15:54,322.8,1,21150
20231030,09:15:54,322.8,100,21150
20231030,09:16:21,325.0,800,21150
20231030,09:16:28,325.0,50,21150
20231030,09:16:48,312.3,50,21150
20231030,09:17:29,312.3,50,21800
20231030,09:18:09,324.95,1250,21800
20231030,09:18:16,330.0,2750,21800
20231030,09:19:25,330.0,150,21800
20231030,09:19:39,330.0,100,21800
20231030,09:19:46,326.45,50,21800
20231030,09:22:16,329.5,50,23150
20231030,09:23:50,326.45,50,23100
20231030,09:24:17,299.7,250,23100
20231030,09:26:14,299.7,200,23100
20231030,09:26:34,329.1,50,23350
20231030,09:26:54,323.9,50,23350
20231030,09:29:35,332.0,100,23300
20231030,09:30:17,332.0,100,23300
20231030,09:31:25,315.0,50,23300
20231030,09:33:22,314.0,50,23450
20231030,09:35:03,310.0,50,23450
20231030,09:35:17,308.0,500,23450
20231030,09:37:22,309.0,300,23800
20231030,09:37:28,306.0,450,23800
20231030,09:39:59,310.8,50,23800
20231030,09:41:03,312.1,100,23800
20231030,09:42:37,309.8,150,23800
20231030,09:43:05,307.2,50,23800
20231030,09:43:45,307.15,100,23800
20231030,09:44:34,305.0,50,23750
20231030,09:49:16,310.0,200,23800
20231030,09:49:30,307.15,50,23800
20231030,09:49:57,307.0,200,23800
20231030,09:50:50,306.0,200,24150
20231030,09:52:48,307.25,50,24150
20231030,09:53:01,308.9,150,24150
20231030,09:53:28,308.95,50,24200
20231030,09:56:05,306.0,100,24200
20231030,09:56:19,306.0,50,24200
20231030,09:57:17,306.0,50,24400
20231030,09:58:04,306.0,150,24400
20231030,09:58:11,306.0,50,24400
20231030,09:59:17,306.0,250,24400
20231030,09:59:37,305.45,50,24900
20231030,10:01:24,305.25,50,24900
20231030,10:02:56,308.0,150,24900
20231030,10:03:19,309.95,50,24900
20231030,10:03:34,310.0,300,24900
20231030,10:04:43,313.55,50,24900
20231030,10:05:17,314.35,50,24900
20231030,10:05:24,313.55,50,24900
20231030,10:05:44,311.8,50,25400
20231030,10:09:51,315.95,50,25400
20231030,10:10:18,316.0,50,25400
20231030,10:10:33,319.95,150,25400
20231030,10:10:41,320.0,100,25400
20231030,10:11:30,319.2,50,25400
20231030,10:11:37,320.0,50,25400
20231030,10:12:05,320.0,100,25750
20231030,10:13:22,325.0,50,25750
20231030,10:14:32,326.25,50,25900
20231030,10:15:06,325.15,100,25900
20231030,10:15:13,323.35,50,25900
20231030,10:16:40,323.4,50,25900
20231030,10:17:29,325.8,100,25750
20231030,10:18:17,330.0,150,25750
20231030,10:18:34,332.0,100,25750
20231030,10:19:04,338.95,100,25750
20231030,10:19:58,338.95,100,25750
20231030,10:20:26,334.0,50,25750
20231030,10:22:08,342.0,50,26050
20231030,10:22:24,342.0,100,26050
20231030,10:25:20,343.85,50,26200
20231030,10:25:41,344.3,50,26200
20231030,10:26:47,344.3,50,26200
20231030,10:28:29,338.0,50,26200
20231030,10:28:51,342.0,50,26200
20231030,10:31:39,344.0,200,26350
20231030,10:32:39,347.65,50,26550
20231030,10:36:05,347.65,50,26550
20231030,10:37:02,342.9,50,26550
20231030,10:38:56,341.2,400,26550
20231030,10:39:15,340.8,50,26550
20231030,10:39:22,340.55,50,26550
20231030,10:40:05,337.45,50,26550
20231030,10:40:06,337.7,50,26550
20231030,10:40:09,337.95,100,26550
20231030,10:40:30,343.35,50,26550
20231030,10:41:33,337.75,100,26550
20231030,10:41:34,337.6,100,26550
20231030,10:43:39,342.25,50,26550
20231030,10:43:46,342.25,50,26550
20231030,10:43:53,342.25,100,26550
20231030,10:44:53,341.9,200,26550
20231030,10:45:05,350.0,650,26550
20231030,10:45:16,351.0,100,26550
20231030,10:45:17,352.4,50,26550
20231030,10:46:07,352.4,100,26550
20231030,10:46:30,354.95,50,26550
20231030,10:46:31,354.95,50,26550
20231030,10:46:32,354.35,100,26550
20231030,10:46:53,351.0,50,26550
20231030,10:46:55,351.0,50,26550
20231030,10:48:27,355.0,100,27650
20231030,10:48:49,366.65,250,27650
20231030,10:50:26,355.4,100,27650
20231030,10:50:29,359.7,100,27650
20231030,10:56:05,359.75,50,27950
20231030,10:58:54,359.8,50,27950
20231030,10:59:03,359.75,250,27950
20231030,11:03:37,344.3,50,27900
20231030,11:05:05,349.95,50,27900
20231030,11:05:06,350.0,50,27900
20231030,11:05:15,350.0,50,27900
20231030,11:06:11,348.45,100,27850
20231030,11:06:27,349.2,50,27850
20231030,11:06:31,350.0,50,27850
20231030,11:12:38,355.45,100,28050
20231030,11:13:16,351.65,50,28050
20231030,11:15:29,344.45,50,28050
20231030,11:18:28,350.95,50,27950
20231030,11:22:38,351.0,100,28000
20231030,11:25:15,358.9,50,28100
20231030,11:25:29,359.0,50,28100
20231030,11:25:43,354.5,100,28100
20231030,11:29:21,359.9,50,28200
20231030,11:29:43,359.0,50,28250
20231030,11:29:57,359.0,50,28250
20231030,11:31:07,362.0,50,28250
20231030,11:32:12,364.0,150,28250
20231030,11:32:21,365.0,100,28250
20231030,11:32:50,365.25,50,28600
20231030,11:33:12,365.4,200,28600
20231030,11:33:26,369.0,100,28600
20231030,11:38:16,369.0,50,28950
20231030,11:38:42,367.0,50,29000
20231030,11:39:28,364.05,50,29000
20231030,11:42:47,361.85,200,29100
20231030,11:45:24,361.05,50,29000
20231030,11:46:12,359.95,100,29000
20231030,11:46:52,358.0,150,29000
20231030,11:47:14,358.0,100,29000
20231030,11:49:07,355.0,50,29300
20231030,11:49:08,355.0,150,29300
20231030,11:49:10,354.0,200,29300
20231030,11:50:36,354.15,50,29300
20231030,11:50:42,360.65,50,29300
20231030,11:51:27,356.05,100,29650
20231030,11:53:09,360.95,50,29650
20231030,11:54:13,355.5,100,29650
20231030,11:54:15,355.45,200,29650
20231030,11:54:18,355.5,50,29650
20231030,11:54:29,355.5,100,29650
20231030,11:54:31,355.5,50,29650
20231030,11:54:32,355.5,150,29650
20231030,11:54:33,355.5,150,29650
20231030,11:54:44,355.5,100,29650
20231030,11:54:45,355.5,300,29650
20231030,11:55:48,356.55,200,29650
20231030,11:56:41,358.05,150,29650
20231030,11:57:45,361.0,50,30950
20231030,11:58:17,365.15,50,30950
20231030,12:02:37,364.7,50,30950
20231030,12:03:52,364.95,50,31000
20231030,12:04:02,364.95,100,31050
20231030,12:04:04,365.0,50,31050
20231030,12:04:12,365.0,50,31050
20231030,12:07:27,365.05,50,31200
20231030,12:08:43,365.85,50,31200
20231030,12:09:51,365.05,50,31250
20231030,12:10:17,365.0,150,31250
20231030,12:10:29,365.0,50,31250
20231030,12:16:13,358.0,100,31250
20231030,12:16:27,358.0,250,31250
20231030,12:17:29,351.05,100,31250
20231030,12:18:44,351.0,50,31250
20231030,12:20:53,346.9,1150,31200
20231030,12:23:47,356.0,450,32300
20231030,12:24:04,355.6,100,32300
20231030,12:24:40,360.0,100,32300
20231030,12:31:18,360.0,200,32200
20231030,12:31:42,362.0,200,32200
20231030,12:34:29,364.0,400,32200
20231030,12:34:30,364.0,100,32200
20231030,12:34:31,364.0,350,32200
20231030,12:34:34,364.0,150,32200
20231030,12:36:10,362.95,50,32800
20231030,12:38:21,368.6,750,32800
20231030,12:38:51,364.3,50,32950
20231030,12:39:07,366.2,50,32950
20231030,12:39:09,366.25,50,32950
20231030,12:40:39,364.0,100,32950
20231030,12:40:58,355.05,400,32950
20231030,12:41:14,362.0,100,32950
20231030,12:41:35,360.95,50,32950
20231030,12:41:43,361.0,300,32950
20231030,12:42:09,362.0,500,33850
20231030,12:42:31,361.35,50,33850
20231030,12:50:41,366.2,50,34350
20231030,12:50:55,368.15,50,34350
20231030,12:57:02,368.1,50,34350
20231030,12:57:03,368.1,100,34400
20231030,12:57:40,368.15,50,34400
20231030,13:02:44,365.0,50,34500
20231030,13:03:21,364.6,200,34550
20231030,13:05:15,362.05,50,34550
20231030,13:11:13,363.4,50,34400
20231030,13:14:10,371.1,100,34450
20231030,13:16:27,371.1,50,34450
20231030,13:19:49,366.8,50,34450
20231030,13:23:36,369.1,800,34500
20231030,13:24:37,367.0,50,34500
20231030,13:25:23,367.0,150,35050
20231030,13:26:16,364.0,100,35050
20231030,13:31:06,369.95,50,35050
20231030,13:33:01,375.0,100,35100
20231030,13:33:50,375.0,50,35100
20231030,13:35:01,375.0,50,35100
20231030,13:36:58,371.0,100,35250
20231030,13:37:58,373.95,200,35250
20231030,13:37:59,374.6,50,35250
20231030,13:40:17,365.8,250,35250
20231030,13:42:36,370.0,50,35550
20231030,13:50:16,383.6,800,35600
20231030,13:54:48,383.6,150,35750
20231030,13:56:06,365.2,50,35750
20231030,13:58:54,368.1,50,35700
20231030,13:59:07,368.05,50,35700
20231030,14:00:45,369.4,100,35700
20231030,14:00:46,369.4,50,35700
20231030,14:01:35,368.65,100,35700
20231030,14:01:37,368.6,50,35700
20231030,14:03:59,365.0,50,36000
20231030,14:04:12,361.7,100,36000
20231030,14:09:23,362.65,100,36150
20231030,14:09:56,368.85,150,36150
20231030,14:10:03,365.0,50,36150
20231030,14:10:26,369.35,50,36150
20231030,14:11:10,369.05,250,36150
20231030,14:16:05,369.6,50,36400
20231030,14:17:28,364.0,250,36400
20231030,14:17:32,364.0,350,36400
20231030,14:21:22,368.9,50,37000
20231030,14:26:51,359.75,50,37000
20231030,14:28:06,364.0,250,36950
20231030,14:28:24,366.3,100,36950
20231030,14:36:04,369.45,100,37200
20231030,14:36:44,370.0,100,37200
20231030,14:37:15,370.0,100,37200
20231030,14:37:49,366.7,50,37200
20231030,14:38:03,370.55,50,37200
20231030,14:40:57,371.2,50,37250
20231030,14:43:52,371.5,50,37250
20231030,14:44:05,371.95,50,37250
20231030,14:44:06,371.95,50,37250
20231030,14:44:07,371.95,50,37250
20231030,14:44:08,371.95,50,37250
20231030,14:44:11,371.95,50,37250
20231030,14:44:12,371.95,50,37250
20231030,14:44:13,371.95,350,37250
20231030,14:44:13,372.0,50,37250
20231030,14:44:25,372.15,150,37250
20231030,14:44:29,372.0,50,37250
20231030,14:44:55,369.4,50,37250
20231030,14:45:09,368.7,50,37350
20231030,14:45:18,372.45,150,37350
20231030,14:48:58,371.95,50,37450
20231030,14:50:28,374.05,50,37450
20231030,14:54:48,370.0,100,37450
20231030,14:56:35,371.0,100,37450
20231030,14:58:05,372.0,50,37450
20231030,14:59:14,373.0,100,37450
20231030,15:02:57,375.0,50,37300
20231030,15:04:13,380.0,100,37350
20231030,15:04:34,376.0,100,37350
20231030,15:05:26,375.05,100,37350
20231030,15:06:09,379.0,50,37350
20231030,15:07:03,376.85,50,37600
20231030,15:07:09,379.0,50,37600
20231030,15:07:24,379.0,150,37600
20231030,15:08:32,377.35,50,37600
20231030,15:08:50,375.25,50,37600
20231030,15:09:41,375.5,250,37850
20231030,15:09:55,375.0,100,37850
20231030,15:11:11,377.65,100,37850
20231030,15:11:25,377.7,250,37850
20231030,15:18:18,374.4,100,37850
20231030,15:19:06,379.45,50,38400
20231030,15:25:03,379.45,50,38400
20231030,15:25:04,380.0,50,38400
20231030,15:26:44,380.0,50,38400
20231030,15:26:51,380.0,50,38400
20231030,15:26:58,385.0,100,38400
20231030,15:27:18,385.0,50,38600
20231030,15:27:25,380.0,50,38600
20231030,15:27:32,382.0,150,38600
20231030,15:28:23,384.0,100,38600
20231031,09:15:09,421.0,1,37950
20231031,09:15:09,421.0,50,37950
20231031,09:15:14,384.0,50,37950
20231031,09:15:47,384.0,50,37950
20231031,09:15:58,396.05,50,37950
20231031,09:16:10,393.95,50,37950
20231031,09:16:15,393.55,50,37950
20231031,09:17:35,391.1,250,38200
20231031,09:17:40,394.7,50,38200
20231031,09:17:50,389.6,50,38200
20231031,09:17:55,390.65,100,38200
20231031,09:19:16,383.7,600,38200
20231031,09:20:01,382.4,100,38200
20231031,09:20:16,363.45,200,38200
20231031,09:20:23,363.45,50,38200
20231031,09:20:36,368.35,800,38200
20231031,09:21:01,375.0,200,38850
20231031,09:21:25,383.1,100,38850
20231031,09:21:44,379.95,50,38850
20231031,09:22:04,390.1,100,38850
20231031,09:22:41,388.15,50,38850
20231031,09:23:12,383.95,50,38850
20231031,09:23:30,383.9,850,39150
20231031,09:23:37,385.0,300,39150
20231031,09:24:47,376.85,350,39150
20231031,09:26:46,375.0,250,39250
20231031,09:27:12,375.0,250,39250
20231031,09:33:06,366.05,50,39250
20231031,09:33:51,369.0,100,39250
20231031,09:34:40,361.05,200,39250
20231031,09:35:40,361.05,150,39400
20231031,09:36:24,372.25,150,39400
20231031,09:37:21,373.5,50,39400
20231031,09:38:48,379.85,50,39700
20231031,09:39:01,383.95,50,39700
20231031,09:39:20,376.7,50,39700
20231031,09:39:32,375.1,100,39700
20231031,09:40:39,375.95,250,39700
20231031,09:42:58,376.0,100,39850
20231031,09:44:29,378.25,50,39850
20231031,09:44:47,378.25,50,40000
20231031,09:45:07,381.05,200,40000
20231031,09:46:18,369.3,100,40000
20231031,09:46:19,369.5,50,40000
20231031,09:46:20,369.25,100,40000
20231031,09:46:33,369.35,150,40000
20231031,09:47:23,361.0,200,40000
20231031,09:48:27,361.0,100,39550
20231031,09:53:41,363.75,50,39650
20231031,09:54:41,364.05,150,39650
20231031,09:55:23,358.35,100,39650
20231031,09:56:45,355.9,200,39800
20231031,10:02:16,355.9,50,40000
20231031,10:09:17,356.5,50,40000
20231031,10:09:19,355.85,50,40000
20231031,10:09:51,355.85,350,40000
20231031,10:10:30,354.0,50,40000
20231031,10:10:45,350.45,100,40000
20231031,10:16:07,350.45,50,39600
20231031,10:18:01,355.9,100,39650
20231031,10:18:45,353.0,50,39650
20231031,10:28:28,353.0,50,39800
20231031,10:29:37,352.0,250,39800
20231031,10:29:39,352.0,50,39800
20231031,10:30:14,353.4,50,39800
20231031,10:30:19,353.5,50,39800
20231031,10:30:21,353.85,50,39800
20231031,10:31:09,354.0,50,39800
20231031,10:31:18,352.55,100,39800
20231031,10:34:42,352.95,50,39800
20231031,10:34:54,351.5,50,40200
20231031,10:35:26,351.35,50,40200
20231031,10:37:07,349.95,300,40150
20231031,10:37:14,349.95,800,40150
20231031,10:39:39,356.0,100,40950
20231031,10:40:43,350.65,50,40950
20231031,10:42:24,348.0,250,41050
20231031,10:44:24,345.0,50,41050
20231031,10:45:21,344.2,150,40900
20231031,10:48:34,344.2,50,40900
20231031,10:54:32,349.15,50,40950
20231031,10:57:23,353.3,50,40950
20231031,10:59:19,354.95,200,40950
20231031,11:00:15,354.0,50,40950
20231031,11:03:36,353.15,350,41000
20231031,11:03:41,354.0,50,41000
20231031,11:03:47,353.1,100,41000
20231031,11:03:59,353.55,300,41000
20231031,11:04:28,353.85,50,41000
20231031,11:04:53,358.45,200,41000
20231031,11:06:41,358.7,100,41250
20231031,11:08:00,358.25,100,41250
20231031,11:08:18,358.0,450,41250
20231031,11:11:01,353.3,100,41500
20231031,11:11:25,353.0,50,41500
20231031,11:16:58,356.3,100,41450
20231031,11:22:49,356.8,200,41450
20231031,11:22:55,357.15,100,41450
20231031,11:23:28,360.55,100,41450
20231031,11:27:13,421.0,1000,41250
20231031,11:27:19,358.55,100,41250
20231031,11:31:00,359.4,100,41900
20231031,11:38:20,359.0,300,41900
20231031,11:38:25,357.3,300,41900
20231031,11:39:04,357.65,100,41300
20231031,11:41:19,353.55,50,41300
20231031,11:41:45,351.5,50,41300
20231031,11:43:11,351.0,50,41300
20231031,11:44:16,351.1,50,41150
20231031,11:44:23,351.3,50,41150
20231031,11:49:28,346.7,100,41300
20231031,11:51:19,346.05,50,41250
20231031,11:53:40,344.5,50,41250
20231031,11:54:16,345.0,50,41250
20231031,11:55:02,342.45,150,41200
20231031,12:00:46,342.45,50,41050
20231031,12:01:47,344.5,50,41050
20231031,12:03:53,351.8,50,41000
20231031,12:05:30,349.25,50,41000
20231031,12:05:39,349.2,50,41000
20231031,12:06:32,346.4,50,41000
20231031,12:06:37,348.35,50,41000
20231031,12:17:23,346.0,50,40950
20231031,12:18:59,350.95,50,41000
20231031,12:19:25,351.0,50,41000
20231031,12:23:46,350.0,100,41000
20231031,12:27:18,348.0,50,41100
20231031,12:32:44,344.7,50,41050
20231031,12:49:16,347.9,50,41100
20231031,12:54:22,339.95,800,41050
20231031,13:04:15,350.7,50,40900
20231031,13:06:31,350.7,50,40950
20231031,13:11:55,358.6,50,40950
20231031,13:11:57,358.55,100,41000
20231031,13:15:08,356.0,50,40950
20231031,13:18:31,354.0,100,40950
20231031,13:25:07,345.0,100,41050
20231031,13:25:13,344.7,100,41050
20231031,13:26:39,343.0,50,41050
20231031,13:29:58,358.7,100,41300
20231031,13:30:05,358.65,50,41300
20231031,13:30:47,366.4,100,41300
20231031,13:32:03,360.0,50,41300
20231031,13:40:37,350.0,50,41250
20231031,13:46:14,352.0,100,41300
20231031,13:48:08,354.0,100,41400
20231031,13:48:10,354.0,50,41400
20231031,13:51:16,352.0,350,41550
20231031,13:56:25,350.0,350,41550
20231031,13:56:38,357.2,100,41900
20231031,13:57:31,353.1,50,42250
20231031,14:01:18,352.7,50,42250
20231031,14:08:13,356.0,200,42250
20231031,14:16:28,362.0,50,42450
20231031,14:17:07,362.0,50,42450
20231031,14:18:48,370.0,100,42550
20231031,14:18:54,367.35,50,42550
20231031,14:19:01,370.0,50,42550
20231031,14:22:22,372.0,50,42700
20231031,14:24:04,375.15,50,42700
20231031,14:26:33,372.15,100,42800
20231031,14:28:30,371.0,200,42850
20231031,14:29:01,372.0,50,42850
20231031,14:30:00,375.0,50,42850
20231031,14:30:31,375.0,50,43100
20231031,14:32:27,378.7,150,43100
20231031,14:34:08,384.3,100,43300
20231031,14:37:27,370.0,100,43300
20231031,14:39:07,370.0,50,43300
20231031,14:41:20,372.5,50,43350
20231031,14:41:22,372.9,100,43350
20231031,14:50:41,373.0,200,43500
20231031,15:00:21,360.0,100,43550
20231031,15:00:38,355.1,50,43550
20231031,15:00:43,355.65,50,43550
20231031,15:00:53,352.35,50,43550
20231031,15:01:33,354.0,100,43550
20231031,15:05:39,342.4,100,43500
20231031,15:06:51,342.4,50,43400
20231031,15:08:58,348.0,100,43400
20231031,15:15:33,348.0,50,43450
20231031,15:16:00,348.0,100,43450
20231031,15:17:50,358.6,150,43450
20231031,15:17:51,358.4,50,43450
20231031,15:18:17,355.6,50,43500
20231031,15:20:34,354.2,150,43500
20231031,15:22:35,351.4,100,43500
20231031,15:24:26,351.85,100,43400
20231031,15:24:45,350.3,150,43400
20231031,15:25:11,351.0,150,43400
20231031,15:25:32,349.15,100,43400
20231031,15:26:20,349.0,300,43400
20231031,15:26:26,349.85,100,43400
20231031,15:27:07,347.2,100,43400
20231031,15:27:37,349.6,200,43750
20231031,15:28:01,349.5,100,43750
20231031,15:28:21,351.5,100,43750
20231031,15:29:09,351.75,100,43750
20231031,15:29:21,351.3,100,43750
20231101,09:15:47,327.85,1,43700
20231101,09:15:47,327.85,100,43700
20231101,09:16:26,329.75,350,43700
20231101,09:16:33,331.0,300,43700
20231101,09:16:39,333.8,700,43700
20231101,09:16:45,335.2,100,43700
20231101,09:16:51,335.2,100,43700
20231101,09:16:57,336.9,500,43700
20231101,09:17:09,336.1,200,43700
20231101,09:17:15,321.6,800,43700
20231101,09:17:51,336.6,200,44000
20231101,09:17:57,339.7,100,44000
20231101,09:18:03,341.2,100,44000
20231101,09:18:16,342.05,200,44000
20231101,09:18:23,342.95,100,44000
20231101,09:18:37,342.95,300,44000
20231101,09:18:50,342.9,100,44000
20231101,09:19:03,342.8,250,44000
20231101,09:19:10,343.6,200,44000
20231101,09:19:16,343.6,100,44000
20231101,09:19:22,343.4,100,44000
20231101,09:19:29,344.0,200,44000
20231101,09:19:36,347.15,300,44000
20231101,09:19:43,348.05,100,44000
20231101,09:19:57,348.05,200,44000
20231101,09:21:19,348.0,350,44200
20231101,09:22:40,348.0,50,44200
20231101,09:24:33,347.3,250,44600
20231101,09:24:53,346.55,100,44600
20231101,09:25:00,349.1,100,44600
20231101,09:31:24,349.1,100,44850
20231101,09:31:30,340.4,50,44850
20231101,09:33:18,340.9,100,44950
20231101,09:33:43,349.1,50,44950
20231101,09:33:50,342.55,1100,44950
20231101,09:34:23,353.5,100,44950
20231101,09:45:24,353.5,150,45850
20231101,09:46:08,341.95,50,45850
20231101,09:46:41,339.4,50,45850
20231101,09:47:05,334.55,50,45850
20231101,09:48:39,334.35,100,46000
20231101,09:48:43,334.35,100,46000
20231101,09:49:44,333.0,1500,46000
20231101,09:51:17,330.0,50,47550
20231101,09:51:25,334.0,50,47550
20231101,09:55:26,330.0,50,47650
20231101,09:56:02,331.4,50,47650
20231101,09:57:22,330.55,50,47700
20231101,09:58:09,335.0,1600,47700
20231101,09:58:16,333.25,50,47700
20231101,09:58:32,332.8,100,47700
20231101,09:59:19,331.0,50,47700
20231101,09:59:42,328.5,50,47850
20231101,10:01:28,325.65,50,47850
20231101,10:01:40,325.1,100,47850
20231101,10:01:53,324.3,100,47850
20231101,10:02:53,321.0,100,48150
20231101,10:04:53,320.3,50,48150
20231101,10:05:46,320.1,50,48050
20231101,10:06:47,320.1,100,48050
20231101,10:08:05,325.4,50,48050
20231101,10:08:57,328.0,100,48200
20231101,10:09:00,327.5,50,48200
20231101,10:09:02,329.0,1050,48200
20231101,10:09:04,328.15,100,48200
20231101,10:11:53,325.65,50,48350
20231101,10:13:21,329.75,100,48350
20231101,10:18:24,336.3,300,48300
20231101,10:18:36,335.0,150,48300
20231101,10:18:54,334.05,300,48300
20231101,10:19:43,336.0,50,48300
20231101,10:30:36,332.85,100,48450
20231101,10:30:56,332.85,100,48450
20231101,10:31:23,333.15,50,48450
20231101,10:32:42,330.0,50,48450
20231101,10:36:06,325.0,50,48650
20231101,10:36:12,327.15,50,48650
20231101,10:37:13,325.0,250,48650
20231101,10:39:59,330.6,100,48900
20231101,10:40:29,330.6,100,48900
20231101,10:40:40,325.1,150,48900
20231101,10:40:52,326.0,600,48900
20231101,10:41:55,325.9,200,49400
20231101,10:42:40,331.25,250,49400
20231101,10:42:46,329.0,50,49400
20231101,10:43:59,331.95,50,49400
20231101,10:44:16,332.9,100,49400
20231101,10:44:55,334.85,200,49400
20231101,10:46:13,332.0,150,49700
20231101,10:46:58,332.95,50,49700
20231101,10:47:15,333.7,100,49700
20231101,10:51:27,335.0,50,49750
20231101,10:52:28,336.05,50,49750
20231101,10:54:20,333.0,50,49700
20231101,10:59:02,335.05,150,49750
20231101,10:59:05,335.1,50,49750
20231101,11:02:03,335.1,150,49900
20231101,11:14:19,327.6,700,50050
20231101,11:15:05,332.1,50,50750
20231101,11:21:05,329.15,200,50800
20231101,11:21:13,330.8,50,50800
20231101,11:21:14,329.15,50,50800
20231101,11:34:00,334.0,50,50700
20231101,11:35:34,331.95,200,50700
20231101,11:35:46,332.0,150,50700
20231101,11:35:51,332.0,250,50800
20231101,11:37:50,332.85,50,50800
20231101,11:46:07,335.0,650,51050
20231101,11:46:51,334.45,250,51050
20231101,11:46:57,331.05,50,51050
20231101,11:47:18,333.0,600,51050
20231101,11:47:23,333.0,50,51050
20231101,11:48:33,332.2,50,52050
20231101,11:49:50,333.0,100,52050
20231101,11:52:49,335.6,150,52150
20231101,12:03:32,331.05,50,52200
20231101,12:07:51,341.0,450,52200
20231101,12:10:10,332.35,50,52300
20231101,12:11:07,333.95,50,52300
20231101,12:11:20,334.0,1500,52300
20231101,12:12:24,335.1,50,53850
20231101,12:13:26,334.0,1550,53850
20231101,12:13:45,334.75,50,53850
20231101,12:14:28,336.0,50,53850
20231101,12:17:30,340.0,50,55500
20231101,12:17:57,337.75,100,55450
20231101,12:18:03,337.15,100,55450
20231101,12:22:10,337.0,50,55350
20231101,12:26:28,338.0,1200,55400
20231101,12:30:02,338.3,350,56500
20231101,12:34:00,331.7,50,56300
20231101,12:34:58,332.0,150,56300
20231101,12:35:09,331.45,100,56300
20231101,12:35:14,331.5,1000,56300
20231101,12:35:20,332.85,100,56300
20231101,12:36:19,330.8,200,57300
20231101,12:37:25,330.0,50,57300
20231101,12:37:30,330.0,250,57300
20231101,12:38:58,327.95,50,57300
20231101,12:39:52,327.0,1400,57200
20231101,12:43:12,330.0,100,58550
20231101,12:45:00,329.0,50,58600
20231101,12:46:15,325.0,150,58600
20231101,12:46:59,324.35,100,58600
20231101,12:47:14,324.0,100,58600
20231101,12:47:41,325.0,100,58600
20231101,12:50:44,328.0,150,58500
20231101,12:50:49,325.85,350,58500
20231101,12:52:19,325.6,100,58250
20231101,12:52:25,325.5,100,58250
20231101,12:52:36,325.5,50,58250
20231101,12:53:37,323.0,500,58250
20231101,12:54:03,323.0,500,58250
20231101,13:01:02,325.8,50,58750
20231101,13:01:48,321.0,200,58750
20231101,13:05:12,325.15,100,58650
20231101,13:06:11,326.2,50,58650
20231101,13:11:29,320.0,300,58650
20231101,13:12:43,312.0,50,58400
20231101,13:13:15,312.0,50,58400
20231101,13:13:34,310.0,50,58400
20231101,13:14:12,310.0,50,58400
20231101,13:15:01,311.0,100,58400
20231101,13:15:33,308.35,50,58200
20231101,13:15:39,308.35,1750,58200
20231101,13:16:09,308.15,850,58200
20231101,13:17:01,306.0,100,58200
20231101,13:17:41,306.0,300,58200
20231101,13:18:11,306.0,50,60150
20231101,13:18:31,310.8,250,60150
20231101,13:19:54,311.35,50,60150
20231101,13:20:07,314.0,250,60150
20231101,13:21:12,311.0,50,59650
20231101,13:23:15,314.0,50,59650
20231101,13:23:27,311.0,50,59650
20231101,13:23:34,310.0,50,59650
20231101,13:26:08,310.0,50,59600
20231101,13:27:53,315.0,100,59650
20231101,13:28:08,318.0,800,59650
20231101,13:31:03,315.0,50,58900
20231101,13:32:53,315.0,50,58900
20231101,13:37:36,313.7,100,59000
20231101,13:41:42,316.0,50,59000
20231101,13:45:37,320.95,200,59050
20231101,13:45:51,320.0,1000,59050
20231101,13:46:33,320.0,1500,59050
20231101,13:46:36,319.5,50,59050
20231101,13:46:58,319.95,50,59050
20231101,13:48:10,319.15,400,61650
20231101,13:48:11,319.15,50,61650
20231101,13:48:13,319.2,1250,61650
20231101,13:49:28,322.25,50,61650
20231101,13:50:39,322.0,450,61650
20231101,13:53:30,319.9,100,63450
20231101,14:01:48,318.15,100,63450
20231101,14:04:51,318.05,150,63550
20231101,14:05:09,318.05,50,63550
20231101,14:05:13,318.0,50,63550
20231101,14:14:49,313.0,1700,63550
20231101,14:17:00,313.0,50,64750
20231101,14:17:03,314.65,100,64750
20231101,14:18:45,314.0,300,64700
20231101,14:28:05,314.0,100,64900
20231101,14:31:41,310.25,200,65000
20231101,14:31:58,311.95,100,65000
20231101,14:35:07,312.15,50,65150
20231101,14:35:24,312.65,50,65150
20231101,14:37:08,312.95,1750,65200
20231101,14:38:40,312.95,250,65200
20231101,14:38:56,312.95,50,65200
20231101,14:40:45,314.65,150,66950
20231101,14:41:07,310.55,50,66950
20231101,14:41:13,312.0,1700,66950
20231101,14:46:15,310.75,100,68500
20231101,14:46:32,311.0,50,68500
20231101,14:47:24,311.5,100,68500
20231101,14:47:30,311.45,50,68500
20231101,14:52:09,312.0,1700,68700
20231101,14:53:12,314.0,50,68700
20231101,14:53:56,314.05,100,68700
20231101,14:54:01,314.0,200,68700
20231101,14:54:44,312.0,1400,70350
20231101,14:56:20,312.55,500,70350
20231101,14:57:22,321.0,50,70350
20231101,14:58:05,315.9,50,72250
20231101,15:02:28,311.1,200,72300
20231101,15:03:56,309.15,200,72200
20231101,15:04:22,309.0,200,72200
20231101,15:04:47,310.0,50,72200
20231101,15:07:04,310.0,50,72500
20231101,15:11:23,310.0,50,72450
20231101,15:11:47,309.05,50,72450
20231101,15:12:22,309.0,350,72450
20231101,15:12:34,309.0,650,72150
20231101,15:13:16,308.0,50,72150
20231101,15:13:22,310.0,100,72150
20231101,15:16:23,307.0,100,71650
20231101,15:18:52,305.8,200,71750
20231101,15:19:06,305.8,150,71750
20231101,15:19:12,306.5,200,71750
20231101,15:19:24,306.55,100,71750
20231101,15:20:07,306.55,100,71750
20231101,15:20:32,305.3,50,71750
20231101,15:21:27,305.3,100,72250
20231101,15:22:38,307.0,50,72250
20231101,15:22:47,307.4,50,72250
20231101,15:23:23,307.0,100,72250
20231101,15:24:15,305.0,50,72250
20231101,15:24:43,305.0,100,72400
20231101,15:25:01,305.0,100,72400
20231101,15:27:01,305.0,50,72400
20231101,15:27:19,304.9,100,72400
20231101,15:27:25,304.8,100,72550
20231101,15:27:37,304.65,200,72550
20231101,15:28:19,304.0,300,72550
20231101,15:28:25,303.45,50,72550
20231101,15:29:31,303.45,50,72550
20231102,09:17:47,364.95,1,70650
20231102,09:17:47,364.95,50,70650
20231102,09:17:53,361.55,150,70650
20231102,09:18:00,365.95,50,70650
20231102,09:18:40,366.7,50,70650
20231102,09:19:16,366.7,50,70650
20231102,09:19:27,366.7,50,70650
20231102,09:20:13,364.8,150,70650
20231102,09:20:58,365.0,150,70800
20231102,09:22:44,378.6,150,70800
20231102,09:24:31,368.05,50,70800
20231102,09:24:57,370.0,50,70800
20231102,09:26:23,370.0,50,70800
20231102,09:26:43,370.0,50,70900
20231102,09:28:47,369.0,250,70900
20231102,09:28:54,368.0,450,70900
20231102,09:29:00,368.0,500,70900
20231102,09:29:06,370.0,450,70900
20231102,09:30:02,369.95,100,72550
20231102,09:30:09,370.0,50,72550
20231102,09:33:03,369.95,50,72450
20231102,09:33:29,370.0,200,72450
20231102,09:34:25,370.0,200,72450
20231102,09:34:45,371.45,50,72450
20231102,09:35:42,371.55,100,72450
20231102,09:35:49,370.0,50,72450
20231102,09:37:54,370.0,100,72450
20231102,09:38:08,374.0,50,72450
20231102,09:38:15,374.0,100,72450
20231102,09:39:26,374.0,100,72650
20231102,09:40:06,375.0,50,72650
20231102,09:42:14,374.4,150,72800
20231102,09:46:59,370.0,100,72800
20231102,09:48:09,371.45,100,72900
20231102,09:48:35,370.95,100,72900
20231102,09:51:19,368.65,150,72900
20231102,09:52:27,366.5,100,72900
20231102,09:53:10,366.0,100,72900
20231102,09:53:56,370.9,250,72900
20231102,09:57:29,366.0,50,72900
20231102,09:58:22,364.4,200,72900
20231102,09:58:25,364.0,100,72900
20231102,09:58:34,363.85,50,72900
20231102,09:58:45,360.0,50,72900
20231102,09:59:58,360.0,150,73000
20231102,10:03:19,360.0,150,73150
20231102,10:13:04,358.95,50,73300
20231102,10:16:34,356.0,50,73350
20231102,10:19:57,356.0,50,73400
20231102,10:20:26,357.5,50,73400
20231102,10:20:26,355.65,50,73400
20231102,10:20:28,355.65,50,73400
20231102,10:22:49,352.0,50,73400
20231102,10:22:51,352.0,100,73550
20231102,10:23:39,352.0,100,73700
20231102,10:27:17,352.0,100,73800
20231102,10:31:48,351.45,50,73700
20231102,10:31:56,350.25,50,73700
20231102,10:38:23,348.95,100,73750
20231102,10:39:57,348.95,200,73700
20231102,10:41:20,348.95,1200,73700
20231102,10:43:39,351.0,100,75000
20231102,10:45:11,351.0,50,75000
20231102,10:45:50,352.8,50,75000
20231102,10:49:13,350.0,50,75000
20231102,10:49:22,350.0,100,75000
20231102,10:55:59,347.9,50,75150
20231102,10:58:25,346.15,50,75100
20231102,11:00:44,346.0,100,75100
20231102,11:03:14,346.0,50,75100
20231102,11:06:26,347.3,50,75150
20231102,11:08:49,348.75,50,75100
20231102,11:11:07,350.0,150,75100
20231102,11:14:03,354.0,50,75250
20231102,11:17:26,350.6,50,75250
20231102,11:18:37,353.2,300,75250
20231102,11:18:40,353.25,100,75250
20231102,11:20:05,350.25,50,75250
20231102,11:24:08,349.05,50,75600
20231102,11:24:46,349.05,100,75600
20231102,11:27:55,349.0,150,75700
20231102,11:29:29,346.05,550,75700
20231102,11:35:15,346.0,50,76050
20231102,11:37:02,345.15,50,76000
20231102,11:42:57,340.0,50,75950
20231102,11:43:18,339.4,100,75950
20231102,11:43:48,336.95,600,75950
20231102,11:45:42,336.0,100,76400
20231102,11:49:46,335.0,50,76500
20231102,11:52:19,333.85,100,76450
20231102,11:52:33,333.5,100,76450
20231102,11:57:43,333.5,100,76650
20231102,12:00:06,334.4,50,76750
20231102,12:00:24,332.4,300,76750
20231102,12:00:59,332.4,200,76750
20231102,12:05:24,334.4,50,77150
20231102,12:05:41,334.95,100,77150
20231102,12:06:09,334.0,700,77150
20231102,12:10:49,332.0,300,77850
20231102,12:11:26,331.5,700,77850
20231102,12:12:16,331.5,100,78850
20231102,12:12:29,339.3,50,78850
20231102,12:15:23,334.0,50,78700
20231102,12:16:03,338.0,50,78700
20231102,12:22:01,338.0,50,78700
20231102,12:22:33,337.2,50,78700
20231102,12:22:56,337.75,50,78700
20231102,12:23:55,340.0,50,78700
20231102,12:26:53,343.9,200,78750
20231102,12:29:38,341.0,50,78750
20231102,12:30:24,338.0,300,78700
20231102,12:34:50,338.0,50,78900
20231102,12:35:05,337.05,50,78900
20231102,12:36:27,336.85,50,78950
20231102,12:37:24,336.85,50,78950
20231102,12:41:13,342.0,150,79050
20231102,12:42:04,346.0,150,79200
20231102,12:42:28,346.0,50,79200
20231102,12:42:34,348.2,50,79200
20231102,12:45:45,346.4,250,79150
20231102,12:50:33,345.0,50,79350
20231102,12:52:09,343.0,200,79400
20231102,12:57:29,345.15,50,79450
20231102,13:09:50,348.2,50,79500
20231102,13:14:56,349.0,200,79500
20231102,13:15:08,350.0,100,79450
20231102,13:23:13,349.95,50,79550
20231102,13:27:05,344.0,50,79550
20231102,13:27:17,339.5,150,79550
20231102,13:31:03,344.3,100,79350
20231102,13:32:25,347.65,100,79350
20231102,13:40:02,347.5,50,79450
20231102,13:41:16,347.75,200,79450
20231102,13:42:19,350.0,500,79400
20231102,13:42:40,347.5,550,79400
20231102,13:44:36,351.0,500,79400
20231102,13:45:05,349.9,700,79500
20231102,13:45:56,349.9,50,79500
20231102,13:47:04,349.9,50,79500
20231102,13:50:16,351.0,300,79550
20231102,13:50:59,351.0,150,79550
20231102,13:51:51,359.0,50,79700
20231102,13:52:03,359.5,250,79700
20231102,13:54:24,361.3,300,79800
20231102,13:55:29,362.85,150,79800
20231102,13:58:02,363.85,150,79950
20231102,13:58:13,363.85,50,79950
20231102,13:58:48,363.85,200,79950
20231102,14:00:34,364.35,150,79950
20231102,14:00:50,364.25,300,79950
20231102,14:00:55,364.25,50,79950
20231102,14:02:03,360.45,50,79950
20231102,14:02:39,365.0,1000,79950
20231102,14:07:35,361.1,100,80100
20231102,14:08:16,351.15,1000,80100
20231102,14:09:01,362.9,50,80100
20231102,14:12:46,362.35,50,80050
20231102,14:13:29,362.95,100,80050
20231102,14:14:06,361.25,50,80050
20231102,14:14:33,362.7,300,80050
20231102,14:14:38,362.7,300,80050
20231102,14:14:43,362.75,100,80050
20231102,14:14:49,362.75,50,80050
20231102,14:16:12,362.7,50,79950
20231102,14:17:15,364.0,50,79950
20231102,14:17:52,364.0,50,79950
20231102,14:18:10,362.7,650,80000
20231102,14:18:55,359.3,300,80000
20231102,14:22:11,359.0,50,80050
20231102,14:22:17,357.75,150,80050
20231102,14:26:57,360.35,50,80100
20231102,14:30:20,355.5,50,80100
20231102,14:35:04,360.0,50,80050
20231102,14:38:15,359.1,50,80050
20231102,14:43:28,361.05,100,80050
20231102,14:43:31,361.05,100,80050
20231102,14:44:09,361.0,300,80050
20231102,14:44:15,361.0,200,80050
20231102,14:46:35,356.1,50,79550
20231102,14:53:57,360.0,100,79550
20231102,14:56:24,365.0,300,79650
20231102,14:59:14,366.0,250,79400
20231102,14:59:49,368.0,50,79400
20231102,15:02:03,370.0,50,79650
20231102,15:06:50,369.95,100,79700
20231102,15:09:31,370.0,50,79700
20231102,15:14:01,363.25,50,79700
20231102,15:15:19,365.0,50,79650
20231102,15:19:17,365.55,50,79700
20231102,15:19:23,365.6,50,79700
20231102,15:19:57,368.8,200,79700
20231102,15:22:18,366.55,150,79800
20231102,15:23:22,367.55,50,79800
20231102,15:24:34,368.95,50,79700
20231102,15:24:53,371.0,50,79700
20231102,15:25:06,373.9,50,79700
20231102,15:26:27,373.25,100,79700
20231102,15:26:47,373.25,50,79700
20231102,15:26:54,373.05,50,79700
20231102,15:27:39,375.0,50,79850
20231102,15:27:52,377.55,150,79850
20231102,15:27:58,378.0,50,79850
20231103,09:15:18,411.95,1,79850
20231103,09:15:18,411.95,50,79850
20231103,09:15:19,420.0,200,79850
20231103,09:15:21,420.0,150,79850
20231103,09:15:40,415.0,100,79850
20231103,09:15:49,417.3,50,79850
20231103,09:16:40,410.3,150,79850
20231103,09:17:05,410.2,50,79850
20231103,09:17:06,410.2,50,79850
20231103,09:17:11,409.25,400,79850
20231103,09:17:17,410.0,50,79850
20231103,09:17:19,409.7,50,80000
20231103,09:17:25,410.0,50,80000
20231103,09:17:29,412.25,50,80000
20231103,09:17:43,415.0,50,80000
20231103,09:17:44,414.95,100,80000
20231103,09:17:46,413.2,50,80000
20231103,09:18:01,418.1,50,80000
20231103,09:19:22,420.0,50,80000
20231103,09:20:26,413.8,50,79950
20231103,09:20:29,417.95,50,79950
20231103,09:21:11,415.0,50,79950
20231103,09:21:36,416.0,50,79950
20231103,09:21:42,417.0,50,79950
20231103,09:23:49,421.5,150,80100
20231103,09:24:02,422.0,50,80100
20231103,09:24:14,422.0,100,80100
20231103,09:26:13,422.0,50,80100
20231103,09:26:28,413.0,50,80200
20231103,09:26:35,411.6,50,80200
20231103,09:26:53,412.15,200,80200
20231103,09:27:05,410.0,1550,80200
20231103,09:28:39,413.8,100,80200
20231103,09:29:53,414.65,250,82000
20231103,09:31:38,423.25,100,82000
20231103,09:33:00,423.75,50,82000
20231103,09:33:12,423.75,50,82000
20231103,09:33:18,423.8,50,82000
20231103,09:35:02,423.8,50,82000
20231103,09:35:20,419.35,50,82000
20231103,09:36:49,418.0,200,82150
20231103,09:37:37,418.0,50,82150
20231103,09:38:54,419.35,50,81950
20231103,09:39:47,422.0,50,81950
20231103,09:41:10,422.95,50,81950
20231103,09:41:56,419.75,50,82050
20231103,09:45:00,418.0,100,82050
20231103,09:45:06,419.85,50,82050
20231103,09:46:25,419.0,50,82050
20231103,09:47:10,416.0,100,82050
20231103,09:48:36,411.0,100,81950
20231103,09:49:07,410.65,50,81950
20231103,09:49:50,410.9,50,81950
20231103,09:50:03,410.9,50,81950
20231103,09:51:01,411.55,50,82200
20231103,09:51:07,412.6,50,82200
20231103,09:51:19,412.35,50,82200
20231103,09:51:38,410.05,50,82200
20231103,09:53:25,412.9,100,82200
20231103,09:56:22,414.9,100,82300
20231103,09:56:50,417.85,50,82300
20231103,09:57:25,417.85,100,82300
20231103,10:00:08,416.9,50,82200
20231103,10:01:38,417.7,50,82200
20231103,10:02:10,415.15,50,82200
20231103,10:03:55,419.0,50,82100
20231103,10:06:39,414.85,50,82150
20231103,10:09:11,414.85,50,82150
20231103,10:13:02,412.55,150,82200
20231103,10:14:33,413.85,50,82200
20231103,10:22:59,414.5,50,82100
20231103,10:23:26,411.45,50,82100
20231103,10:23:32,410.05,50,82150
20231103,10:25:47,406.9,100,82150
20231103,10:26:13,406.9,100,82150
20231103,10:26:18,411.15,100,82150
20231103,10:26:38,412.15,50,82350
20231103,10:26:44,411.45,100,82350
20231103,10:28:08,408.95,50,82350
20231103,10:28:19,411.85,100,82350
20231103,10:28:54,409.7,200,82350
20231103,10:29:13,409.55,50,82350
20231103,10:31:07,408.35,50,82400
20231103,10:31:20,407.0,50,82400
20231103,10:31:33,406.15,50,82400
20231103,10:32:02,406.15,100,82400
20231103,10:32:05,406.75,100,82400
20231103,10:32:07,406.0,50,82400
20231103,10:33:19,395.05,300,82400
20231103,10:33:24,395.05,50,82350
20231103,10:34:20,406.25,50,82350
20231103,10:34:28,406.35,50,82350
20231103,10:34:59,407.35,50,82350
20231103,10:36:32,407.45,50,82700
20231103,10:37:28,407.0,50,82700
20231103,10:40:37,405.45,150,82700
20231103,10:40:38,405.45,50,82700
20231103,10:40:40,405.55,200,82700
20231103,10:40:42,405.45,50,82700
20231103,10:40:44,405.45,50,82700
20231103,10:40:55,405.45,1450,82700
20231103,10:40:56,405.4,50,82700
20231103,10:41:08,407.0,50,82700
20231103,10:41:35,405.45,50,81400
20231103,10:41:36,405.45,100,81400
20231103,10:41:38,405.45,50,81400
20231103,10:41:39,405.45,100,81400
20231103,10:41:40,405.4,450,81400
20231103,10:45:10,405.4,50,80950
20231103,10:45:15,405.4,300,80950
20231103,10:45:20,405.4,50,80950
20231103,10:46:08,408.1,50,80950
20231103,10:46:13,409.15,50,80950
20231103,10:46:18,410.35,100,80950
20231103,10:46:24,411.0,50,80950
20231103,10:53:55,409.05,250,80600
20231103,10:54:00,409.0,650,80600
20231103,10:58:07,410.45,50,80600
20231103,10:58:12,410.95,50,80600
20231103,10:58:18,410.95,50,80600
20231103,10:58:24,411.0,50,80600
20231103,11:01:46,411.0,200,80650
20231103,11:01:47,411.0,150,80650
20231103,11:01:54,410.0,700,80650
20231103,11:04:50,413.0,50,80950
20231103,11:05:07,415.0,50,80950
20231103,11:05:25,415.65,50,80950
20231103,11:15:39,414.0,50,81000
20231103,11:19:43,407.95,50,81050
20231103,11:19:44,411.5,100,81050
20231103,11:21:09,408.0,150,81100
20231103,11:24:30,408.5,50,81100
20231103,11:24:38,408.5,100,81100
20231103,11:25:03,408.5,300,81100
20231103,11:25:05,410.0,50,81100
20231103,11:27:57,407.65,50,81100
20231103,11:29:53,407.7,100,81100
20231103,11:30:14,404.4,150,81100
20231103,11:30:16,405.9,50,81100
20231103,11:30:34,401.05,50,81100
20231103,11:30:42,404.5,150,81100
20231103,11:30:44,405.0,100,81100
20231103,11:30:47,405.0,50,81100
20231103,11:30:53,405.0,50,81100
20231103,11:32:05,406.65,50,81100
20231103,11:32:35,409.95,400,81100
20231103,11:32:42,407.6,50,81450
20231103,11:32:43,409.05,500,81450
20231103,11:32:50,409.05,100,81450
20231103,11:32:59,409.05,50,81450
20231103,11:33:04,409.25,50,81450
20231103,11:33:20,408.85,50,81450
20231103,11:33:50,409.0,50,81450
20231103,11:34:41,409.1,250,81450
20231103,11:35:14,407.7,100,81450
20231103,11:36:44,407.55,50,82500
20231103,11:38:19,408.05,50,82500
20231103,11:43:13,406.3,200,82550
20231103,11:44:08,408.0,200,82550
20231103,11:45:04,403.3,50,82400
20231103,11:45:09,406.95,250,82400
20231103,11:46:28,405.0,150,82400
20231103,11:46:48,404.9,300,82400
20231103,11:46:53,404.9,400,82400
20231103,11:47:21,408.8,600,82400
20231103,11:47:31,406.3,50,82400
20231103,11:48:09,405.5,50,82900
20231103,11:49:03,406.05,400,82900
20231103,11:49:07,406.05,550,82900
20231103,11:49:12,406.0,1500,82900
20231103,11:49:16,406.05,50,82900
20231103,11:49:20,406.05,50,82900
20231103,11:49:42,407.2,50,82900
20231103,11:50:44,406.0,400,82600
20231103,11:50:53,406.0,300,82600
20231103,11:51:02,406.0,800,82600
20231103,11:52:27,401.2,200,82600
20231103,11:52:37,401.0,450,82600
20231103,11:53:03,400.8,200,82600
20231103,11:53:13,401.0,550,82600
20231103,11:53:18,402.0,1000,82600
20231103,11:53:39,402.0,500,82600
20231103,11:58:57,402.0,750,81600
20231103,12:02:15,403.0,1000,80850
20231103,12:02:53,404.15,50,80850
20231103,12:05:43,400.7,50,80850
20231103,12:06:32,405.0,50,80900
20231103,12:07:27,402.7,150,80900
20231103,12:07:56,409.05,50,80900
20231103,12:07:58,403.95,300,80900
20231103,12:08:47,402.2,50,80500
20231103,12:10:25,403.8,150,80500
20231103,12:13:10,408.0,50,80350
20231103,12:13:45,407.3,200,80350
20231103,12:13:55,406.25,150,80350
20231103,12:13:59,409.05,350,80350
20231103,12:14:05,406.15,350,80350
20231103,12:14:15,407.1,50,80350
20231103,12:14:25,406.8,50,80350
20231103,12:14:59,405.35,50,80350
20231103,12:15:04,406.0,850,80100
20231103,12:15:24,405.2,50,80100
20231103,12:16:21,406.0,200,80100
20231103,12:17:06,405.5,50,80100
20231103,12:18:45,405.7,650,80000
20231103,12:19:14,406.05,50,80000
20231103,12:20:20,407.0,50,80000
20231103,12:21:28,405.4,50,80000
20231103,12:25:39,406.8,300,80000
20231103,12:25:41,406.75,450,80000
20231103,12:25:52,406.75,750,80000
20231103,12:32:58,405.95,500,79450
20231103,12:33:01,406.05,50,79450
20231103,12:33:02,406.65,200,79450
20231103,12:33:04,406.65,50,79450
20231103,12:33:05,406.6,150,79450
20231103,12:33:09,407.0,50,79450
20231103,12:33:09,406.45,50,79450
20231103,12:33:10,406.45,50,79450
20231103,12:33:16,406.2,100,79450
20231103,12:33:38,408.1,200,79450
20231103,12:33:39,408.35,250,79450
20231103,12:33:40,408.2,100,79450
20231103,12:33:41,408.3,350,79450
20231103,12:33:46,408.15,50,79450
20231103,12:33:47,408.25,50,79450
20231103,12:33:49,408.35,50,79450
20231103,12:33:51,406.0,50,79450
20231103,12:34:00,408.85,50,79450
20231103,12:34:01,409.15,50,79450
20231103,12:34:02,406.35,50,79450
20231103,12:34:38,410.0,50,79450
20231103,12:34:42,407.35,50,79450
20231103,12:35:05,406.85,100,79450
20231103,12:35:09,409.95,100,79450
20231103,12:35:14,410.95,450,79450
20231103,12:35:18,411.3,100,79450
20231103,12:35:23,411.45,200,79450
20231103,12:35:27,411.45,100,79450
20231103,12:35:32,407.85,200,79450
20231103,12:35:41,407.2,200,79450
20231103,12:36:38,411.95,250,81450
20231103,12:36:39,412.05,100,81450
20231103,12:36:40,412.75,50,81450
20231103,12:36:41,410.95,50,81450
20231103,12:36:42,410.95,150,81450
20231103,12:36:44,411.1,300,81450
20231103,12:36:48,411.15,100,81450
20231103,12:36:49,406.85,300,81450
20231103,12:36:50,410.7,50,81450
20231103,12:36:51,410.55,100,81450
20231103,12:36:52,410.8,50,81450
20231103,12:37:03,411.15,100,81450
20231103,12:37:05,411.3,100,81450
20231103,12:37:07,411.0,50,81450
20231103,12:37:08,411.3,100,81450
20231103,12:37:11,411.5,100,81450
20231103,12:37:14,411.5,100,81450
20231103,12:37:29,408.05,200,81450
20231103,12:38:08,408.9,50,81450
20231103,12:38:10,408.85,50,81450
20231103,12:38:39,410.0,1700,81450
20231103,12:39:40,412.85,50,80900
20231103,12:40:41,415.6,100,80900
20231103,12:40:47,413.65,300,80900
20231103,12:40:54,413.35,200,80900
20231103,12:41:00,414.35,150,80900
20231103,12:41:32,414.35,50,80900
20231103,12:42:22,415.55,450,80350
20231103,12:42:27,415.55,150,80350
20231103,12:43:58,412.95,200,80350
20231103,12:44:00,416.0,1000,80350
20231103,12:44:06,410.9,50,80350
20231103,12:44:10,416.0,1000,80350
20231103,12:44:32,413.4,50,80350
20231103,12:45:40,415.0,50,79450
20231103,12:46:53,415.75,150,79450
20231103,12:46:57,415.4,50,79450
20231103,12:47:39,413.0,100,79450
20231103,12:49:41,412.65,50,79500
20231103,12:59:53,414.95,150,79450
20231103,12:59:58,414.95,50,79450
20231103,13:06:38,407.35,100,79300
20231103,13:10:48,414.9,50,79300
20231103,13:15:25,407.1,50,79300
20231103,13:16:17,408.5,150,79300
20231103,13:18:08,410.3,250,79200
20231103,13:18:23,410.15,200,79200
20231103,13:18:32,409.75,100,79200
20231103,13:19:39,410.15,400,79200
20231103,13:21:15,412.95,50,78600
20231103,13:21:26,411.05,50,78600
20231103,13:22:43,412.95,150,78600
20231103,13:22:54,413.0,50,78600
20231103,13:23:04,412.1,50,78600
20231103,13:23:52,412.15,50,78600
20231103,13:26:50,414.9,50,78550
20231103,13:27:36,412.3,50,78550
20231103,13:41:20,414.9,50,78550
20231103,13:42:05,416.0,650,78550
20231103,13:51:18,413.9,600,78300
20231103,13:51:19,413.4,300,78300
20231103,13:51:24,413.1,450,78300
20231103,13:51:25,412.8,300,78300
20231103,13:51:26,412.5,150,78300
20231103,13:51:27,412.5,50,78300
20231103,13:51:29,412.5,100,78300
20231103,13:51:30,412.55,100,78300
20231103,13:51:31,412.55,100,78300
20231103,13:51:37,410.55,100,78300
20231103,13:51:40,413.95,200,78300
20231103,13:51:42,414.3,50,78300
20231103,13:51:45,414.55,50,78300
20231103,13:51:48,414.7,50,78300
20231103,13:51:49,414.75,50,78300
20231103,13:51:52,415.05,50,78300
20231103,13:51:53,415.2,50,78300
20231103,13:51:55,415.2,50,78300
20231103,13:52:04,415.8,50,78300
20231103,13:52:06,412.75,50,78300
20231103,13:52:08,411.8,200,78300
20231103,13:54:01,415.8,50,79250
20231103,13:54:04,415.8,50,79250
20231103,13:54:05,415.4,150,79250
20231103,13:54:06,415.35,100,79250
20231103,13:54:07,415.5,100,79250
20231103,13:54:09,415.5,50,79250
20231103,13:54:11,415.7,50,79250
20231103,13:54:15,415.7,50,79250
20231103,13:54:17,415.8,150,79250
20231103,13:54:19,416.0,150,79250
20231103,13:54:21,416.0,100,79250
20231103,13:54:22,416.0,100,79250
20231103,13:54:24,416.0,50,79250
20231103,13:54:25,416.0,50,79250
20231103,13:56:29,409.15,50,79250
20231103,13:58:46,409.65,100,80200
20231103,13:59:21,408.85,200,80200
20231103,14:01:04,409.95,200,80100
20231103,14:01:10,410.0,50,80100
20231103,14:01:48,412.3,50,80100
20231103,14:01:49,413.45,100,80100
20231103,14:02:04,413.4,50,80100
20231103,14:02:15,414.25,150,80100
20231103,14:07:33,412.0,50,80300
20231103,14:08:31,412.4,150,80300
20231103,14:10:11,413.2,50,80300
20231103,14:10:33,413.55,50,80200
20231103,14:10:47,413.65,100,80200
20231103,14:11:03,412.9,50,80200
20231103,14:11:08,410.65,50,80200
20231103,14:13:50,410.8,200,80250
20231103,14:14:00,409.85,100,80250
20231103,14:15:39,411.9,50,80300
20231103,14:16:07,412.05,200,80300
20231103,14:16:11,411.7,100,80300
20231103,14:16:35,411.5,150,80300
20231103,14:16:49,413.15,150,80300
20231103,14:17:04,413.1,200,80300
20231103,14:18:09,415.95,50,80300
20231103,14:18:20,413.75,150,80200
20231103,14:19:02,413.2,250,80200
20231103,14:24:04,416.0,50,80100
20231103,14:24:44,416.0,50,80150
20231103,14:24:48,416.0,50,80150
20231103,14:25:19,415.35,100,80150
20231103,14:26:35,413.5,50,80150
20231103,14:28:16,416.5,50,80150
20231103,14:28:23,411.4,50,80150
20231103,14:28:26,415.45,50,80150
20231103,14:29:42,418.0,50,80150
20231103,14:29:43,418.05,1400,80150
20231103,14:29:50,419.75,300,80150
20231103,14:29:52,418.2,100,80150
20231103,14:29:56,418.65,150,80150
20231103,14:30:04,418.2,200,80150
20231103,14:33:11,412.75,150,78950
20231103,14:33:28,412.25,50,78950
20231103,14:33:39,411.8,50,78950
20231103,14:33:51,414.8,250,78950
20231103,14:34:28,409.6,50,78950
20231103,14:35:58,406.55,150,78950
20231103,14:37:20,410.95,50,78950
20231103,14:38:28,410.55,300,78950
20231103,14:40:52,403.3,50,78850
20231103,14:40:58,402.05,100,78850
20231103,14:41:05,403.2,150,78850
20231103,14:41:18,403.25,50,78850
20231103,14:41:50,403.85,100,78850
20231103,14:42:37,402.9,200,78850
20231103,14:45:02,403.0,100,78850
20231103,14:45:13,400.0,650,78850
20231103,14:45:26,405.6,600,78850
20231103,14:45:31,405.85,100,78850
20231103,14:45:42,405.25,50,78850
20231103,14:45:49,401.65,350,78850
20231103,14:46:03,395.35,100,78850
20231103,14:46:10,395.0,300,78850
20231103,14:47:34,395.0,50,78850
20231103,14:47:59,400.65,200,78850
20231103,14:48:05,400.45,100,78850
20231103,14:48:12,400.45,50,78850
20231103,14:49:30,402.3,50,78950
20231103,14:49:59,401.7,50,78950
20231103,14:50:51,398.9,50,78950
20231103,14:53:00,390.95,650,79050
20231103,14:53:01,390.95,300,79050
20231103,14:53:02,391.0,1000,79050
20231103,14:54:27,399.3,50,77600
20231103,14:56:13,401.0,200,77600
20231103,14:57:31,404.75,250,77800
20231103,14:58:35,404.8,50,77800
20231103,15:00:21,404.0,50,77900
20231103,15:04:03,402.0,200,77900
20231103,15:04:55,400.0,50,77900
20231103,15:06:18,398.35,50,77900
20231103,15:06:40,397.3,250,77900
20231103,15:08:02,397.1,100,77900
20231103,15:08:03,398.15,50,77900
20231103,15:09:24,401.2,100,78000
20231103,15:09:26,400.65,50,78000
20231103,15:11:30,400.0,100,78000
20231103,15:11:55,398.0,500,78000
20231103,15:13:27,398.0,200,78200
20231103,15:13:38,398.6,50,78200
20231103,15:13:49,400.65,50,78200
20231103,15:13:55,399.55,100,78200
20231103,15:16:23,399.55,50,78200
20231103,15:17:18,400.0,50,78300
20231103,15:17:22,400.0,50,78300
20231103,15:18:22,400.85,150,78350
20231103,15:18:52,401.9,100,78350
20231103,15:19:07,399.95,100,78350
20231103,15:19:10,399.0,400,78350
20231103,15:19:18,401.05,100,78350
20231103,15:20:04,402.0,50,78350
20231103,15:22:25,403.05,200,78400
20231103,15:23:23,400.9,650,78400
20231103,15:23:36,403.0,200,78400
20231103,15:23:52,401.9,100,78400
20231103,15:25:00,404.15,50,78400
20231103,15:25:36,401.9,100,78650
20231103,15:26:22,403.45,300,78650
20231103,15:27:09,403.05,150,78650
20231103,15:27:15,402.55,200,78650
20231103,15:27:39,400.15,150,79200
20231103,15:28:03,401.7,200,79200
20231103,15:28:09,402.05,200,79200
20231103,15:28:27,401.6,200,79200
20231103,15:28:39,401.95,200,79200
20231103,15:28:40,401.85,50,79200
20231103,15:28:42,401.9,50,79200
20231103,15:29:28,399.0,50,79200
20231103,15:29:35,398.55,50,79200
20231103,15:29:48,397.7,150,79200
20231106,09:18:17,450.0,1,79350
20231106,09:18:17,450.0,150,79350
20231106,09:18:22,450.0,50,79350
20231106,09:19:31,448.15,50,79350
20231106,09:20:04,448.15,50,79350
20231106,09:20:12,455.0,50,79350
20231106,09:24:27,469.9,50,79250
20231106,09:29:07,471.25,200,79250
20231106,09:29:49,471.25,50,79400
20231106,09:35:38,460.1,250,79400
20231106,09:37:26,460.1,300,79400
20231106,09:39:02,467.0,50,79400
20231106,09:40:07,463.95,200,79800
20231106,09:40:32,463.95,300,79800
20231106,09:41:39,464.0,200,79850
20231106,09:43:01,453.75,50,79850
20231106,09:45:10,455.0,100,80000
20231106,09:45:27,455.4,250,80000
20231106,09:49:14,454.35,50,79850
20231106,09:49:54,443.6,300,79850
20231106,09:50:52,443.6,50,79850
20231106,09:52:31,450.0,50,79850
20231106,09:59:13,460.0,50,79800
20231106,10:02:08,460.0,100,79850
20231106,10:06:18,460.0,450,79950
20231106,10:06:34,459.0,50,79950
20231106,10:06:56,460.0,50,79950
20231106,10:08:09,460.0,50,79950
20231106,10:08:31,460.0,250,79950
20231106,10:09:59,462.8,50,80150
20231106,10:10:06,462.8,50,80150
20231106,10:11:24,462.8,200,80150
20231106,10:12:50,460.0,100,80400
20231106,10:13:39,459.4,300,80400
20231106,10:14:03,460.0,100,80400
20231106,10:15:08,462.8,100,80800
20231106,10:16:03,470.0,50,80800
20231106,10:18:42,473.0,50,80800
20231106,10:20:31,473.0,900,80800
20231106,10:20:58,474.8,50,81750
20231106,10:21:07,474.8,250,81750
20231106,10:21:34,472.7,450,81750
20231106,10:21:59,474.0,200,81750
20231106,10:23:14,472.0,50,81750
20231106,10:23:28,472.05,50,81750
20231106,10:24:43,471.0,50,82700
20231106,10:25:23,473.25,50,82700
20231106,10:26:12,472.95,50,82700
20231106,10:26:36,472.95,50,82750
20231106,10:28:29,472.6,50,82750
20231106,10:30:48,470.0,50,82800
20231106,10:31:43,466.5,50,82800
20231106,10:32:44,470.0,100,82750
20231106,10:34:03,468.45,150,82750
20231106,10:39:01,467.85,50,82850
20231106,10:39:10,462.35,100,82850
20231106,10:40:06,465.0,250,82850
20231106,10:41:37,465.0,350,82850
20231106,10:42:45,462.75,100,82400
20231106,10:43:41,461.75,100,82400
20231106,10:45:44,462.0,50,82350
20231106,11:02:00,447.1,300,82350
20231106,11:02:10,444.25,50,82350
20231106,11:05:00,442.0,50,82350
20231106,11:10:26,442.0,50,82350
20231106,11:11:46,449.3,100,82350
20231106,11:28:28,453.3,100,82300
20231106,11:28:36,453.7,100,82300
20231106,11:31:08,456.0,1500,82500
20231106,11:33:36,459.0,800,82500
20231106,11:34:21,459.0,300,81600
20231106,11:34:26,459.0,2000,81600
20231106,11:37:32,458.85,1650,79500
20231106,11:44:20,460.0,1500,77950
20231106,11:49:30,463.5,50,76450
20231106,12:01:17,459.6,50,76450
20231106,12:01:25,459.55,250,76450
20231106,12:01:33,459.55,1250,76450
20231106,12:03:23,460.0,100,76000
20231106,12:07:09,463.0,350,76000
20231106,12:07:17,463.0,50,76000
20231106,12:09:59,463.5,100,75600
20231106,12:11:04,463.3,50,75600
20231106,12:12:57,461.45,100,75550
20231106,12:13:08,464.15,100,75550
20231106,12:13:10,464.05,50,75550
20231106,12:22:24,461.0,50,75400
20231106,12:25:19,462.0,50,75350
20231106,12:26:54,461.85,100,75400
20231106,12:27:01,461.8,400,75400
20231106,12:27:15,461.8,450,75400
20231106,12:27:23,461.8,750,75400
20231106,12:27:38,461.75,350,75400
20231106,12:28:22,461.75,650,75400
20231106,12:29:13,458.0,100,75400
20231106,12:30:35,455.2,50,73900
20231106,12:30:52,458.0,50,73900
20231106,12:32:09,462.95,100,73900
20231106,12:32:19,463.0,50,73900
20231106,12:35:20,463.75,150,73900
20231106,12:36:16,463.75,800,73800
20231106,12:45:02,464.0,1500,73100
20231106,12:52:19,464.65,50,72300
20231106,12:59:36,464.2,100,72300
20231106,13:00:51,462.75,50,72300
20231106,13:02:47,461.75,50,72300
20231106,13:03:23,462.45,50,72300
20231106,13:04:03,462.45,50,72300
20231106,13:05:23,462.45,200,72300
20231106,13:06:26,465.0,50,72300
20231106,13:08:01,463.25,50,72300
20231106,13:08:15,463.0,50,72300
20231106,13:09:12,463.2,50,72300
20231106,13:12:18,465.0,50,72300
20231106,13:13:30,465.0,50,72300
20231106,13:13:47,466.7,250,72300
20231106,13:27:36,464.0,100,72100
20231106,13:29:53,468.7,50,72100
20231106,13:32:45,470.35,150,72000
20231106,13:32:51,469.85,200,72000
20231106,13:33:26,468.85,50,71700
20231106,13:33:33,468.75,150,71700
20231106,13:36:29,468.75,50,71500
20231106,13:39:17,470.0,250,71500
20231106,13:44:47,473.05,100,71400
20231106,13:44:50,473.05,100,71400
20231106,13:44:57,473.05,50,71400
20231106,13:45:15,473.0,2950,71300
20231106,13:46:06,474.95,100,71300
20231106,13:46:08,474.95,100,71300
20231106,13:46:10,474.95,50,71300
20231106,13:46:56,471.05,50,71300
20231106,13:47:53,471.9,50,71300
20231106,13:48:08,472.7,50,68350
20231106,13:49:04,470.25,200,68350
20231106,13:50:00,470.25,100,68350
20231106,13:51:29,471.15,50,68250
20231106,13:51:57,469.7,50,68250
20231106,13:52:05,470.2,50,68250
20231106,13:52:13,469.5,50,68250
20231106,13:52:21,470.95,50,68250
20231106,13:52:51,470.0,50,68250
20231106,13:53:06,472.95,50,68250
20231106,13:53:35,472.65,50,68250
20231106,13:53:41,472.55,50,68250
20231106,13:53:48,475.35,50,68250
20231106,13:59:50,475.35,50,68500
20231106,14:01:32,465.85,150,68550
20231106,14:02:29,469.55,150,68550
20231106,14:05:30,469.55,50,68550
20231106,14:10:28,471.0,50,68550
20231106,14:11:50,472.0,500,68550
20231106,14:14:58,479.65,50,68050
20231106,14:15:00,479.7,50,68050
20231106,14:15:15,480.0,50,67950
20231106,14:15:18,481.0,50,67950
20231106,14:15:32,483.0,50,67950
20231106,14:19:12,485.3,50,67850
20231106,14:19:20,487.65,50,67850
20231106,14:21:04,487.65,50,67850
20231106,14:23:19,489.0,50,67850
20231106,14:29:48,491.0,50,67850
20231106,14:31:11,491.45,50,67850
20231106,14:37:55,491.45,50,67850
20231106,14:39:19,495.0,100,67850
20231106,14:45:37,495.0,50,67950
20231106,14:45:38,490.05,100,67950
20231106,14:45:46,490.05,100,67950
20231106,14:47:22,490.7,150,67950
20231106,14:47:38,490.0,250,67950
20231106,14:48:42,488.0,500,67650
20231106,14:48:58,485.55,250,67650
20231106,14:49:07,484.65,50,67650
20231106,14:49:25,490.0,100,67650
20231106,14:50:42,483.9,100,67650
20231106,14:50:50,479.55,250,67650
20231106,14:51:11,485.2,200,67650
20231106,14:51:24,486.25,50,67600
20231106,14:52:34,486.55,50,67600
20231106,14:52:50,490.0,50,67600
20231106,14:53:07,498.15,1500,67600
20231106,14:54:06,498.15,350,67600
20231106,14:56:09,489.05,300,67600
20231106,14:56:26,490.35,50,66200
20231106,14:56:29,490.55,50,66200
20231106,14:56:31,490.55,100,66200
20231106,14:56:32,490.55,50,66200
20231106,14:56:42,490.65,50,66200
20231106,14:56:43,490.6,150,66200
20231106,14:56:45,490.55,100,66200
20231106,14:56:47,490.55,50,66200
20231106,14:56:49,490.55,100,66200
20231106,14:57:01,486.95,200,66200
20231106,15:00:43,497.0,100,67150
20231106,15:01:03,493.4,50,67150
20231106,15:03:23,494.0,350,67150
20231106,15:04:52,496.6,50,67050
20231106,15:05:01,496.6,150,67050
20231106,15:05:11,496.55,100,67050
20231106,15:05:20,496.55,50,67050
20231106,15:07:18,496.55,400,66900
20231106,15:07:44,496.55,250,66900
20231106,15:09:45,500.0,200,67200
20231106,15:09:54,500.0,50,67200
20231106,15:10:21,497.0,50,67200
20231106,15:11:56,501.2,100,67200
20231106,15:12:05,501.2,50,67200
20231106,15:12:22,501.2,250,67450
20231106,15:12:31,499.65,50,67450
20231106,15:12:57,495.0,50,67450
20231106,15:13:50,500.05,50,67450
20231106,15:14:18,499.9,50,67450
20231106,15:14:35,499.9,50,67450
20231106,15:16:02,499.85,50,67700
20231106,15:16:19,497.0,50,67700
20231106,15:16:28,495.0,50,67700
20231106,15:16:37,495.85,100,67700
20231106,15:16:54,495.7,100,67700
20231106,15:17:03,499.75,200,67700
20231106,15:17:29,495.0,150,67700
20231106,15:17:55,495.35,100,67700
20231106,15:17:59,495.45,100,67700
20231106,15:18:10,495.45,50,67700
20231106,15:18:13,499.5,50,67700
20231106,15:18:18,495.45,100,67900
20231106,15:19:04,495.0,50,67900
20231106,15:19:22,500.05,300,67900
20231106,15:19:30,495.45,100,67900
20231106,15:20:24,495.45,150,67900
20231106,15:20:55,499.95,50,67900
20231106,15:21:04,495.75,50,67900
20231106,15:21:26,495.75,50,67900
20231106,15:21:28,499.05,100,68250
20231106,15:22:09,494.2,100,68250
20231106,15:22:25,494.65,50,68250
20231106,15:22:29,498.9,50,68250
20231106,15:23:49,496.95,100,68250
20231106,15:23:55,495.0,100,68250
20231106,15:23:55,498.65,100,68250
20231106,15:25:41,496.55,100,68550
20231106,15:25:42,496.55,200,68550
20231106,15:26:06,496.55,150,68550
20231106,15:26:47,498.0,50,68550
20231106,15:27:12,498.0,200,68550
20231106,15:28:24,498.65,100,69000
20231106,15:28:43,497.55,250,69000
20231106,15:28:52,498.0,50,69000
20231106,15:29:13,498.55,300,69000
20231106,15:29:23,498.55,50,69000
20231106,15:29:33,498.55,50,69000
20231106,15:29:43,498.55,250,69000
20231106,15:30:02,498.55,150,69000
20231107,09:19:12,470.55,1,70000
20231107,09:19:12,470.55,50,70000
20231107,09:19:36,474.05,100,70000
20231107,09:20:05,475.0,50,70000
20231107,09:21:00,480.95,50,70100
20231107,09:22:48,480.95,50,70100
20231107,09:23:18,476.0,200,70100
20231107,09:23:37,478.0,50,70150
20231107,09:25:49,481.0,50,70150
20231107,09:26:32,481.0,700,70150
20231107,09:27:06,478.0,100,70800
20231107,09:27:22,480.0,250,70800
20231107,09:28:35,480.0,50,70800
20231107,09:29:18,480.0,50,70800
20231107,09:30:00,480.0,50,71000
20231107,09:31:00,478.0,650,71000
20231107,09:32:04,475.05,50,71000
20231107,09:32:09,478.0,200,71000
20231107,09:34:51,478.0,50,71550
20231107,09:37:53,482.8,100,71600
20231107,09:39:26,482.8,300,71600
20231107,09:44:13,475.8,50,71600
20231107,09:54:45,479.0,700,71600
20231107,09:55:39,479.0,800,71600
20231107,10:02:40,477.7,50,71650
20231107,10:03:17,472.55,50,71650
20231107,10:22:56,482.2,50,71700
20231107,10:26:57,484.05,50,71700
20231107,10:28:35,486.15,50,71700
20231107,10:29:51,486.15,50,71650
20231107,10:31:17,486.15,100,71650
20231107,10:34:28,485.7,50,71600
20231107,10:35:23,485.6,50,71600
20231107,10:35:50,490.0,100,71700
20231107,10:36:38,490.5,50,71700
20231107,10:39:07,490.5,150,71700
20231107,10:40:25,494.0,50,71700
20231107,10:41:15,495.15,150,71700
20231107,10:42:12,495.15,100,71550
20231107,10:42:23,495.0,550,71550
20231107,10:44:38,495.0,250,71550
20231107,10:44:57,496.05,500,72250
20231107,10:45:51,497.0,50,72250
20231107,10:46:09,497.0,350,72250
20231107,10:46:19,495.0,350,72250
20231107,10:47:36,495.0,850,72250
20231107,10:47:53,491.65,50,74350
20231107,10:48:54,493.95,150,74350
20231107,10:49:04,494.95,50,74350
20231107,10:53:24,486.15,150,74250
20231107,10:56:11,486.15,200,74250
20231107,11:01:16,487.85,50,74250
20231107,11:06:10,486.8,200,74250
20231107,11:06:33,489.85,100,74250
20231107,11:07:47,494.95,50,74250
20231107,11:12:06,495.0,150,74350
20231107,11:13:35,491.0,50,74350
20231107,11:14:43,491.95,50,74350
20231107,11:14:58,491.0,50,74500
20231107,11:24:48,494.65,50,74500
20231107,11:25:46,494.65,50,74500
20231107,11:30:49,492.85,50,74550
20231107,11:35:35,490.0,50,74600
20231107,11:38:03,490.35,200,74650
20231107,11:39:17,492.55,50,74700
20231107,11:40:01,486.15,50,74700
20231107,11:40:17,484.65,50,74700
20231107,11:40:26,481.5,150,74700
20231107,11:41:29,473.35,100,74700
20231107,11:45:18,465.0,300,75000
20231107,11:45:28,461.0,50,75000
20231107,11:45:37,461.0,50,75000
20231107,11:46:49,463.35,50,75000
20231107,11:47:09,462.0,100,75000
20231107,11:48:15,462.9,50,75150
20231107,11:48:18,451.25,300,75150
20231107,11:49:03,451.25,150,75150
20231107,11:49:45,459.25,50,75150
20231107,11:51:20,462.0,400,75150
20231107,11:54:23,454.0,50,75150
20231107,11:57:12,456.1,350,75300
20231107,11:57:55,459.6,50,75300
20231107,11:59:13,459.8,50,75300
20231107,12:00:21,459.55,50,75400
20231107,12:02:01,459.05,50,75400
20231107,12:06:42,459.7,100,75300
20231107,12:09:37,459.85,100,75200
20231107,12:11:38,463.0,50,75200
20231107,12:14:05,462.0,50,75200
20231107,12:19:26,464.0,150,75200
20231107,12:19:43,467.1,100,75200
20231107,12:21:12,465.0,50,75100
20231107,12:26:12,463.5,100,75050
20231107,12:26:54,463.5,50,75050
20231107,12:27:57,463.6,100,75050
20231107,12:35:35,472.65,50,74950
20231107,12:38:35,470.0,250,74950
20231107,12:39:31,472.8,150,74950
20231107,12:39:48,473.0,100,74950
20231107,12:39:55,473.05,50,74950
20231107,12:40:52,471.95,50,74950
20231107,12:41:10,471.05,150,74950
20231107,12:41:18,469.7,200,74950
20231107,12:41:27,469.75,150,74950
20231107,12:41:52,472.35,150,74950
20231107,12:42:00,473.0,50,74950
20231107,12:42:09,472.95,50,74950
20231107,12:42:25,471.8,150,75750
20231107,12:42:33,471.8,150,75750
20231107,12:42:42,471.55,150,75750
20231107,12:42:50,472.0,200,75750
20231107,12:42:58,472.05,150,75750
20231107,12:43:07,472.05,150,75750
20231107,12:43:15,472.05,50,75750
20231107,12:44:10,471.65,200,75750
20231107,12:44:18,471.6,200,75750
20231107,12:45:24,472.1,50,77100
20231107,12:46:57,472.0,50,77100
20231107,12:47:12,473.15,150,77100
20231107,12:47:35,471.2,50,77100
20231107,12:49:37,476.6,50,77350
20231107,12:52:31,472.85,50,77350
20231107,12:54:42,471.25,250,77350
20231107,12:56:41,470.6,50,77350
20231107,12:56:57,471.25,100,77350
20231107,12:57:06,471.15,50,77350
20231107,12:57:14,470.6,50,77650
20231107,12:57:39,472.05,50,77650
20231107,12:58:29,469.95,50,77650
20231107,12:58:38,471.05,50,77650
20231107,12:59:37,473.0,150,77650
20231107,13:09:38,471.95,100,77850
20231107,13:18:35,470.2,50,77950
20231107,13:18:53,469.25,50,77950
20231107,13:18:55,469.1,100,77950
20231107,13:19:39,469.6,150,77950
20231107,13:19:43,469.6,50,77950
20231107,13:19:44,469.7,100,77950
20231107,13:19:45,469.75,50,77950
20231107,13:19:56,469.85,150,77950
20231107,13:20:03,469.85,50,77950
20231107,13:20:20,469.2,50,77950
20231107,13:21:21,466.4,250,78650
20231107,13:21:30,463.3,250,78650
20231107,13:21:39,466.55,200,78650
20231107,13:21:48,467.4,50,78650
20231107,13:22:22,469.3,50,78650
20231107,13:22:30,469.85,50,78650
20231107,13:22:54,469.65,50,78650
20231107,13:32:45,473.0,150,79300
20231107,13:35:18,476.0,50,79400
20231107,13:35:22,476.0,50,79400
20231107,13:39:09,476.0,50,79400
20231107,13:51:34,482.8,100,79450
20231107,13:53:33,487.45,100,79450
20231107,13:55:38,490.0,50,79450
20231107,13:55:46,490.0,50,79450
20231107,13:56:08,491.0,50,79450
20231107,13:56:12,492.1,50,79450
20231107,13:56:13,492.6,50,79450
20231107,13:56:23,492.6,50,79450
20231107,13:57:04,488.95,50,79450
20231107,13:57:05,493.0,150,79450
20231107,13:57:21,491.65,50,79300
20231107,13:57:53,492.0,50,79300
20231107,13:59:05,491.7,50,79300
20231107,13:59:08,491.65,50,79300
20231107,14:00:07,490.1,100,79300
20231107,14:00:41,490.05,50,79400
20231107,14:00:54,490.1,100,79400
20231107,14:02:26,492.5,50,79400
20231107,14:03:48,493.55,150,79350
20231107,14:03:58,475.4,500,79350
20231107,14:04:17,497.0,150,79350
20231107,14:04:27,495.95,100,79350
20231107,14:04:52,497.75,50,79350
20231107,14:04:53,498.7,50,79350
20231107,14:05:01,498.7,150,79350
20231107,14:05:02,495.0,200,79350
20231107,14:07:30,495.2,100,79250
20231107,14:10:54,490.6,50,79250
20231107,14:11:59,483.55,300,79250
20231107,14:12:16,492.0,50,79250
20231107,14:12:59,492.95,150,79000
20231107,14:13:06,493.0,100,79000
20231107,14:13:07,493.0,50,79000
20231107,14:15:01,493.75,50,79000
20231107,14:16:40,492.0,50,78800
20231107,14:16:56,494.2,150,78800
20231107,14:17:05,493.0,50,78800
20231107,14:19:05,493.05,100,78850
20231107,14:20:27,495.05,50,78850
20231107,14:20:37,495.1,50,78850
20231107,14:20:55,496.95,100,78850
20231107,14:21:14,495.0,50,78850
20231107,14:22:23,495.0,200,78900
20231107,14:23:30,492.0,200,78900
20231107,14:24:30,489.3,50,79100
20231107,14:24:39,489.45,50,79100
20231107,14:28:18,490.0,300,79100
20231107,14:28:50,488.9,50,79100
20231107,14:32:20,495.0,850,79150
20231107,14:38:48,485.55,100,78800
20231107,14:38:49,486.95,200,78800
20231107,14:40:38,487.0,50,78900
20231107,14:41:53,488.65,300,78900
20231107,14:48:41,487.5,50,79250
20231107,14:49:20,492.05,50,79250
20231107,14:51:08,490.0,50,79250
20231107,14:51:23,489.8,50,79250
20231107,14:52:07,490.35,50,79200
20231107,14:52:09,490.55,100,79200
20231107,14:52:18,489.4,50,79200
20231107,14:52:22,491.0,50,79200
20231107,14:54:04,492.0,50,79200
20231107,14:55:48,490.0,50,79000
20231107,14:57:38,492.0,50,79000
20231107,15:00:00,490.0,50,79000
20231107,15:00:17,495.0,700,79000
20231107,15:02:19,490.0,50,79000
20231107,15:03:06,488.0,50,79000
20231107,15:04:27,490.0,900,79000
20231107,15:04:36,489.8,50,79000
20231107,15:05:31,488.45,50,79000
20231107,15:07:05,493.55,50,79050
20231107,15:07:23,490.0,50,79050
20231107,15:07:49,490.15,50,79050
20231107,15:08:08,489.65,150,79050
20231107,15:08:46,487.1,100,79050
20231107,15:09:47,486.9,50,79400
20231107,15:10:12,485.5,150,79400
20231107,15:10:40,487.35,50,79400
20231107,15:11:17,486.8,150,79400
20231107,15:11:54,486.55,100,79400
20231107,15:12:30,486.5,100,79400
20231107,15:13:08,486.25,100,80000
20231107,15:13:18,485.25,50,80000
20231107,15:13:37,485.6,50,80000
20231107,15:24:10,495.0,750,80100
20231107,15:24:12,495.0,200,80100
20231107,15:27:32,492.15,50,80100
20231107,15:27:42,493.2,50,80100
20231107,15:27:51,493.2,100,80100
20231107,15:29:04,489.2,50,80100
20231108,09:19:22,495.05,1,80100
20231108,09:19:22,495.0,150,80100
20231108,09:19:43,495.5,50,80100
20231108,09:19:48,495.5,100,80100
20231108,09:20:55,501.3,50,80300
20231108,09:22:14,501.3,50,80300
20231108,09:22:22,494.05,100,80300
20231108,09:23:34,494.95,100,80300
20231108,09:27:04,500.0,100,80450
20231108,09:30:15,505.0,50,80550
20231108,09:31:20,505.0,50,80550
20231108,09:34:14,505.0,50,80550
20231108,09:34:46,500.0,50,80550
20231108,09:40:38,500.0,100,80550
20231108,09:42:30,500.0,50,80550
20231108,09:44:24,500.0,150,80550
20231108,09:48:30,500.0,50,80550
20231108,09:51:32,499.35,100,80550
20231108,09:55:45,500.0,200,80550
20231108,09:56:11,503.2,100,80550
20231108,09:56:30,505.0,50,80550
20231108,09:57:24,504.5,50,80500
20231108,10:00:54,507.5,50,80500
20231108,10:04:02,508.0,50,80500
20231108,10:05:26,508.0,50,80500
20231108,10:05:41,506.2,50,80500
20231108,10:08:20,505.5,50,80500
20231108,10:24:04,506.4,50,80550
20231108,10:28:30,496.05,100,80550
20231108,10:32:03,494.1,50,80650
20231108,10:32:27,495.0,50,80650
20231108,10:32:35,494.0,100,80650
20231108,10:34:01,494.0,50,80700
20231108,10:34:27,490.0,50,80700
20231108,10:36:21,490.0,50,80700
20231108,10:37:18,500.0,100,80700
20231108,10:57:01,498.0,50,80650
20231108,11:01:11,498.0,50,80700
20231108,11:01:34,492.75,100,80700
20231108,11:13:20,485.0,50,80800
20231108,11:14:25,485.0,50,80800
20231108,11:17:45,488.0,100,80800
20231108,11:18:56,487.0,150,80800
20231108,11:21:24,492.0,100,80800
20231108,11:21:34,497.35,50,80800
20231108,11:22:51,492.0,50,80800
20231108,11:31:57,496.0,100,80800
20231108,11:32:12,496.0,100,80900
20231108,11:35:38,497.0,200,80900
20231108,11:51:42,502.15,100,80900
20231108,12:37:49,497.0,100,80900
20231108,12:54:33,494.2,200,80900
20231108,12:54:39,499.35,100,80900
20231108,12:54:46,499.35,100,80900
20231108,12:54:59,498.8,100,80900
20231108,12:55:06,499.2,100,80900
20231108,12:55:07,499.35,50,80900
20231108,12:55:13,498.8,50,80900
20231108,12:55:20,497.95,100,80900
20231108,12:55:27,498.7,100,80900
20231108,12:55:29,498.9,50,80900
20231108,12:55:30,498.7,100,80900
20231108,12:55:33,498.35,100,80900
20231108,12:55:34,499.0,100,80900
20231108,12:55:35,498.95,50,80900
20231108,12:56:59,491.3,100,80900
20231108,12:58:33,495.0,50,82000
20231108,12:59:36,500.15,100,82000
20231108,12:59:37,500.15,100,82000
20231108,12:59:37,500.8,100,82000
20231108,12:59:38,500.6,50,82000
20231108,12:59:42,500.6,100,82000
20231108,12:59:48,500.35,100,82000
20231108,12:59:51,500.4,100,82000
20231108,12:59:55,500.8,100,82000
20231108,13:00:01,500.7,100,82000
20231108,13:00:05,501.25,100,82000
20231108,13:00:06,501.25,100,82000
20231108,13:00:07,501.25,50,82000
20231108,13:00:08,501.9,100,83100
20231108,13:00:10,500.9,50,83100
20231108,13:00:48,501.2,100,83100
20231108,13:00:52,501.5,100,83100
20231108,13:00:54,502.1,50,83100
20231108,13:00:55,501.85,100,83100
20231108,13:00:57,502.15,100,83100
20231108,13:01:01,502.15,50,83100
20231108,13:01:02,502.4,50,83100
20231108,13:01:03,502.75,100,83100
20231108,13:01:04,502.75,50,83100
20231108,13:01:06,502.75,50,83100
20231108,13:01:07,502.95,50,83100
20231108,13:01:08,503.0,50,83100
20231108,13:01:16,503.0,100,83100
20231108,13:01:19,502.7,100,83100
20231108,13:01:29,502.7,100,83100
20231108,13:01:33,502.9,50,83100
20231108,13:01:38,503.1,50,83100
20231108,13:05:15,496.3,50,84350
20231108,13:05:47,502.35,50,84350
20231108,13:05:48,502.5,100,84350
20231108,13:06:47,503.2,50,84500
20231108,13:06:48,503.85,50,84500
20231108,13:06:56,503.2,100,84500
20231108,13:07:01,503.4,50,84500
20231108,13:07:07,503.75,100,84500
20231108,13:07:15,503.8,100,84500
20231108,13:07:30,503.7,150,84500
20231108,13:08:14,503.65,50,84500
20231108,13:08:22,503.0,150,84500
20231108,13:08:24,501.7,50,84500
20231108,13:08:25,501.7,50,84500
20231108,13:08:27,502.25,50,84500
20231108,13:08:46,498.45,100,84500
20231108,13:08:47,502.25,100,84500
20231108,13:09:14,501.95,50,85250
20231108,13:09:25,500.5,150,85250
20231108,13:09:27,500.65,200,85250
20231108,13:10:16,504.0,50,85250
20231108,13:10:57,505.0,50,85250
20231108,13:11:03,506.55,100,85250
20231108,13:14:17,501.15,50,85250
20231108,13:14:39,503.85,50,85250
20231108,13:17:12,506.35,100,85250
20231108,13:17:31,509.7,50,85250
20231108,13:19:57,509.7,50,85150
20231108,13:21:06,511.0,350,85150
20231108,13:21:16,511.0,50,85150
20231108,13:21:25,510.5,50,84800
20231108,13:23:23,511.3,50,84800
20231108,13:25:25,511.3,50,84800
20231108,13:28:13,506.0,50,84800
20231108,13:29:11,504.65,50,84800
20231108,13:39:37,509.05,50,84800
20231108,13:40:25,505.8,50,84800
20231108,13:42:14,503.5,200,84800
20231108,13:57:35,505.0,300,84700
20231108,13:57:44,508.55,100,84700
20231108,13:59:04,511.35,50,84700
20231108,14:00:45,511.35,50,84600
20231108,14:01:16,512.5,100,84600
20231108,14:02:17,512.5,100,84600
20231108,14:02:24,508.95,150,84600
20231108,14:05:00,509.0,100,84600
20231108,14:05:11,509.0,50,84600
20231108,14:06:18,505.0,50,84600
20231108,14:13:43,500.0,50,84650
20231108,14:15:17,495.35,100,84650
20231108,14:16:02,494.95,100,84700
20231108,14:16:05,495.0,50,84700
20231108,14:16:06,495.0,150,84700
20231108,14:18:07,499.45,600,84700
20231108,14:18:13,497.55,100,84700
20231108,14:19:05,496.0,50,85600
20231108,14:19:14,496.35,100,85600
20231108,14:19:18,496.1,50,85600
20231108,14:20:17,495.0,50,85600
20231108,14:20:30,497.0,50,85600
20231108,14:21:32,495.4,50,85900
20231108,14:21:43,494.7,50,85900
20231108,14:21:44,494.5,100,85900
20231108,14:21:45,494.45,50,85900
20231108,14:21:48,494.45,100,85900
20231108,14:21:49,494.4,50,85900
20231108,14:22:01,494.95,100,85900
20231108,14:22:10,494.6,150,85900
20231108,14:22:17,494.0,100,85900
20231108,14:22:33,495.15,50,85900
20231108,14:23:48,495.25,150,85900
20231108,14:23:54,494.6,50,85900
20231108,14:24:01,492.7,100,85900
20231108,14:24:02,492.3,50,85900
20231108,14:24:06,493.1,100,85900
20231108,14:24:09,493.1,100,85900
20231108,14:24:22,493.15,100,87250
20231108,14:24:30,493.55,50,87250
20231108,14:24:34,493.75,50,87250
20231108,14:25:35,493.75,100,87250
20231108,14:26:26,494.85,50,87250
20231108,14:26:27,494.85,50,87250
20231108,14:26:34,494.75,100,87250
20231108,14:29:03,494.1,100,87750
20231108,14:29:05,493.8,50,87750
20231108,14:31:12,489.9,50,87750
20231108,14:31:22,489.1,50,87850
20231108,14:31:35,490.0,200,87850
20231108,14:32:06,488.65,100,87850
20231108,14:32:09,485.05,100,87850
20231108,14:32:10,485.0,150,87850
20231108,14:32:17,487.7,100,87850
20231108,14:32:30,488.4,200,87850
20231108,14:32:33,487.2,100,87850
20231108,14:32:37,487.85,200,87850
20231108,14:32:50,488.9,100,87850
20231108,14:32:59,487.85,100,87850
20231108,14:33:08,486.9,50,87850
20231108,14:33:10,485.8,50,87850
20231108,14:33:11,486.1,100,87850
20231108,14:33:11,486.75,50,87850
20231108,14:33:12,486.75,50,87850
20231108,14:33:14,486.8,50,87850
20231108,14:33:15,486.8,100,87850
20231108,14:33:19,486.9,100,87850
20231108,14:33:56,488.4,50,89300
20231108,14:34:15,488.55,50,89300
20231108,14:34:17,489.2,50,89300
20231108,14:34:20,489.35,50,89300
20231108,14:34:37,490.55,50,89300
20231108,14:41:01,496.3,50,89550
20231108,14:45:28,495.15,50,89550
20231108,14:45:43,496.6,50,89550
20231108,14:46:56,495.0,100,89550
20231108,14:46:59,495.0,200,89550
20231108,14:47:21,496.45,50,89550
20231108,14:47:27,496.0,50,89550
20231108,14:47:35,495.5,50,89550
20231108,14:47:40,496.25,50,89550
20231108,14:47:50,495.95,50,89550
20231108,14:47:59,495.95,50,89550
20231108,14:48:00,496.1,50,89550
20231108,14:48:01,495.95,50,89550
20231108,14:48:05,495.95,50,89550
20231108,14:48:05,496.0,50,89550
20231108,14:48:07,496.0,50,89550
20231108,14:48:08,496.0,50,89550
20231108,14:48:09,496.0,50,89550
20231108,14:48:10,496.0,50,89550
20231108,14:48:12,496.05,50,89550
20231108,14:48:19,495.5,50,89550
20231108,14:48:24,495.55,50,89550
20231108,14:48:25,495.8,50,89550
20231108,14:48:35,495.45,50,89800
20231108,14:48:36,495.45,50,89800
20231108,14:48:38,495.45,50,89800
20231108,14:49:04,494.05,50,89800
20231108,14:49:12,492.0,150,89800
20231108,14:49:13,492.0,50,89800
20231108,14:49:14,492.0,100,89800
20231108,14:49:29,494.4,50,89800
20231108,14:49:30,494.5,50,89800
20231108,14:49:43,493.7,50,89800
20231108,14:51:45,493.7,50,90200
20231108,14:52:23,496.65,50,90200
20231108,14:52:32,498.05,50,90200
20231108,14:52:41,493.95,50,90200
20231108,14:52:46,495.35,150,90200
20231108,14:52:51,498.3,50,90200
20231108,14:53:24,495.15,50,90200
20231108,14:53:49,496.1,100,90200
20231108,14:53:50,496.15,50,90200
20231108,14:53:55,495.7,50,90200
20231108,15:00:12,497.75,100,89800
20231108,15:00:33,497.75,200,89800
20231108,15:01:15,499.05,50,89800
20231108,15:01:17,500.8,50,89800
20231108,15:01:23,500.25,100,89800
20231108,15:06:13,499.1,100,89500
20231108,15:07:01,498.5,50,89450
20231108,15:07:33,498.5,150,89450
20231108,15:07:42,498.0,50,89450
20231108,15:12:25,498.15,50,89600
20231108,15:12:41,498.15,50,89600
20231108,15:13:01,498.2,150,89600
20231108,15:15:45,498.65,100,89450
20231108,15:17:18,498.65,50,89450
20231108,15:21:14,496.0,150,89500
20231108,15:23:30,491.0,50,89450
20231108,15:26:47,490.9,150,89400
20231108,15:27:18,491.1,200,89400
20231108,15:28:46,489.85,100,89400
20231108,15:29:36,489.85,400,89400
20231109,09:16:08,495.3,1,89400
20231109,09:16:08,495.3,100,89400
20231109,09:17:45,490.5,50,89500
20231109,09:18:00,490.5,50,89500
20231109,09:18:09,489.5,150,89500
20231109,09:18:45,489.0,200,89500
20231109,09:24:08,489.0,50,89700
20231109,09:25:20,492.5,50,89700
20231109,09:41:51,490.0,550,89750
20231109,09:42:10,493.15,200,89750
20231109,09:43:12,494.2,50,89750
20231109,09:43:57,495.85,50,89750
20231109,09:46:00,496.35,50,90400
20231109,09:47:25,497.35,50,90400
20231109,09:48:20,497.35,100,90500
20231109,09:50:48,497.35,100,90600
20231109,09:51:38,485.1,50,90600
20231109,09:53:28,500.0,1850,90600
20231109,09:55:17,505.55,350,90850
20231109,09:57:37,505.55,50,90400
20231109,10:00:25,503.9,100,90350
20231109,10:01:40,504.8,100,90350
20231109,10:05:13,505.1,50,90350
20231109,10:06:36,502.7,50,90400
20231109,10:10:19,499.35,100,90450
20231109,10:13:48,501.0,100,90550
20231109,10:17:07,504.9,200,90550
20231109,10:26:15,499.0,50,90550
20231109,10:26:28,491.55,50,90550
20231109,10:40:33,491.55,50,90650
20231109,11:06:23,497.0,50,90650
20231109,11:08:23,496.5,100,90650
20231109,11:18:04,495.4,50,90800
20231109,11:19:06,490.9,50,90800
20231109,11:25:27,495.0,50,90750
20231109,11:27:02,504.6,50,90750
20231109,11:27:03,505.4,50,90750
20231109,11:45:52,502.0,50,90700
20231109,11:46:32,505.2,500,90700
20231109,11:50:05,505.0,50,90500
20231109,11:57:50,505.0,50,90500
20231109,12:05:08,505.0,50,90550
20231109,12:05:18,505.0,100,90550
20231109,12:12:34,505.0,50,90500
20231109,12:14:27,505.05,50,90500
20231109,12:16:36,505.1,50,90550
20231109,12:16:43,505.1,100,90550
20231109,12:16:56,505.15,200,90550
20231109,12:24:14,505.2,100,90750
20231109,12:26:16,505.2,250,90750
20231109,12:26:26,505.2,400,90750
20231109,12:26:43,501.45,100,90750
20231109,12:26:51,501.4,150,90750
20231109,12:31:56,503.95,50,91300
20231109,12:38:51,500.0,50,91300
20231109,12:39:10,502.9,50,91350
20231109,12:45:20,498.0,50,91350
20231109,12:46:31,499.0,250,91350
20231109,12:48:11,496.0,100,91300
20231109,12:49:18,492.75,50,91300
20231109,12:55:45,499.0,50,91400
20231109,13:00:54,503.9,200,91400
20231109,13:03:33,496.9,50,91550
20231109,13:11:50,494.95,50,91550
20231109,13:13:16,499.45,50,91550
20231109,13:17:31,495.1,50,91550
20231109,13:24:00,501.0,50,91550
20231109,13:42:02,489.1,100,91550
20231109,13:42:03,488.05,100,91550
20231109,13:42:04,486.45,300,91550
20231109,13:42:22,489.65,100,91550
20231109,13:51:45,495.8,50,91550
20231109,13:56:51,492.0,50,91550
20231109,14:08:23,492.0,500,91550
20231109,14:09:07,499.0,50,91750
20231109,14:12:11,499.85,50,91750
20231109,14:22:43,498.7,50,91750
20231109,14:23:11,495.0,250,91750
20231109,14:26:38,492.0,500,92050
20231109,14:26:58,492.0,100,92050
20231109,14:27:00,492.0,600,92050
20231109,14:32:21,492.0,50,91950
20231109,14:32:45,492.0,250,91950
20231109,14:36:39,489.6,250,91950
20231109,14:41:05,490.0,100,92100
20231109,14:44:17,488.7,50,92050
20231109,14:45:32,489.05,50,92050
20231109,14:46:10,486.0,100,92050
20231109,14:46:18,486.0,100,92050
20231109,14:46:26,485.05,50,92050
20231109,14:47:39,485.05,250,92050
20231109,14:49:49,490.0,50,92000
20231109,14:50:30,487.0,100,92000
20231109,14:51:38,485.0,50,92150
20231109,14:51:46,485.0,100,92150
20231109,14:52:49,481.0,50,92150
20231109,14:58:15,481.0,50,92250
20231109,15:00:57,485.7,100,92200
20231109,15:01:12,480.05,200,92200
20231109,15:01:20,480.05,100,92200
20231109,15:12:12,488.95,50,92200
20231109,15:13:29,486.85,50,92250
20231109,15:13:54,486.9,50,92250
20231109,15:14:01,486.9,150,92250
20231109,15:16:37,486.0,50,92250
20231109,15:17:31,486.0,50,92250
20231109,15:22:26,483.0,600,92250
20231109,15:22:30,482.0,1100,92250
20231109,15:22:54,488.5,50,92250
20231109,15:23:22,483.05,100,92250
20231109,15:24:54,483.5,50,92250
20231109,15:27:41,481.5,50,92400
20231109,15:27:50,481.0,100,92400
20231109,15:27:59,480.0,200,92400
20231109,15:28:08,479.0,50,92400
20231109,15:28:27,477.3,100,92400
20231109,15:28:46,475.05,100,92400
20231109,15:29:13,474.45,50,92400
20231109,15:29:23,474.45,50,92400
20231109,15:29:51,485.0,200,92400
20231110,09:15:01,442.25,1,92400
20231110,09:15:01,442.25,50,92400
20231110,09:15:10,462.0,200,92400
20231110,09:15:55,434.95,50,92400
20231110,09:16:08,427.6,200,92400
20231110,09:16:15,424.75,200,92400
20231110,09:17:24,424.75,100,92400
20231110,09:17:59,432.0,250,92800
20231110,09:18:00,432.0,50,92800
20231110,09:20:12,427.0,50,92800
20231110,09:21:04,424.95,50,92950
20231110,09:21:11,424.95,50,92950
20231110,09:21:26,424.8,50,92950
20231110,09:21:33,424.8,50,92950
20231110,09:21:40,425.65,150,92950
20231110,09:21:47,425.65,300,92950
20231110,09:23:04,430.0,150,92950
20231110,09:24:38,429.9,50,92900
20231110,09:24:56,432.0,50,92900
20231110,09:25:02,434.65,250,92900
20231110,09:25:03,434.6,100,92900
20231110,09:25:05,434.2,100,92900
20231110,09:25:34,434.55,50,92900
20231110,09:26:07,435.0,200,92900
20231110,09:26:15,435.5,50,92900
20231110,09:27:21,437.0,100,93050
20231110,09:28:55,440.95,50,93050
20231110,09:29:49,435.35,100,93000
20231110,09:29:55,434.85,50,93000
20231110,09:30:14,433.1,50,93000
20231110,09:30:15,433.1,100,93000
20231110,09:30:38,433.1,100,93000
20231110,09:30:43,433.25,50,93000
20231110,09:30:50,433.25,50,93000
20231110,09:30:59,433.45,50,93000
20231110,09:34:06,430.0,100,93100
20231110,09:34:15,428.75,100,93100
20231110,09:34:21,427.25,50,93100
20231110,09:36:08,425.85,200,93050
20231110,09:37:54,426.0,200,93050
20231110,09:38:18,429.85,50,93050
20231110,09:39:25,428.4,100,93050
20231110,09:42:05,429.1,50,93100
20231110,09:44:08,431.35,150,93100
20231110,09:46:36,430.1,50,93050
20231110,09:49:13,430.1,200,93050
20231110,09:52:20,430.0,50,93200
20231110,09:53:48,432.7,50,93150
20231110,09:55:57,430.0,50,93150
20231110,09:57:50,430.0,50,93150
20231110,10:04:37,426.0,50,93200
20231110,10:06:40,429.1,50,93250
20231110,10:06:44,429.1,50,93250
20231110,10:06:45,429.1,50,93250
20231110,10:06:46,429.0,100,93250
20231110,10:12:11,434.7,50,93000
20231110,10:14:00,431.9,50,93000
20231110,10:14:03,432.35,50,93000
20231110,10:14:59,432.6,50,92950
20231110,10:15:07,434.0,450,92950
20231110,10:22:01,436.0,50,92500
20231110,10:22:14,437.7,50,92500
20231110,10:33:19,439.4,100,92500
20231110,10:33:30,440.0,50,92500
20231110,10:41:11,448.6,50,92500
20231110,10:43:20,452.45,50,92500
20231110,10:43:38,452.4,50,92500
20231110,10:46:52,447.05,50,92500
20231110,10:53:57,454.0,50,92500
20231110,10:57:27,451.0,50,92500
20231110,11:04:07,445.0,50,92550
20231110,11:06:08,447.0,50,92500
20231110,11:15:05,447.0,100,92550
20231110,11:16:31,447.0,50,92550
20231110,11:17:52,444.0,150,92600
20231110,11:23:44,452.15,100,92550
20231110,11:24:12,451.95,50,92550
20231110,11:32:44,448.7,100,92650
20231110,11:44:35,456.65,250,92750
20231110,11:44:58,455.45,250,92900
20231110,11:45:13,455.6,250,92900
20231110,11:45:36,454.95,250,92900
20231110,11:46:58,449.65,50,92900
20231110,12:00:40,451.35,50,93500
20231110,12:09:31,450.7,50,93500
20231110,12:10:58,452.0,50,93500
20231110,12:17:56,454.7,200,93450
20231110,12:18:08,450.15,50,93450
20231110,12:24:32,450.05,50,93400
20231110,12:30:48,456.85,50,93350
20231110,12:44:45,462.0,100,93400
20231110,12:45:05,465.0,100,93300
20231110,12:57:26,475.0,50,93250
20231110,13:03:57,475.05,100,93300
20231110,13:03:57,475.05,50,93300
20231110,13:04:00,475.05,200,93300
20231110,13:17:17,471.15,50,93600
20231110,13:19:15,482.0,1700,93550
20231110,13:22:49,474.15,50,94350
20231110,13:26:01,467.95,100,94350
20231110,13:26:02,467.95,50,94350
20231110,13:26:33,466.0,300,94350
20231110,13:27:54,468.0,100,94300
20231110,13:33:04,472.15,50,94300
20231110,13:56:30,465.0,50,94300
20231110,13:58:03,460.0,50,94300
20231110,13:58:06,449.25,1000,94300
20231110,13:59:09,460.05,100,94300
20231110,13:59:10,460.0,150,94300
20231110,14:24:21,446.0,50,94150
20231110,14:25:33,440.0,50,94150
20231110,14:25:34,440.0,50,94150
20231110,14:26:14,435.05,50,94150
20231110,14:26:18,433.75,50,94150
20231110,14:27:03,435.0,50,94150
20231110,14:27:28,426.05,1000,94050
20231110,14:30:17,437.05,50,94900
20231110,14:30:47,434.05,200,94900
20231110,14:33:34,438.05,100,94650
20231110,14:34:14,436.65,50,94650
20231110,14:34:31,436.25,200,94650
20231110,14:34:56,439.25,50,94650
20231110,14:35:05,440.25,50,94650
20231110,14:35:15,441.3,600,94650
20231110,14:35:24,442.0,400,94650
20231110,14:35:33,440.6,50,94650
20231110,14:39:08,446.8,50,93750
20231110,14:41:38,446.65,50,93750
20231110,14:45:18,447.0,200,93800
20231110,14:51:03,455.0,200,93800
20231110,14:57:01,453.45,50,93800
20231110,14:57:53,457.0,50,93800
20231110,15:01:24,461.0,50,93750
20231110,15:02:13,463.15,150,93750
20231110,15:03:56,484.25,1000,93750
20231110,15:04:06,484.25,650,93750
20231110,15:07:56,467.7,50,93600
20231110,15:08:01,467.0,50,93600
20231110,15:09:08,466.0,100,93600
20231110,15:09:22,465.0,50,93750
20231110,15:09:24,464.0,50,93750
20231110,15:11:18,463.9,50,93750
20231110,15:12:26,464.0,100,93850
20231110,15:16:30,466.05,300,93850
20231110,15:17:34,467.45,100,93850
20231110,15:18:11,468.0,50,93850
20231110,15:18:47,468.0,200,93650
20231110,15:18:57,468.0,350,93650
20231110,15:19:51,470.0,150,93650
20231110,15:20:00,468.0,100,93650
20231110,15:22:49,473.75,50,93850
20231110,15:24:22,478.0,150,93850
20231110,15:24:45,478.0,50,93850
20231110,15:25:51,480.0,50,93850
20231110,15:26:55,480.0,50,93850
20231110,15:27:45,483.8,50,93650
20231110,15:28:06,486.0,50,93650
20231110,15:28:48,486.0,50,93650
20231110,15:28:58,486.0,250,93650
20231110,15:29:18,484.0,50,93650
20231110,15:29:49,488.8,50,93650
20231112,18:15:01,502.0,100,93350
20231112,18:15:04,494.95,200,93350
20231112,18:15:12,500.0,450,93350
20231112,18:15:13,500.0,450,93350
20231112,18:15:14,500.0,450,93350
20231112,18:15:14,500.0,50,93350
20231112,18:17:57,506.95,200,94650
20231112,18:18:14,506.95,50,94650
20231112,18:19:16,507.3,50,94650
20231112,18:19:18,507.3,50,94650
20231112,18:19:21,507.3,450,94650
20231112,18:19:38,506.0,300,94650
20231112,18:19:39,506.0,500,94650
20231112,18:20:02,508.0,50,94650
20231112,18:20:13,508.45,100,94650
20231112,18:20:59,510.5,250,93200
20231112,18:21:02,511.0,100,93200
20231112,18:21:26,513.8,150,93200
20231112,18:21:27,514.0,50,93200
20231112,18:21:41,514.0,100,93200
20231112,18:21:51,516.0,50,93200
20231112,18:22:30,516.0,50,93200
20231112,18:22:53,516.0,50,93200
20231112,18:22:56,516.0,50,93200
20231112,18:24:12,517.0,250,93100
20231112,18:24:20,517.15,150,93100
20231112,18:24:34,517.15,50,93100
20231112,18:25:07,513.45,150,93100
20231112,18:25:08,512.45,250,93100
20231112,18:26:37,512.45,600,93350
20231112,18:27:06,513.0,1300,93350
20231112,18:27:57,514.55,300,93350
20231112,18:28:04,513.65,50,93350
20231112,18:28:11,514.55,50,93350
20231112,18:29:46,514.0,100,91850
20231112,18:31:20,515.0,50,91850
20231112,18:32:27,510.55,50,91900
20231112,18:33:03,512.45,50,91900
20231112,18:33:31,515.0,150,91900
20231112,18:34:16,513.0,200,91900
