date,time,tick_price,volume,open_interest
20231228,09:15:58,39.1,250,1700
20231228,09:16:06,39.35,450,1700
20231228,09:16:16,39.7,400,1700
20231228,09:16:26,39.85,300,1700
20231228,09:16:34,40.25,350,1700
20231228,09:16:43,40.45,50,1700
20231228,09:16:52,40.5,50,1700
20231228,09:17:09,40.7,350,1700
20231228,09:17:17,40.7,50,1700
20231228,09:17:33,40.95,50,1700
20231228,09:18:06,42.0,550,1700
20231228,09:18:14,42.0,50,1700
20231228,09:18:23,41.65,50,1700
20231228,09:18:31,41.9,100,1700
20231228,09:18:39,42.05,150,1700
20231228,09:18:56,42.2,200,1700
20231228,09:19:04,42.25,150,1700
20231228,09:19:12,42.25,50,1700
20231228,09:19:21,42.2,50,1700
20231228,09:19:29,42.45,150,1700
20231228,09:19:47,43.05,150,1700
20231228,09:19:55,42.65,300,1700
20231228,09:20:03,42.8,150,1700
20231228,09:20:12,42.85,100,1700
20231228,09:20:21,43.2,50,1700
20231228,09:20:30,43.85,50,1700
20231228,09:20:40,43.85,50,1700
20231228,09:21:28,45.35,50,2050
20231228,09:21:38,45.8,200,2050
20231228,09:21:47,45.95,150,2050
20231228,09:21:56,45.95,50,2050
20231228,09:22:07,46.5,350,2050
20231228,09:22:18,47.0,250,2050
20231228,09:22:29,47.05,50,2050
20231228,09:22:39,47.35,50,2050
20231228,09:22:59,47.35,50,2050
20231228,09:23:41,47.3,100,2050
20231228,09:23:51,47.75,200,2050
20231228,09:24:09,47.75,50,2150
20231228,09:25:03,47.55,50,2150
20231228,09:25:21,47.45,50,2150
20231228,09:26:42,46.85,50,2150
20231228,09:27:28,46.65,200,2100
20231228,09:28:08,46.55,50,2100
20231228,09:29:23,46.45,50,2100
20231228,09:30:09,45.95,50,2350
20231228,09:30:28,46.35,50,2350
20231228,09:30:47,47.0,50,2350
20231228,09:36:00,44.9,50,2300
20231228,09:37:14,44.0,500,2350
20231228,09:37:23,43.75,50,2350
20231228,09:39:58,44.2,100,2200
20231228,09:40:52,44.4,100,2200
20231228,09:42:13,44.35,150,2200
20231228,09:43:20,45.3,50,2200
20231228,09:43:31,45.3,50,2200
20231228,09:43:40,45.5,50,2200
20231228,09:46:25,46.35,250,2400
20231228,09:46:43,46.25,200,2400
20231228,09:47:20,45.5,50,2400
20231228,09:47:50,46.65,100,2400
20231228,09:50:05,47.3,150,2650
20231228,09:50:52,47.65,200,2650
20231228,09:51:10,47.95,250,2900
20231228,09:52:07,47.95,200,2900
20231228,09:53:40,48.0,100,2900
20231228,09:55:59,48.0,300,3400
20231228,09:56:30,46.25,100,3400
20231228,09:56:39,45.9,50,3400
20231228,09:57:52,44.9,50,3600
20231228,09:58:01,44.9,50,3600
20231228,09:58:10,45.1,50,3600
20231228,09:58:46,45.25,50,3600
20231228,09:59:20,45.1,100,3600
20231228,09:59:38,45.05,100,3600
20231228,10:00:24,45.2,50,3700
20231228,10:00:33,44.9,50,3700
20231228,10:00:42,44.75,50,3700
20231228,10:00:51,45.0,300,3700
20231228,10:01:27,44.8,50,3700
20231228,10:01:36,45.05,50,3700
20231228,10:02:11,44.95,50,3700
20231228,10:03:13,44.05,100,4000
20231228,10:03:46,42.5,50,4000
20231228,10:03:57,42.55,250,4000
20231228,10:04:07,42.55,150,4000
20231228,10:05:44,44.6,350,4000
20231228,10:05:53,44.9,50,4000
20231228,10:06:41,44.4,50,4300
20231228,10:07:02,43.35,150,4300
20231228,10:07:44,41.1,150,4300
20231228,10:08:36,41.95,50,4300
20231228,10:13:46,42.15,50,4500
20231228,10:15:38,42.45,50,4550
20231228,10:16:15,42.8,50,4550
20231228,10:18:19,44.1,50,4600
20231228,10:19:23,43.85,50,4600
20231228,10:20:27,43.85,50,4600
20231228,10:20:56,43.2,50,4600
20231228,10:22:29,42.2,50,4550
20231228,10:33:34,43.05,50,4550
20231228,10:34:19,42.8,50,4550
20231228,10:36:29,42.3,50,4600
20231228,10:36:38,41.65,100,4600
20231228,10:38:16,42.05,50,4600
20231228,10:38:34,41.8,50,4600
20231228,10:39:35,41.25,50,4800
20231228,10:40:10,41.25,100,4800
20231228,10:40:19,41.15,50,4800
20231228,10:40:46,40.6,50,4800
20231228,10:41:42,40.75,50,4800
20231228,10:42:36,41.05,50,5050
20231228,10:42:45,41.15,50,5050
20231228,10:43:04,41.0,200,5050
20231228,10:50:13,41.3,250,5100
20231228,10:50:23,40.9,100,5100
20231228,10:50:32,41.1,50,5100
20231228,10:50:50,40.9,50,5100
20231228,10:51:53,40.6,100,5550
20231228,10:53:04,40.0,100,5550
20231228,10:53:14,40.0,150,5550
20231228,10:54:24,40.05,100,5850
20231228,10:54:34,39.95,50,5850
20231228,10:55:01,39.65,50,5850
20231228,10:55:19,40.05,50,5850
20231228,10:56:05,40.25,50,5850
20231228,10:58:20,40.05,150,6100
20231228,11:02:31,39.9,50,6150
20231228,11:07:23,39.95,100,6200
20231228,11:08:42,41.1,200,6200
20231228,11:08:53,40.75,100,6200
20231228,11:10:05,40.65,100,6550
20231228,11:10:34,41.2,50,6550
20231228,11:10:44,41.55,250,6550
20231228,11:12:45,41.95,50,6900
20231228,11:13:03,42.05,50,6900
20231228,11:14:46,41.75,50,6900
20231228,11:15:05,41.35,200,6900
20231228,11:15:35,40.8,50,7200
20231228,11:16:24,41.05,50,7200
20231228,11:21:36,41.25,150,7250
20231228,11:22:04,41.5,100,7250
20231228,11:23:44,41.0,150,7250
20231228,11:24:04,41.1,50,7250
20231228,11:26:11,41.6,50,7700
20231228,11:26:21,41.3,50,7700
20231228,11:26:58,41.3,50,7700
20231228,11:28:29,41.1,50,7850
20231228,11:28:57,41.05,50,7850
20231228,11:29:52,41.15,50,7850
20231228,11:30:48,41.2,50,8000
20231228,11:31:36,41.25,50,8000
20231228,11:36:30,41.1,100,8000
20231228,11:36:39,40.9,50,8000
20231228,11:36:58,40.65,200,8000
20231228,11:45:12,40.9,50,8250
20231228,11:45:20,41.0,50,8250
20231228,11:47:45,40.25,300,8250
20231228,11:52:00,40.7,50,8450
20231228,11:52:51,40.4,50,8450
20231228,11:53:17,40.2,50,8450
20231228,11:53:50,40.5,50,8450
20231228,11:54:06,40.6,50,8450
20231228,11:56:11,40.65,50,8350
20231228,11:59:54,41.2,150,8350
20231228,12:00:02,41.2,50,8350
20231228,12:01:01,40.45,400,8350
20231228,12:02:23,41.45,50,8350
20231228,12:02:33,41.75,100,8350
20231228,12:10:09,41.65,50,8150
20231228,12:22:45,41.9,50,8150
20231228,12:23:10,42.05,50,8150
20231228,12:23:35,42.1,50,8150
20231228,12:24:13,42.25,50,8150
20231228,12:25:00,42.25,100,8000
20231228,12:28:14,43.05,600,8100
20231228,12:29:13,43.85,50,8100
20231228,12:29:32,43.85,50,8100
20231228,12:29:42,44.2,50,8100
20231228,12:30:19,44.05,100,8100
20231228,12:30:29,44.05,200,8150
20231228,12:30:38,44.1,50,8150
20231228,12:32:34,44.1,50,8150
20231228,12:32:52,44.05,50,8150
20231228,12:33:44,44.0,100,8250
20231228,12:36:08,42.55,200,8250
20231228,12:42:39,42.6,50,8350
20231228,12:46:40,43.45,50,8350
20231228,12:50:31,42.25,50,8350
20231228,12:50:43,41.55,50,8350
20231228,12:51:12,40.45,250,8350
20231228,12:51:58,40.8,250,8550
20231228,13:00:13,40.6,50,8400
20231228,13:02:59,40.55,50,8350
20231228,13:05:28,40.6,50,8300
20231228,13:06:26,40.45,50,8300
20231228,13:10:34,41.95,100,8300
20231228,13:18:10,41.4,50,8200
20231228,13:19:35,41.8,200,8250
20231228,13:22:47,42.15,200,8250
20231228,13:22:55,42.3,50,8250
20231228,13:26:48,42.65,50,8400
20231228,13:28:08,40.55,100,8400
20231228,13:28:28,40.2,50,8400
20231228,13:31:48,40.8,100,8450
20231228,13:32:05,40.8,50,8450
20231228,13:33:12,40.15,50,8450
20231228,13:33:20,40.25,100,8450
20231228,13:35:55,39.0,150,8700
20231228,13:38:46,39.4,50,8850
20231228,13:41:46,39.55,50,8900
20231228,13:42:02,39.4,50,8900
20231228,13:42:53,39.4,50,9000
20231228,13:48:06,39.5,250,9050
20231228,13:49:00,39.0,1750,9000
20231228,13:49:07,39.0,750,9000
20231228,13:50:45,39.7,150,9000
20231228,13:51:34,39.85,50,9000
20231228,13:52:56,40.2,50,11250
20231228,13:53:20,40.35,50,11250
20231228,13:53:58,40.5,50,11250
20231228,13:54:53,40.6,100,11250
20231228,13:55:02,40.6,50,11250
20231228,13:55:10,40.55,100,11250
20231228,13:55:27,40.6,500,11250
20231228,13:55:35,40.6,250,11250
20231228,13:55:52,40.7,1050,11250
20231228,13:57:14,40.5,50,11250
20231228,13:57:21,40.8,1800,11250
20231228,13:58:02,40.45,1800,12800
20231228,13:59:11,39.55,1900,12800
20231228,14:00:15,40.15,1500,12800
20231228,14:02:32,40.6,50,17300
20231228,14:02:41,40.75,50,17300
20231228,14:02:59,41.0,50,17300
20231228,14:03:27,41.45,50,17300
20231228,14:03:36,41.45,50,17300
20231228,14:04:22,42.0,50,17200
20231228,14:05:24,42.3,100,17200
20231228,14:07:27,41.55,100,17050
20231228,14:07:35,41.45,200,17050
20231228,14:08:24,41.6,50,17050
20231228,14:10:42,41.1,100,17300
20231228,14:10:50,40.6,700,17300
20231228,14:10:59,40.25,300,17300
20231228,14:11:16,40.25,100,17300
20231228,14:11:25,40.15,50,17300
20231228,14:11:41,40.35,150,17300
20231228,14:11:50,40.2,100,17300
20231228,14:11:58,40.15,200,17300
20231228,14:12:07,40.1,50,17300
20231228,14:12:15,40.15,50,17300
20231228,14:13:29,40.05,50,18250
20231228,14:15:55,39.8,150,18250
20231228,14:18:06,39.5,50,18250
20231228,14:18:34,38.8,50,18250
20231228,14:19:10,38.4,200,18450
20231228,14:19:55,38.4,50,18450
20231228,14:20:05,38.85,100,18450
20231228,14:20:31,38.7,50,18450
20231228,14:20:56,38.85,150,18450
20231228,14:21:54,39.5,100,18350
20231228,14:22:02,39.55,50,18350
20231228,14:22:44,40.25,50,18350
20231228,14:23:57,40.5,50,18350
20231228,14:24:05,40.7,50,18350
20231228,14:25:42,40.35,200,18600
20231228,14:28:06,40.8,200,18150
20231228,14:29:22,40.8,300,18150
20231228,14:29:47,40.5,150,18150
20231228,14:31:04,40.15,50,18350
20231228,14:31:54,40.3,50,18350
20231228,14:32:11,40.7,200,18350
20231228,14:33:09,40.55,100,18350
20231228,14:33:17,40.5,50,18350
20231228,14:35:06,40.6,150,18050
20231228,14:37:52,40.3,50,18050
20231228,14:38:26,40.0,50,18050
20231228,14:40:00,39.5,50,18000
20231228,14:40:27,38.95,100,18000
20231228,14:40:35,38.7,50,18000
20231228,14:41:09,38.3,100,18000
20231228,14:42:24,38.3,50,18000
20231228,14:43:40,38.45,50,18150
20231228,14:43:57,38.45,50,18150
20231228,14:45:05,38.45,100,18150
20231228,14:46:01,38.3,150,18350
20231228,14:48:08,37.55,100,18350
20231228,14:48:17,37.35,150,18350
20231228,14:48:27,37.25,100,18350
20231228,14:48:37,37.15,100,18350
20231228,14:48:58,36.4,50,18600
20231228,14:49:30,36.4,250,18600
20231228,14:50:16,36.55,50,18600
20231228,14:50:24,36.55,100,18600
20231228,14:50:42,36.4,50,18600
20231228,14:51:08,36.25,50,18600
20231228,14:51:17,36.25,150,18600
20231228,14:51:35,36.35,950,18600
20231228,14:51:59,36.35,100,19000
20231228,14:53:06,36.2,150,19000
20231228,14:53:14,36.25,300,19000
20231228,14:53:22,36.05,150,19000
20231228,14:53:31,36.05,150,19000
20231228,14:55:12,36.2,50,19850
20231228,14:55:32,36.65,200,19850
20231228,14:57:36,36.9,200,19850
20231228,14:57:45,37.4,300,19850
20231228,14:59:32,37.3,50,20350
20231228,15:00:26,38.2,50,20350
20231228,15:00:35,38.45,50,20350
20231228,15:00:44,38.1,50,20350
20231228,15:01:23,38.1,50,20200
20231228,15:01:32,37.45,100,20200
20231228,15:01:41,37.85,200,20200
20231228,15:01:51,37.4,1100,20200
20231228,15:03:22,37.4,100,20200
20231228,15:05:58,38.05,100,20400
20231228,15:06:17,38.05,50,20400
20231228,15:07:10,37.8,50,20450
20231228,15:07:27,37.65,50,20450
20231228,15:07:55,37.75,50,20450
20231228,15:08:04,37.6,50,20450
20231228,15:09:00,37.3,50,20450
20231228,15:09:10,37.4,50,20450
20231228,15:09:20,37.15,50,20450
20231228,15:09:30,37.0,50,20450
20231228,15:09:39,36.8,50,20450
20231228,15:09:48,36.45,100,20450
20231228,15:09:59,36.15,50,20500
20231228,15:10:09,35.75,100,20500
20231228,15:10:29,35.35,150,20500
20231228,15:10:38,35.2,150,20500
20231228,15:10:47,35.1,250,20500
20231228,15:11:04,35.05,50,20500
20231228,15:11:57,34.75,50,20500
20231228,15:12:06,34.5,450,20500
20231228,15:12:24,34.1,400,20500
20231228,15:12:33,34.0,100,20500
20231228,15:12:42,33.9,50,20500
20231228,15:12:59,33.9,200,21550
20231228,15:13:08,33.8,50,21550
20231228,15:13:45,33.2,50,21550
20231228,15:14:11,33.2,50,21550
20231228,15:14:23,33.35,50,21550
20231228,15:14:42,33.2,50,21550
20231228,15:15:09,33.45,500,21550
20231228,15:18:00,33.55,50,22000
20231228,15:18:09,33.65,200,22000
20231228,15:18:18,33.65,100,22000
20231228,15:18:39,33.45,50,22000
20231228,15:21:03,33.7,50,22000
20231228,15:21:11,33.4,350,22000
20231228,15:23:09,32.8,200,22100
20231228,15:23:44,32.8,300,22100
20231228,15:24:07,32.95,100,22100
20231228,15:24:29,32.65,150,22100
20231228,15:24:39,32.75,50,22100
20231228,15:24:51,32.6,200,22550
20231228,15:25:02,32.6,450,22550
20231228,15:25:13,33.9,500,22550
20231228,15:25:25,34.0,100,22550
20231228,15:26:03,34.0,50,22550
20231228,15:26:34,32.65,100,22550
20231228,15:27:04,33.15,50,22550
20231228,15:27:51,32.5,50,22550
20231228,15:28:01,32.2,850,23100
20231228,15:28:10,32.2,50,23100
20231228,15:28:49,32.75,50,23100
20231228,15:29:29,33.4,300,23100
20231228,15:29:46,33.5,100,23100
20231229,09:15:08,34.3,1,23600
20231229,09:15:08,34.3,700,23600
20231229,09:15:15,30.8,150,23600
20231229,09:15:20,30.8,50,23600
20231229,09:15:54,30.95,250,23600
20231229,09:17:02,29.45,50,23600
20231229,09:17:16,29.45,50,23600
20231229,09:17:22,29.95,300,24250
20231229,09:17:27,30.0,100,24250
20231229,09:17:32,29.95,50,24250
20231229,09:17:37,29.95,350,24250
20231229,09:17:42,29.85,100,24250
20231229,09:17:46,29.85,50,24250
20231229,09:17:59,29.55,50,24250
20231229,09:18:07,29.7,50,24250
20231229,09:18:45,29.35,150,24250
20231229,09:18:52,29.35,50,24250
20231229,09:18:59,29.35,50,24250
20231229,09:19:06,29.3,50,24250
20231229,09:19:54,29.2,50,24250
20231229,09:20:08,28.85,250,24250
20231229,09:20:15,29.1,350,25500
20231229,09:20:21,29.2,150,25500
20231229,09:20:28,29.65,200,25500
20231229,09:20:57,30.2,50,25500
20231229,09:21:24,30.2,50,25500
20231229,09:21:45,29.6,100,25500
20231229,09:21:52,29.15,50,25500
20231229,09:21:59,29.1,50,25500
20231229,09:22:08,29.25,300,25500
20231229,09:22:17,29.2,100,25500
20231229,09:22:26,29.0,1750,25500
20231229,09:22:33,28.95,50,25500
20231229,09:23:07,28.95,50,25500
20231229,09:23:21,29.05,100,27600
20231229,09:24:11,29.6,250,27600
20231229,09:24:18,29.55,200,27600
20231229,09:25:37,29.85,200,27600
20231229,09:26:42,29.9,50,27500
20231229,09:27:05,30.25,50,27500
20231229,09:27:35,30.55,50,27500
20231229,09:28:21,30.9,150,27500
20231229,09:28:28,30.9,200,27500
20231229,09:29:19,31.25,50,27300
20231229,09:29:56,31.0,200,27300
20231229,09:30:03,31.15,50,27300
20231229,09:30:26,31.15,50,27300
20231229,09:30:55,31.25,100,27300
20231229,09:31:25,31.1,50,27300
20231229,09:31:33,31.0,50,27300
20231229,09:31:41,30.95,50,27300
20231229,09:32:46,30.45,50,27300
20231229,09:33:48,30.4,150,27300
20231229,09:34:04,30.5,250,27300
20231229,09:35:35,31.9,50,27650
20231229,09:37:26,31.6,300,27650
20231229,09:38:55,30.95,100,27750
20231229,09:39:01,30.7,300,27750
20231229,09:39:46,30.6,150,27750
20231229,09:40:08,30.4,400,27750
20231229,09:40:16,30.15,200,27750
20231229,09:40:53,30.0,100,27750
20231229,09:41:15,30.25,50,28450
20231229,09:41:30,30.2,50,28450
20231229,09:41:38,30.2,150,28450
20231229,09:41:52,30.05,50,28450
20231229,09:42:25,30.2,50,28450
20231229,09:43:01,30.85,1050,28450
20231229,09:45:05,30.2,250,28450
20231229,09:45:32,30.45,50,28450
20231229,09:46:35,30.25,50,28450
20231229,09:46:42,30.1,200,28450
20231229,09:47:38,30.2,100,28700
20231229,09:48:11,30.1,100,28700
20231229,09:48:39,30.75,100,28700
20231229,09:48:46,30.85,200,28700
20231229,09:48:53,30.8,50,28700
20231229,09:50:19,30.65,50,28800
20231229,09:51:57,30.8,50,28800
20231229,09:55:23,30.2,150,28850
20231229,09:55:37,30.2,50,28850
20231229,09:58:37,29.55,200,28900
20231229,09:58:45,29.6,150,28900
20231229,09:59:31,29.25,100,28800
20231229,09:59:38,29.2,50,28800
20231229,09:59:46,28.9,150,28800
20231229,09:59:54,28.9,150,28800
20231229,10:00:02,28.85,50,28800
20231229,10:00:10,28.75,150,28800
20231229,10:00:17,29.15,50,28800
20231229,10:00:27,29.15,100,28800
20231229,10:00:52,29.0,750,28800
20231229,10:01:07,28.85,450,28800
20231229,10:01:58,29.0,100,28800
20231229,10:02:05,29.1,50,28800
20231229,10:02:13,29.15,100,28800
20231229,10:03:39,29.7,50,30400
20231229,10:03:55,29.9,50,30400
20231229,10:04:09,29.95,50,30400
20231229,10:04:17,29.8,50,30400
20231229,10:04:24,29.8,50,30400
20231229,10:04:31,29.7,150,30400
20231229,10:04:59,29.65,50,30400
20231229,10:05:28,29.3,50,30300
20231229,10:06:10,29.55,50,30300
20231229,10:06:17,29.7,100,30300
20231229,10:06:25,29.65,50,30300
20231229,10:07:23,29.1,300,30300
20231229,10:07:46,28.65,50,30300
20231229,10:08:14,28.15,50,30300
20231229,10:08:32,28.0,50,30400
20231229,10:09:59,26.9,50,30400
20231229,10:10:50,26.7,150,30400
20231229,10:11:14,26.3,50,30400
20231229,10:12:32,26.1,50,29850
20231229,10:14:43,25.45,200,29850
20231229,10:14:53,25.3,350,29850
20231229,10:15:03,25.2,500,29850
20231229,10:15:30,25.25,100,29850
20231229,10:17:28,25.7,50,30650
20231229,10:17:36,25.8,50,30650
20231229,10:19:09,25.75,50,30650
20231229,10:19:42,25.95,250,30650
20231229,10:20:07,26.2,450,30650
20231229,10:20:31,26.05,100,30700
20231229,10:21:33,26.25,50,30700
20231229,10:21:41,26.5,50,30700
20231229,10:22:27,26.55,50,30700
20231229,10:23:05,26.25,50,30700
20231229,10:23:26,26.25,50,30800
20231229,10:25:00,27.05,50,30800
20231229,10:25:59,27.0,50,30800
20231229,10:27:21,26.95,50,30950
20231229,10:28:04,26.85,50,30950
20231229,10:28:11,26.8,50,30950
20231229,10:28:33,26.75,50,30950
20231229,10:28:54,26.55,200,30950
20231229,10:29:02,26.45,200,30950
20231229,10:29:17,26.65,50,30950
20231229,10:30:35,26.75,50,31000
20231229,10:31:14,26.55,150,31000
20231229,10:32:38,26.9,50,30900
20231229,10:32:54,26.55,50,30900
20231229,10:33:09,26.65,100,30900
20231229,10:33:25,26.65,50,30900
20231229,10:33:47,26.6,100,30900
20231229,10:34:10,26.75,50,30900
20231229,10:34:38,26.85,50,30900
20231229,10:36:55,27.05,50,30850
20231229,10:37:03,27.25,50,30850
20231229,10:37:11,27.4,50,30850
20231229,10:37:48,27.1,100,30850
20231229,10:38:46,27.0,50,30850
20231229,10:40:05,27.25,50,30850
20231229,10:41:16,26.75,200,30850
20231229,10:42:03,26.9,50,31150
20231229,10:42:10,27.0,50,31150
20231229,10:45:35,27.1,100,31150
20231229,10:45:42,27.2,50,31150
20231229,10:46:47,27.85,50,31150
20231229,10:46:56,27.7,150,31150
20231229,10:47:13,27.65,50,31150
20231229,10:49:21,27.05,50,31150
20231229,10:49:46,27.35,50,31150
20231229,10:50:18,27.55,50,31150
20231229,10:50:59,27.2,50,31250
20231229,10:54:29,26.6,50,31300
20231229,10:54:37,26.55,50,31300
20231229,10:54:46,26.6,50,31300
20231229,10:54:55,26.8,50,31300
20231229,10:55:45,26.6,50,31300
20231229,10:57:52,26.6,250,31350
20231229,10:58:55,26.55,50,31350
20231229,10:59:20,26.45,50,31350
20231229,10:59:44,26.25,250,31200
20231229,11:00:32,26.4,50,31200
20231229,11:02:09,26.4,50,31200
20231229,11:02:33,26.45,100,31200
20231229,11:04:15,26.55,50,31200
20231229,11:04:31,26.6,50,31200
20231229,11:06:13,26.45,350,31100
20231229,11:06:53,26.45,50,31100
20231229,11:07:08,26.45,50,31100
20231229,11:10:45,26.5,50,31450
20231229,11:19:18,27.5,50,31000
20231229,11:20:16,27.75,100,31000
20231229,11:21:05,27.75,50,30950
20231229,11:22:10,27.35,50,30950
20231229,11:25:11,27.8,50,31000
20231229,11:28:42,27.85,50,31050
20231229,11:29:40,27.4,50,31050
20231229,11:30:19,27.6,50,30900
20231229,11:33:30,27.2,100,31000
20231229,11:35:18,28.2,100,31000
20231229,11:35:58,28.4,150,31000
20231229,11:40:18,28.45,50,30850
20231229,11:45:43,27.75,200,30800
20231229,12:00:30,28.1,50,30800
20231229,12:00:54,27.75,50,30800
20231229,12:01:42,27.4,500,30800
20231229,12:19:49,28.05,50,30550
20231229,12:30:16,27.1,100,30500
20231229,12:30:50,26.8,250,30500
20231229,12:31:09,26.55,250,30500
20231229,12:35:01,27.25,50,30850
20231229,12:35:09,27.3,300,30850
20231229,12:35:24,27.15,50,30850
20231229,12:35:39,27.05,50,31100
20231229,12:36:10,26.9,50,31100
20231229,12:39:30,26.5,50,31100
20231229,12:40:29,26.1,50,31100
20231229,12:42:30,25.8,50,31100
20231229,12:43:18,26.4,50,31100
20231229,12:48:38,25.05,50,31100
20231229,12:51:49,25.05,50,31100
20231229,12:51:57,25.1,50,31100
20231229,12:52:35,25.05,50,31100
20231229,12:53:14,25.1,50,31100
20231229,12:53:53,25.45,50,31300
20231229,12:54:31,25.5,50,31300
20231229,12:54:46,25.45,50,31300
20231229,12:55:39,25.45,50,31300
20231229,12:56:25,25.5,50,31300
20231229,12:56:54,25.45,100,31450
20231229,12:57:10,25.35,300,31450
20231229,12:57:17,25.4,100,31450
20231229,12:57:31,25.2,650,31450
20231229,12:58:54,25.3,50,31450
20231229,12:59:02,25.05,1500,31450
20231229,12:59:52,25.0,350,32250
20231229,13:00:01,24.8,150,32250
20231229,13:00:09,24.8,350,32250
20231229,13:00:25,24.9,50,32250
20231229,13:00:33,24.95,300,32250
20231229,13:00:41,24.8,700,32250
20231229,13:00:49,24.95,50,32250
20231229,13:01:29,25.2,100,32250
20231229,13:02:24,24.85,200,32250
20231229,13:02:32,24.8,50,32250
20231229,13:02:41,24.95,100,33550
20231229,13:03:14,24.6,500,33550
20231229,13:03:31,24.6,50,33550
20231229,13:03:39,24.85,50,33550
20231229,13:03:55,24.8,350,33550
20231229,13:04:12,25.05,200,33550
20231229,13:04:20,24.95,100,33550
20231229,13:04:37,24.95,50,33550
20231229,13:04:53,25.05,50,33550
20231229,13:05:10,25.05,50,33550
20231229,13:05:34,25.1,100,33550
20231229,13:06:45,25.25,50,33450
20231229,13:07:08,25.25,50,33450
20231229,13:07:47,25.15,50,33450
20231229,13:08:41,25.4,50,33550
20231229,13:09:04,25.4,50,33550
20231229,13:09:11,25.35,50,33550
20231229,13:09:27,25.45,50,33550
20231229,13:10:13,25.2,200,33550
20231229,13:10:28,25.0,50,33550
20231229,13:10:52,24.95,250,33550
20231229,13:13:12,25.3,50,33100
20231229,13:13:27,25.4,50,33100
20231229,13:13:50,25.65,100,33100
20231229,13:15:25,25.9,50,32900
20231229,13:17:47,25.95,50,32900
20231229,13:20:06,25.45,50,32900
20231229,13:28:59,24.85,100,32750
20231229,13:29:07,24.9,550,32750
20231229,13:29:30,25.05,50,32750
20231229,13:29:38,24.7,150,32750
20231229,13:30:12,24.4,100,32750
20231229,13:30:47,24.5,200,32750
20231229,13:30:55,24.4,150,32750
20231229,13:31:20,24.3,100,32750
20231229,13:31:28,24.25,100,32750
20231229,13:32:49,24.25,50,32750
20231229,13:35:37,24.55,100,32950
20231229,13:36:20,24.75,200,32900
20231229,13:37:21,24.4,50,32900
20231229,13:37:29,24.4,50,32900
20231229,13:38:15,24.25,50,32900
20231229,13:41:25,24.3,50,32300
20231229,13:41:42,24.15,50,32300
20231229,13:41:58,24.15,50,32400
20231229,13:42:30,24.4,150,32400
20231229,13:43:02,24.5,50,32400
20231229,13:44:39,24.8,50,32400
20231229,13:44:48,24.9,50,32400
20231229,13:45:04,24.85,50,32500
20231229,13:46:13,24.95,50,32500
20231229,13:46:37,25.0,50,32500
20231229,13:47:49,24.85,400,32500
20231229,14:04:33,24.8,50,32400
20231229,14:06:45,24.55,50,32450
20231229,14:08:50,23.7,100,32450
20231229,14:09:46,23.7,200,32350
20231229,14:09:54,23.6,150,32350
20231229,14:10:25,23.55,50,32350
20231229,14:11:19,23.45,50,32350
20231229,14:11:43,23.45,100,32350
20231229,14:12:31,23.25,450,32400
20231229,14:14:03,22.55,100,32400
20231229,14:14:21,22.55,100,32400
20231229,14:14:57,22.1,50,32400
20231229,14:15:24,22.1,50,32400
20231229,14:18:32,21.95,50,32400
20231229,14:18:55,21.85,50,32400
20231229,14:19:12,21.65,350,32400
20231229,14:19:46,21.5,50,32400
20231229,14:20:19,21.2,100,32400
20231229,14:20:36,21.2,50,32400
20231229,14:21:01,21.35,50,32350
20231229,14:22:48,21.45,50,32350
20231229,14:23:06,21.65,50,32350
20231229,14:23:22,21.55,100,32350
20231229,14:23:39,21.7,50,32350
20231229,14:23:47,21.65,50,32350
20231229,14:23:56,21.55,100,32450
20231229,14:24:06,21.45,100,32450
20231229,14:24:31,21.35,50,32450
20231229,14:24:39,21.35,350,32450
20231229,14:24:48,21.15,150,32450
20231229,14:25:17,21.15,50,32450
20231229,14:27:56,21.15,50,33150
20231229,14:30:31,21.8,50,33000
20231229,14:31:55,22.0,100,33000
20231229,14:33:08,22.1,50,33000
20231229,14:33:17,22.3,50,33000
20231229,14:33:34,22.2,50,33000
20231229,14:34:45,22.55,50,33000
20231229,14:34:54,22.7,100,33000
20231229,14:37:14,24.05,250,32200
20231229,14:37:23,24.1,50,32200
20231229,14:37:32,24.4,100,32200
20231229,14:37:41,24.3,50,32200
20231229,14:37:49,24.2,50,32200
20231229,14:52:49,24.5,50,31900
20231229,14:53:56,24.6,50,31900
20231229,14:54:04,24.65,150,31900
20231229,14:54:13,24.45,150,31900
20231229,14:54:46,24.75,150,31900
20231229,15:00:22,26.6,50,31950
20231229,15:00:32,26.05,250,31950
20231229,15:00:49,26.2,50,31950
20231229,15:01:24,26.7,50,31950
20231229,15:01:52,27.15,50,31950
20231229,15:02:11,26.8,100,31950
20231229,15:02:30,26.0,50,31950
20231229,15:02:58,25.55,50,31950
20231229,15:04:16,25.9,100,32150
20231229,15:04:34,25.95,50,32150
20231229,15:05:30,25.7,50,32150
20231229,15:05:38,25.75,50,32150
20231229,15:05:47,25.7,50,32150
20231229,15:05:55,25.5,350,32150
20231229,15:06:04,25.45,50,32150
20231229,15:06:22,25.05,150,32200
20231229,15:06:32,24.9,100,32200
20231229,15:06:41,25.1,50,32200
20231229,15:06:59,25.15,50,32200
20231229,15:07:26,25.45,100,32200
20231229,15:09:21,24.25,150,32250
20231229,15:09:31,24.7,300,32250
20231229,15:09:41,24.7,50,32250
20231229,15:10:06,25.0,150,32250
20231229,15:10:33,24.7,350,32250
20231229,15:11:33,25.2,100,32250
20231229,15:12:15,24.75,150,32200
20231229,15:12:24,24.8,50,32200
20231229,15:12:42,24.55,50,32200
20231229,15:14:04,24.15,50,32200
20231229,15:14:21,24.2,350,32200
20231229,15:14:30,24.25,50,32200
20231229,15:15:22,24.3,350,32300
20231229,15:16:05,24.55,50,32300
20231229,15:16:13,24.55,200,32300
20231229,15:16:22,24.65,50,32300
20231229,15:16:30,24.6,50,32300
20231229,15:16:47,24.65,50,32300
20231229,15:16:55,24.55,50,32300
20231229,15:17:04,24.55,100,32300
20231229,15:17:29,24.65,50,32300
20231229,15:17:53,24.35,50,32300
20231229,15:18:19,24.55,250,32050
20231229,15:19:01,24.6,100,32050
20231229,15:19:09,24.3,100,32050
20231229,15:19:51,24.3,100,32050
20231229,15:20:10,24.15,50,32050
20231229,15:21:57,24.15,300,32250
20231229,15:23:12,24.1,50,32250
20231229,15:23:29,24.15,300,32250
20231229,15:23:37,23.95,50,32250
20231229,15:23:46,23.95,50,32250
20231229,15:24:38,23.6,50,32250
20231229,15:25:03,23.25,50,32250
20231229,15:26:21,23.15,100,32250
20231229,15:27:01,23.0,100,32250
20231229,15:27:10,23.1,500,32150
20231229,15:27:18,23.15,250,32150
20231229,15:28:01,23.5,50,32150
20231229,15:28:44,24.1,50,32150
20231229,15:29:10,23.85,300,32150
20231229,15:29:19,23.55,50,32150
20231229,15:29:28,23.55,50,32150
20240101,09:17:10,21.3,1,31350
20240101,09:17:10,21.4,150,31350
20240101,09:17:43,21.0,200,31300
20240101,09:18:10,20.95,50,31300
20240101,09:20:28,19.6,50,31100
20240101,09:20:38,19.45,200,31100
20240101,09:22:38,19.45,800,31100
20240101,09:22:55,19.75,50,31100
20240101,09:24:10,19.75,50,31350
20240101,09:24:18,19.7,50,31350
20240101,09:24:26,19.65,1250,31350
20240101,09:24:42,19.7,50,31350
20240101,09:25:32,19.8,250,31350
20240101,09:25:40,19.85,450,31350
20240101,09:25:49,19.9,50,31350
20240101,09:26:31,19.7,50,31350
20240101,09:28:20,19.65,50,31350
20240101,09:29:26,19.25,500,31450
20240101,09:29:58,19.0,100,31450
20240101,09:30:32,18.95,250,31450
20240101,09:31:41,18.65,50,31450
20240101,09:31:49,18.5,50,31450
20240101,09:35:07,18.5,400,32250
20240101,09:35:58,19.1,50,32050
20240101,09:36:41,19.2,50,32050
20240101,09:37:14,19.1,50,32050
20240101,09:38:12,19.0,50,32050
20240101,09:38:37,18.8,50,31900
20240101,09:38:53,18.9,50,31900
20240101,09:40:09,18.55,200,31900
20240101,09:44:39,18.65,50,31900
20240101,09:44:47,18.5,50,31900
20240101,09:44:56,18.45,100,31900
20240101,09:46:44,18.8,50,31900
20240101,09:47:03,18.9,100,31900
20240101,09:47:20,18.8,450,31900
20240101,09:47:37,18.7,50,32300
20240101,09:48:50,18.75,50,32300
20240101,09:49:25,19.1,50,32300
20240101,09:49:35,19.15,200,32300
20240101,09:50:26,19.45,50,32300
20240101,09:53:39,19.55,50,32300
20240101,09:54:06,19.9,150,32300
20240101,09:54:15,19.95,50,32300
20240101,09:54:48,19.75,150,32300
20240101,09:56:21,20.15,200,32300
20240101,09:57:05,19.65,50,32450
20240101,10:08:14,19.15,50,32450
20240101,10:11:25,18.65,50,32450
20240101,10:11:33,18.75,50,32400
20240101,10:11:57,18.65,50,32400
20240101,10:12:21,18.65,50,32400
20240101,10:12:30,18.75,50,32400
20240101,10:12:38,18.8,50,32400
20240101,10:12:46,18.85,50,32400
20240101,10:13:25,18.95,50,32400
20240101,10:14:13,19.0,250,32400
20240101,10:14:52,19.0,50,32300
20240101,10:15:07,18.9,50,32300
20240101,10:16:35,18.8,100,32300
20240101,10:21:42,18.4,150,32250
20240101,10:21:50,18.4,100,32250
20240101,10:22:08,18.25,50,32250
20240101,10:22:16,18.25,150,32250
20240101,10:22:25,18.2,100,32250
20240101,10:26:33,18.2,50,32500
20240101,10:27:08,18.55,50,32550
20240101,10:27:17,18.5,100,32550
20240101,10:30:03,18.5,50,32450
20240101,10:32:24,18.7,100,32450
20240101,10:38:35,18.5,50,32450
20240101,10:41:33,18.6,50,32450
20240101,10:43:42,19.05,50,32550
20240101,10:46:48,19.2,50,32600
20240101,10:47:05,19.1,50,32600
20240101,10:47:22,18.95,50,32600
20240101,10:47:30,18.9,50,32600
20240101,10:54:51,19.6,50,32600
20240101,10:54:59,19.8,50,32600
20240101,10:56:01,19.6,50,32600
20240101,10:57:59,19.45,50,32500
20240101,11:03:35,18.85,50,32550
20240101,11:06:29,18.95,100,32550
20240101,11:07:07,19.25,50,32550
20240101,11:15:54,19.5,50,32450
20240101,11:17:42,19.15,50,32450
20240101,11:19:59,19.4,50,32450
20240101,11:23:44,19.25,50,32500
20240101,11:26:32,19.2,50,32500
20240101,11:26:39,19.2,250,32500
20240101,11:26:47,19.2,50,32500
20240101,11:28:55,19.15,50,32500
20240101,11:33:51,18.7,50,32500
20240101,11:38:00,18.85,50,32400
20240101,11:43:21,18.65,100,32350
20240101,11:49:07,18.25,50,32350
20240101,11:58:54,18.4,50,32350
20240101,11:59:10,18.4,50,32350
20240101,12:09:25,18.1,100,32400
20240101,12:13:49,17.95,100,32450
20240101,12:18:36,17.8,50,32350
20240101,12:18:44,17.8,50,32350
20240101,12:18:59,17.65,50,32350
20240101,12:24:00,17.25,50,32300
20240101,12:24:49,17.25,50,32300
20240101,12:39:16,16.65,100,32200
20240101,12:39:24,16.65,100,32200
20240101,12:41:03,16.5,50,32200
20240101,12:42:09,16.45,50,32250
20240101,12:42:23,16.45,100,32250
20240101,12:42:38,16.4,100,32250
20240101,12:42:53,16.4,50,32250
20240101,12:43:00,16.5,100,32250
20240101,12:48:53,16.9,50,32400
20240101,12:50:06,16.85,50,32400
20240101,12:51:28,16.85,50,32400
20240101,12:51:43,16.8,50,32500
20240101,12:52:57,16.9,100,32500
20240101,12:53:05,16.95,100,32500
20240101,12:53:55,17.3,50,32500
20240101,12:57:12,17.6,50,32200
20240101,12:57:41,17.6,50,32200
20240101,12:58:18,17.5,50,32200
20240101,13:00:56,17.5,50,32050
20240101,13:01:03,17.65,350,32050
20240101,13:01:36,17.5,50,32050
20240101,13:04:09,17.55,50,31900
20240101,13:04:17,17.45,650,31900
20240101,13:04:24,17.4,150,31900
20240101,13:04:32,17.3,100,31900
20240101,13:04:55,17.2,400,31900
20240101,13:05:02,17.2,200,31900
20240101,13:05:10,17.25,550,31900
20240101,13:05:34,17.3,50,31900
20240101,13:11:16,17.05,250,33200
20240101,13:11:24,17.05,50,33200
20240101,13:11:31,17.05,150,33200
20240101,13:11:39,17.0,100,33200
20240101,13:13:02,17.05,50,33600
20240101,13:20:09,17.25,50,33550
20240101,13:22:42,17.45,250,33550
20240101,13:30:00,17.35,100,33600
20240101,13:30:18,17.5,50,33550
20240101,13:31:04,17.2,100,33550
20240101,13:31:29,17.2,100,33550
20240101,13:31:37,17.1,100,33550
20240101,13:48:30,17.45,50,33400
20240101,13:49:22,17.35,100,33400
20240101,13:49:52,17.6,50,33400
20240101,13:51:34,17.55,450,33250
20240101,13:51:42,17.5,200,33250
20240101,13:51:50,17.5,300,33250
20240101,13:55:03,17.55,100,34050
20240101,13:56:57,17.6,150,34050
20240101,13:57:06,17.75,100,33950
20240101,13:57:25,18.0,550,33950
20240101,13:57:45,17.8,800,33950
20240101,13:58:02,17.95,100,33950
20240101,13:58:13,18.05,200,33950
20240101,13:58:40,18.05,50,33950
20240101,13:58:57,18.05,200,33950
20240101,13:59:06,18.15,100,33950
20240101,13:59:41,18.05,100,33950
20240101,14:00:14,18.1,50,33350
20240101,14:00:22,18.1,500,33350
20240101,14:00:31,18.2,150,33350
20240101,14:00:39,18.2,50,33350
20240101,14:02:12,19.1,100,33350
20240101,14:02:53,19.55,50,33350
20240101,14:03:03,19.75,50,33350
20240101,14:03:22,19.3,300,33100
20240101,14:04:13,19.45,50,33100
20240101,14:05:15,20.2,50,33100
20240101,14:06:30,19.95,100,32900
20240101,14:06:39,19.95,150,32900
20240101,14:06:49,19.95,350,32900
20240101,14:07:07,19.95,100,32900
20240101,14:08:08,20.0,50,32900
20240101,14:08:50,19.8,50,32900
20240101,14:09:41,19.85,50,33200
20240101,14:10:15,19.85,50,33200
20240101,14:10:50,19.9,300,33200
20240101,14:12:09,20.5,50,33600
20240101,14:12:46,20.5,300,33600
20240101,14:13:55,20.85,200,33600
20240101,14:14:25,20.95,200,33600
20240101,14:14:34,21.1,50,33600
20240101,14:15:48,20.95,50,34200
20240101,14:16:15,21.1,300,34200
20240101,14:16:41,21.05,1000,34200
20240101,14:16:50,21.05,150,34200
20240101,14:16:59,21.0,50,34200
20240101,14:17:07,21.0,150,34200
20240101,14:17:15,21.0,750,34200
20240101,14:17:32,21.0,150,34200
20240101,14:18:00,21.45,150,34200
20240101,14:18:11,21.15,150,35100
20240101,14:18:21,21.15,50,35100
20240101,14:18:30,21.15,50,35100
20240101,14:19:26,21.2,150,35100
20240101,14:19:53,21.25,450,35100
20240101,14:21:42,21.6,650,35250
20240101,14:22:27,21.25,600,35250
20240101,14:23:42,21.25,50,35250
20240101,14:24:01,21.5,500,35250
20240101,14:24:10,21.5,50,35250
20240101,14:24:20,21.5,700,34900
20240101,14:24:29,21.65,50,34900
20240101,14:24:48,21.65,50,34900
20240101,14:24:57,21.55,50,34900
20240101,14:25:25,21.35,50,34900
20240101,14:25:44,21.35,100,34900
20240101,14:27:15,20.95,150,35100
20240101,14:27:33,21.0,50,35100
20240101,14:28:00,20.85,50,35100
20240101,14:28:09,21.05,50,35100
20240101,14:29:01,21.0,1800,35100
20240101,14:29:10,21.15,100,35100
20240101,14:29:27,20.9,200,35100
20240101,14:29:36,21.05,100,35100
20240101,14:30:58,21.65,50,36800
20240101,14:31:06,21.7,800,36800
20240101,14:31:16,21.55,500,36800
20240101,14:31:34,21.7,50,36800
20240101,14:32:19,21.6,100,36800
20240101,14:32:44,21.75,500,36800
20240101,14:33:42,21.75,50,35400
20240101,14:33:50,21.8,500,35400
20240101,14:33:59,21.9,200,35400
20240101,14:34:41,21.85,500,35400
20240101,14:34:57,21.95,500,35400
20240101,14:35:14,22.0,500,35400
20240101,14:35:23,22.25,4400,35400
20240101,14:37:25,22.25,650,35250
20240101,14:37:33,22.2,1250,35250
20240101,14:38:15,22.0,50,35250
20240101,14:38:48,21.45,100,35250
20240101,14:38:56,21.5,50,35250
20240101,14:39:05,21.4,50,35250
20240101,14:39:22,21.2,100,34300
20240101,14:39:47,21.1,50,34300
20240101,14:41:00,21.35,50,34300
20240101,14:41:16,21.35,100,34300
20240101,14:41:46,21.35,200,34300
20240101,14:42:05,21.8,100,34300
20240101,14:42:26,22.0,550,34250
20240101,14:42:37,22.1,100,34250
20240101,14:42:48,22.25,1000,34250
20240101,14:43:50,22.85,1000,34250
20240101,14:44:01,22.8,500,34250
20240101,14:44:42,23.4,50,34250
20240101,14:44:52,23.4,250,34250
20240101,14:45:03,23.4,550,34250
20240101,14:45:22,23.8,4500,32150
20240101,14:45:32,23.95,150,32150
20240101,14:45:41,23.75,100,32150
20240101,14:46:00,23.85,700,32150
20240101,14:46:09,24.1,1050,32150
20240101,14:46:19,24.1,50,32150
20240101,14:46:28,24.25,100,32150
20240101,14:46:48,23.9,50,32150
20240101,14:47:06,24.1,150,32150
20240101,14:47:15,24.25,450,32150
20240101,14:47:42,24.2,50,32150
20240101,14:48:09,24.1,50,32150
20240101,14:48:18,24.0,50,30500
20240101,14:48:27,23.8,200,30500
20240101,14:48:36,23.85,100,30500
20240101,14:49:01,23.7,50,30500
20240101,14:49:22,24.2,450,30500
20240101,14:49:44,24.85,250,30500
20240101,14:49:55,25.7,2350,30500
20240101,14:50:05,25.95,100,30500
20240101,14:50:15,26.0,100,30500
20240101,14:50:26,26.7,1400,30500
20240101,14:50:37,27.1,350,30500
20240101,14:50:47,27.1,150,30500
20240101,14:50:56,27.6,100,30500
20240101,14:51:15,27.6,150,28000
20240101,14:51:24,27.0,100,28000
20240101,14:51:45,26.95,300,28000
20240101,14:51:56,27.1,50,28000
20240101,14:52:05,27.2,100,28000
20240101,14:52:34,26.85,50,28000
20240101,14:52:43,26.8,200,28000
20240101,14:53:01,26.65,50,28000
20240101,14:53:10,26.5,50,28000
20240101,14:53:28,26.15,50,28000
20240101,14:53:38,26.3,100,28000
20240101,14:53:47,26.65,50,28000
20240101,14:54:06,26.4,50,28000
20240101,14:54:26,26.3,250,28600
20240101,14:54:36,26.65,50,28600
20240101,14:54:54,26.5,50,28600
20240101,14:55:22,26.45,50,28600
20240101,14:55:49,26.5,50,28600
20240101,14:56:07,26.6,50,28600
20240101,14:56:24,26.3,200,28600
20240101,14:56:50,26.05,100,28600
20240101,14:56:59,26.2,50,28600
20240101,14:57:25,26.25,50,29050
20240101,14:57:51,26.15,50,29050
20240101,14:58:10,26.25,50,29050
20240101,14:58:27,26.25,50,29050
20240101,14:58:36,26.4,50,29050
20240101,14:58:45,26.4,300,29050
20240101,14:58:54,26.4,100,29050
20240101,14:59:48,26.8,150,29050
20240101,15:00:06,27.45,150,29050
20240101,15:00:54,27.8,100,28950
20240101,15:01:14,27.8,250,28950
20240101,15:01:24,26.6,400,28950
20240101,15:01:36,25.35,500,28950
20240101,15:01:58,26.2,50,28950
20240101,15:02:18,25.55,300,28950
20240101,15:02:56,25.5,50,28950
20240101,15:03:26,24.8,1000,29050
20240101,15:04:14,24.1,50,29050
20240101,15:05:10,24.6,250,29050
20240101,15:05:46,24.4,100,29050
20240101,15:06:40,24.3,100,29850
20240101,15:06:50,24.2,50,29850
20240101,15:07:45,23.2,50,29850
20240101,15:07:56,22.85,550,29850
20240101,15:08:06,22.45,300,29850
20240101,15:08:18,22.25,50,29850
20240101,15:08:39,21.55,300,29850
20240101,15:08:50,21.55,100,29850
20240101,15:09:15,20.7,650,30750
20240101,15:09:27,20.7,650,30750
20240101,15:09:37,20.55,100,30750
20240101,15:09:47,20.8,100,30750
20240101,15:09:56,21.2,100,30750
20240101,15:10:07,20.4,400,30750
20240101,15:10:19,20.1,50,30750
20240101,15:10:31,19.65,100,30750
20240101,15:10:42,19.45,350,30750
20240101,15:10:54,19.5,450,30750
20240101,15:11:05,19.55,50,30750
20240101,15:11:26,19.55,150,30750
20240101,15:11:47,19.6,50,30750
20240101,15:11:57,19.5,50,30750
20240101,15:12:08,19.65,50,30750
20240101,15:12:27,19.8,200,30350
20240101,15:12:37,19.7,50,30350
20240101,15:12:48,19.5,50,30350
20240101,15:12:59,19.45,50,30350
20240101,15:13:20,19.3,50,30350
20240101,15:13:31,19.1,200,30350
20240101,15:13:52,19.15,50,30350
20240101,15:14:12,19.5,100,30350
20240101,15:14:32,19.35,50,30350
20240101,15:14:42,19.75,100,30350
20240101,15:14:52,20.0,250,30350
20240101,15:15:22,19.95,100,30050
20240101,15:15:42,19.85,50,30050
20240101,15:16:01,20.1,1750,30050
20240101,15:16:11,20.0,50,30050
20240101,15:16:22,20.0,50,30050
20240101,15:16:42,20.25,150,30050
20240101,15:17:30,20.7,50,30050
20240101,15:18:08,20.5,100,30050
20240101,15:19:06,19.85,50,31200
20240101,15:19:24,19.75,300,31200
20240101,15:19:34,19.75,100,31200
20240101,15:20:03,19.85,650,31200
20240101,15:20:15,19.9,50,31200
20240101,15:20:27,19.75,1500,31200
20240101,15:20:39,19.7,350,31200
20240101,15:20:51,19.65,100,31200
20240101,15:21:02,19.35,50,31200
20240101,15:21:24,19.0,250,30050
20240101,15:21:36,18.9,100,30050
20240101,15:21:47,18.7,100,30050
20240101,15:22:12,17.95,300,30050
20240101,15:22:23,17.95,100,30050
20240101,15:22:34,17.7,50,30050
20240101,15:22:46,17.6,50,30050
20240101,15:22:56,17.8,100,30050
20240101,15:23:38,17.85,300,30050
20240101,15:23:49,17.85,50,30050
20240101,15:24:13,18.05,250,30050
20240101,15:24:25,17.8,450,29200
20240101,15:25:38,17.45,500,29200
20240101,15:25:50,17.45,200,29200
20240101,15:26:02,17.5,200,29200
20240101,15:26:11,17.45,450,29200
20240101,15:26:22,17.45,150,29200
20240101,15:26:32,17.3,200,29200
20240101,15:26:42,17.25,100,29200
20240101,15:26:53,17.15,350,29200
20240101,15:27:03,17.05,300,29200
20240101,15:27:14,17.0,300,29200
20240101,15:27:35,16.75,1300,27150
20240101,15:27:47,16.85,250,27150
20240101,15:27:58,16.95,200,27150
20240101,15:28:11,17.05,50,27150
20240101,15:28:23,16.7,250,27150
20240101,15:28:44,16.75,50,27150
20240101,15:29:19,16.8,150,27150
20240101,15:29:32,16.75,250,27150
20240101,15:29:56,16.7,50,27150
20240102,09:18:54,17.15,1,27050
20240102,09:18:54,17.15,100,27050
20240102,09:19:04,17.05,50,27050
20240102,09:19:24,17.05,50,27050
20240102,09:19:54,17.4,400,27050
20240102,09:20:04,16.75,100,27050
20240102,09:20:14,16.75,100,27050
20240102,09:20:24,16.75,150,27050
20240102,09:20:44,16.95,50,27000
20240102,09:20:53,17.0,100,27000
20240102,09:21:03,16.8,250,27000
20240102,09:21:23,16.65,50,27000
20240102,09:23:36,16.05,50,26850
20240102,09:23:45,16.05,800,26850
20240102,09:24:43,15.8,100,26850
20240102,09:24:53,15.75,100,26850
20240102,09:25:03,15.6,50,26850
20240102,09:26:44,15.1,350,26900
20240102,09:26:55,15.1,50,26900
20240102,09:27:36,14.85,400,26900
20240102,09:28:26,14.85,50,26900
20240102,09:28:40,16.25,400,26900
20240102,09:29:14,16.25,50,26900
20240102,09:29:47,15.85,50,27300
20240102,09:29:57,15.65,50,27300
20240102,09:30:07,15.35,100,27300
20240102,09:31:58,15.7,50,27300
20240102,09:32:07,15.65,50,27300
20240102,09:32:16,15.65,50,27300
20240102,09:32:36,15.45,100,27300
20240102,09:32:56,15.4,50,27300
20240102,09:33:44,15.5,150,27300
20240102,09:34:04,15.65,50,27300
20240102,09:34:22,15.5,50,27300
20240102,09:41:46,15.85,100,26500
20240102,09:42:25,15.75,50,26500
20240102,09:45:34,15.8,50,26550
20240102,09:49:08,16.25,50,26300
20240102,09:49:27,16.25,50,26300
20240102,09:49:46,16.3,100,26300
20240102,09:50:30,16.3,50,26300
20240102,09:50:48,16.45,150,26350
20240102,09:51:17,16.2,50,26350
20240102,09:51:27,16.3,50,26350
20240102,09:51:55,16.35,50,26350
20240102,09:52:04,16.4,100,26350
20240102,09:52:13,16.3,150,26350
20240102,09:52:22,16.35,150,26350
20240102,09:52:31,16.45,100,26350
20240102,09:53:35,16.35,50,26150
20240102,09:54:59,16.05,50,26150
20240102,09:55:10,16.05,50,26150
20240102,09:55:41,16.15,50,26150
20240102,09:56:02,16.0,50,26150
20240102,09:56:14,15.65,500,26150
20240102,09:57:16,15.45,200,26100
20240102,09:58:26,14.7,50,26100
20240102,09:58:39,14.7,200,26100
20240102,09:59:00,14.55,100,26100
20240102,09:59:11,14.35,100,26100
20240102,09:59:24,14.3,150,26100
20240102,09:59:36,14.25,50,26100
20240102,10:00:08,13.95,50,25950
20240102,10:00:34,13.95,600,25950
20240102,10:00:46,13.85,50,25950
20240102,10:01:06,13.85,200,25950
20240102,10:01:40,13.95,250,25950
20240102,10:02:01,14.1,50,25950
20240102,10:02:11,14.15,100,25950
20240102,10:02:41,13.95,150,26300
20240102,10:03:01,13.8,300,26300
20240102,10:03:12,13.8,50,26300
20240102,10:03:25,13.95,150,26300
20240102,10:03:38,13.9,200,26300
20240102,10:03:49,13.9,50,26300
20240102,10:04:09,13.9,50,26300
20240102,10:04:50,13.85,650,26300
20240102,10:05:00,13.85,100,26300
20240102,10:05:21,13.95,300,26300
20240102,10:05:31,14.0,550,26300
20240102,10:05:41,13.95,100,26050
20240102,10:05:52,13.7,150,26050
20240102,10:06:02,13.7,150,26050
20240102,10:06:12,13.75,50,26050
20240102,10:06:22,13.85,50,26050
20240102,10:07:04,14.05,350,26050
20240102,10:07:14,14.1,400,26050
20240102,10:07:36,14.05,300,26050
20240102,10:07:47,14.05,450,26050
20240102,10:08:17,14.25,200,26050
20240102,10:08:27,14.25,50,26050
20240102,10:08:36,14.1,100,26050
20240102,10:08:46,13.9,300,26200
20240102,10:09:17,14.0,300,26200
20240102,10:09:27,13.95,200,26200
20240102,10:09:46,13.9,50,26200
20240102,10:09:56,13.85,200,26200
20240102,10:10:06,13.85,350,26200
20240102,10:10:25,13.85,250,26200
20240102,10:10:45,13.8,100,26200
20240102,10:10:55,13.85,100,26200
20240102,10:11:05,13.8,150,26200
20240102,10:11:15,13.85,950,26200
20240102,10:12:11,13.9,150,27400
20240102,10:12:21,13.85,50,27400
20240102,10:12:41,13.75,200,27400
20240102,10:12:52,13.8,50,27400
20240102,10:13:03,13.85,100,27400
20240102,10:14:03,13.9,50,27400
20240102,10:14:13,13.95,50,27400
20240102,10:14:23,13.95,50,27400
20240102,10:14:43,14.05,100,27800
20240102,10:15:23,14.1,200,27800
20240102,10:16:12,14.25,50,27800
20240102,10:17:50,14.15,150,28050
20240102,10:18:57,14.2,300,28050
20240102,10:21:01,14.0,50,28250
20240102,10:21:11,14.0,50,28250
20240102,10:21:41,14.05,50,28250
20240102,10:22:59,13.95,50,28250
20240102,10:25:02,13.85,150,28350
20240102,10:25:14,13.75,100,28350
20240102,10:25:45,13.55,50,28350
20240102,10:25:55,13.55,150,28350
20240102,10:26:06,13.45,800,28350
20240102,10:26:17,13.4,550,28350
20240102,10:26:29,13.55,50,28350
20240102,10:26:40,13.55,50,28350
20240102,10:26:52,13.45,200,27750
20240102,10:27:03,13.4,50,27750
20240102,10:28:27,13.4,50,27750
20240102,10:28:57,13.2,50,27750
20240102,10:29:07,13.2,50,27750
20240102,10:29:17,13.2,150,27750
20240102,10:29:37,13.0,200,27750
20240102,10:29:47,13.0,150,27900
20240102,10:29:58,12.95,200,27900
20240102,10:30:09,12.8,150,27900
20240102,10:30:32,12.55,100,27900
20240102,10:30:43,12.45,150,27900
20240102,10:30:52,12.4,550,27900
20240102,10:31:03,12.4,50,27900
20240102,10:31:13,12.45,300,27900
20240102,10:31:23,12.35,300,27900
20240102,10:31:32,12.3,1550,27900
20240102,10:31:43,12.4,300,27900
20240102,10:31:54,12.2,500,27900
20240102,10:32:04,12.2,250,27900
20240102,10:32:25,12.3,650,27900
20240102,10:32:35,12.45,350,27900
20240102,10:32:54,12.5,300,29350
20240102,10:33:04,12.55,100,29350
20240102,10:33:23,12.8,450,29350
20240102,10:33:33,12.8,50,29350
20240102,10:33:53,12.75,50,29350
20240102,10:34:03,12.65,1700,29350
20240102,10:34:13,12.85,250,29350
20240102,10:34:23,12.85,300,29350
20240102,10:34:32,12.8,450,29350
20240102,10:34:52,12.75,250,29350
20240102,10:35:12,12.7,200,29350
20240102,10:35:22,12.65,50,29350
20240102,10:35:42,12.6,100,30450
20240102,10:36:23,12.35,300,30450
20240102,10:36:36,12.3,450,30450
20240102,10:36:48,12.25,300,30450
20240102,10:37:00,12.3,850,30450
20240102,10:37:12,12.1,600,30450
20240102,10:37:24,12.45,600,30450
20240102,10:37:35,12.45,800,30450
20240102,10:38:05,12.2,250,30450
20240102,10:38:15,12.25,50,30450
20240102,10:39:21,12.15,750,30650
20240102,10:39:43,12.05,150,30650
20240102,10:39:54,12.05,100,30650
20240102,10:40:04,12.05,250,30650
20240102,10:40:26,12.05,350,30650
20240102,10:40:47,12.0,100,30650
20240102,10:40:58,11.95,300,30650
20240102,10:41:09,11.95,200,30650
20240102,10:41:20,11.95,250,30650
20240102,10:41:30,12.0,450,30650
20240102,10:41:40,12.0,50,30650
20240102,10:41:51,11.8,1050,29800
20240102,10:42:02,11.75,150,29800
20240102,10:42:13,11.75,400,29800
20240102,10:42:44,11.75,300,29800
20240102,10:43:05,11.9,150,29800
20240102,10:43:37,11.9,1500,29800
20240102,10:43:58,12.3,400,29800
20240102,10:44:08,12.5,50,29800
20240102,10:44:28,12.5,850,29800
20240102,10:44:39,12.4,250,29800
20240102,10:44:49,12.5,100,28300
20240102,10:45:00,12.45,550,28300
20240102,10:45:10,12.4,250,28300
20240102,10:46:00,12.6,700,28300
20240102,10:46:30,12.7,150,28300
20240102,10:47:00,12.7,350,28300
20240102,10:47:41,12.6,400,28300
20240102,10:48:02,12.5,50,28050
20240102,10:48:23,12.65,200,28050
20240102,10:49:01,12.7,150,28050
20240102,10:49:23,12.6,250,28050
20240102,10:50:15,12.8,350,28050
20240102,10:50:26,12.6,100,28050
20240102,10:51:06,12.65,150,28600
20240102,10:52:25,12.7,100,28600
20240102,10:53:13,12.8,50,28600
20240102,10:54:49,12.85,50,28550
20240102,10:55:25,12.9,50,28550
20240102,10:56:03,12.65,50,28550
20240102,10:56:22,12.65,50,28550
20240102,10:56:51,12.3,50,28700
20240102,10:57:50,12.45,50,28700
20240102,10:58:10,12.55,100,28700
20240102,10:58:28,12.4,50,28700
20240102,10:59:26,12.45,650,28700
20240102,10:59:36,12.55,50,28700
20240102,10:59:46,12.55,150,29350
20240102,11:01:51,12.6,200,29350
20240102,11:02:00,12.5,150,29350
20240102,11:02:39,12.65,50,29350
20240102,11:02:48,12.65,50,29100
20240102,11:03:07,12.65,100,29100
20240102,11:03:25,12.75,300,29100
20240102,11:05:54,12.6,50,28900
20240102,11:06:22,12.7,50,28900
20240102,11:07:00,12.6,50,28900
20240102,11:07:56,12.65,50,28900
20240102,11:08:06,12.65,50,28900
20240102,11:09:01,12.5,50,28700
20240102,11:09:47,12.6,50,28700
20240102,11:10:06,12.55,50,28700
20240102,11:10:15,12.5,150,28700
20240102,11:10:25,12.4,100,28700
20240102,11:10:34,12.35,50,28700
20240102,11:10:43,12.3,100,28700
20240102,11:12:15,12.45,50,28550
20240102,11:12:42,12.5,500,28550
20240102,11:13:09,12.25,100,28550
20240102,11:13:29,12.3,50,28550
20240102,11:13:39,12.4,150,28550
20240102,11:14:18,12.45,300,28550
20240102,11:14:46,12.4,50,28700
20240102,11:15:16,12.35,200,28700
20240102,11:17:42,12.15,100,28700
20240102,11:17:51,12.25,350,28550
20240102,11:18:01,12.2,50,28550
20240102,11:18:10,12.2,1100,28550
20240102,11:19:06,12.3,300,28550
20240102,11:19:15,12.3,400,28550
20240102,11:19:51,12.3,100,28550
20240102,11:20:36,12.3,500,28550
20240102,11:21:04,12.35,100,28050
20240102,11:23:17,12.25,50,28050
20240102,11:25:25,12.35,500,28150
20240102,11:26:58,12.3,50,26850
20240102,11:29:15,12.4,350,26850
20240102,11:31:58,12.0,250,26550
20240102,11:32:26,12.25,100,26550
20240102,11:34:58,12.3,50,26450
20240102,11:35:07,12.25,50,26450
20240102,11:35:16,12.15,50,26450
20240102,11:38:13,12.15,50,26500
20240102,11:39:19,12.15,50,26500
20240102,11:40:50,12.1,50,26500
20240102,11:40:59,12.1,100,26500
20240102,11:41:27,11.95,200,26500
20240102,11:42:08,11.8,450,26800
20240102,11:42:18,11.9,100,26800
20240102,11:42:46,11.85,50,26800
20240102,11:43:42,11.9,50,26800
20240102,11:45:15,11.9,50,26650
20240102,11:46:58,11.9,250,26650
20240102,11:50:19,11.75,50,26850
20240102,11:50:37,11.8,100,26850
20240102,11:51:49,11.6,50,26750
20240102,11:52:07,11.45,50,26750
20240102,11:52:25,11.35,250,26750
20240102,11:53:02,11.35,100,26750
20240102,11:53:37,11.35,50,26750
20240102,11:54:04,11.35,50,27000
20240102,11:56:08,11.35,50,27000
20240102,11:58:00,11.45,50,27000
20240102,12:00:38,11.55,50,27000
20240102,12:02:43,11.75,50,27000
20240102,12:04:57,11.8,200,27000
20240102,12:05:24,11.75,200,27000
20240102,12:05:42,11.75,50,27000
20240102,12:08:44,11.6,50,27050
20240102,12:08:52,11.6,50,27050
20240102,12:09:26,11.7,50,27050
20240102,12:10:28,11.75,200,27050
20240102,12:11:05,11.7,50,27050
20240102,12:11:14,11.7,50,27050
20240102,12:11:50,11.75,50,27050
20240102,12:12:17,11.9,200,27150
20240102,12:15:02,11.75,50,27150
20240102,12:16:07,11.9,50,27150
20240102,12:16:18,12.0,150,27150
20240102,12:17:20,12.05,150,27150
20240102,12:19:56,12.25,50,27400
20240102,12:20:05,12.2,100,27400
20240102,12:20:42,12.1,100,27400
20240102,12:22:18,11.7,100,27400
20240102,12:22:27,11.7,500,27400
20240102,12:24:24,11.9,350,27900
20240102,12:24:42,12.0,100,27900
20240102,12:26:47,12.05,50,27900
20240102,12:31:14,12.1,50,27650
20240102,12:36:14,12.2,500,27050
20240102,12:36:33,12.1,50,27050
20240102,12:36:43,12.15,50,27050
20240102,12:37:36,12.15,50,27050
20240102,12:41:39,12.25,250,27600
20240102,12:41:49,12.25,100,27600
20240102,12:42:17,12.15,50,27700
20240102,12:43:53,12.25,50,27700
20240102,12:44:45,12.15,50,27700
20240102,12:47:12,12.05,100,27800
20240102,12:48:52,11.85,50,27850
20240102,12:49:01,11.9,50,27850
20240102,12:49:10,11.95,50,27850
20240102,12:53:00,12.05,600,27900
20240102,12:53:43,12.15,50,27900
20240102,12:55:17,12.05,400,28450
20240102,12:55:26,12.1,400,28450
20240102,12:58:28,12.0,300,27700
20240102,13:00:06,12.1,50,28000
20240102,13:00:14,12.05,100,28000
20240102,13:02:17,12.05,100,28000
20240102,13:03:41,11.95,50,28200
20240102,13:08:11,12.1,100,28250
20240102,13:08:30,12.1,50,28250
20240102,13:11:46,11.9,300,28350
20240102,13:12:21,11.95,50,28100
20240102,13:20:21,11.95,400,28050
20240102,13:24:29,11.6,150,27800
20240102,13:34:25,12.0,1100,27800
20240102,13:34:44,12.1,50,27800
20240102,13:34:53,12.1,50,27800
20240102,13:35:03,12.1,300,27800
20240102,13:40:13,12.15,50,27500
20240102,13:41:12,12.3,50,27500
20240102,13:42:04,12.45,50,27500
20240102,13:44:37,12.4,50,27450
20240102,13:46:26,12.3,50,27450
20240102,13:46:59,12.3,50,27450
20240102,13:48:08,12.35,50,27450
20240102,13:51:18,12.5,300,27450
20240102,13:52:30,12.35,50,27450
20240102,13:52:49,12.4,100,27450
20240102,13:53:36,12.35,100,27450
20240102,13:55:37,12.8,250,27000
20240102,13:57:38,12.65,50,27000
20240102,13:58:12,12.7,250,27000
20240102,14:00:47,12.8,100,27150
20240102,14:01:23,12.75,50,27150
20240102,14:01:40,12.75,50,27150
20240102,14:02:49,13.0,750,27150
20240102,14:03:06,13.0,200,27150
20240102,14:03:51,12.85,100,27500
20240102,14:04:00,12.9,50,27500
20240102,14:04:09,12.9,50,27500
20240102,14:04:19,12.95,200,27500
20240102,14:06:07,12.95,50,27500
20240102,14:10:11,13.3,300,27150
20240102,14:10:23,13.35,250,27150
20240102,14:11:27,13.65,100,27150
20240102,14:11:37,13.6,100,27150
20240102,14:11:47,13.65,250,27150
20240102,14:12:07,13.65,100,27150
20240102,14:12:17,13.65,150,27000
20240102,14:12:27,13.7,350,27000
20240102,14:12:45,13.7,50,27000
20240102,14:13:14,14.0,100,27000
20240102,14:13:25,14.0,250,27000
20240102,14:13:46,14.0,50,27000
20240102,14:13:57,14.15,50,27000
20240102,14:14:08,14.05,50,27000
20240102,14:14:18,14.1,150,27000
20240102,14:14:29,14.1,100,27000
20240102,14:14:39,13.8,300,27000
20240102,14:14:49,13.9,500,27000
20240102,14:14:58,14.0,50,27000
20240102,14:15:07,14.0,250,27000
20240102,14:15:17,13.95,200,26550
20240102,14:15:27,13.8,150,26550
20240102,14:15:37,13.9,350,26550
20240102,14:15:46,13.8,100,26550
20240102,14:16:05,13.75,450,26550
20240102,14:16:14,13.65,500,26550
20240102,14:16:23,13.7,50,26550
20240102,14:16:32,13.8,100,26550
20240102,14:17:00,13.8,150,26550
20240102,14:17:56,13.55,200,26550
20240102,14:19:04,13.3,150,26300
20240102,14:19:37,13.25,550,26300
20240102,14:20:15,13.35,100,26300
20240102,14:20:25,13.3,50,26300
20240102,14:20:34,13.25,200,26300
20240102,14:21:58,13.35,200,25900
20240102,14:26:30,13.4,50,25900
20240102,14:26:39,13.2,650,25900
20240102,14:28:00,13.25,50,25100
20240102,14:29:55,13.35,50,25100
20240102,14:30:05,13.3,50,25100
20240102,14:32:05,13.6,50,25150
20240102,14:34:50,13.8,50,25500
20240102,14:35:18,13.5,50,25500
20240102,14:36:22,13.75,50,25200
20240102,14:36:31,13.75,50,25200
20240102,14:36:49,13.8,500,25200
20240102,14:37:35,13.85,50,25200
20240102,14:37:55,13.7,50,25200
20240102,14:38:07,13.8,250,25200
20240102,14:38:18,13.8,450,25200
20240102,14:38:31,14.05,50,25200
20240102,14:38:43,14.0,50,25200
20240102,14:38:54,14.05,50,25200
20240102,14:39:04,13.95,50,25200
20240102,14:39:14,14.05,50,25200
20240102,14:39:33,13.9,50,25650
20240102,14:40:46,14.15,200,25650
20240102,14:40:57,13.95,1650,25650
20240102,14:41:18,13.8,50,25650
20240102,14:41:28,13.9,100,25650
20240102,14:41:37,13.9,50,25650
20240102,14:41:47,13.75,50,25650
20240102,14:41:57,13.9,1500,25650
20240102,14:42:07,14.0,250,25650
20240102,14:42:16,14.0,250,25650
20240102,14:42:25,14.1,250,26700
20240102,14:43:21,14.15,400,26700
20240102,14:44:28,13.9,500,26700
20240102,14:44:49,13.95,50,26700
20240102,14:47:21,14.7,50,26900
20240102,14:47:39,14.7,50,26900
20240102,14:48:35,14.7,50,26800
20240102,14:48:44,14.65,50,26800
20240102,14:49:21,14.7,150,26800
20240102,14:49:31,14.75,50,26800
20240102,14:51:14,14.65,300,26800
20240102,14:52:01,14.6,100,26050
20240102,14:52:11,14.5,50,26050
20240102,14:52:22,14.4,350,26050
20240102,14:53:47,14.4,50,26050
20240102,14:54:56,14.05,100,26350
20240102,14:55:15,14.1,50,26350
20240102,14:55:54,14.05,400,26350
20240102,14:56:32,14.15,50,26350
20240102,14:57:31,14.05,50,25850
20240102,14:57:59,14.2,200,25850
20240102,15:00:35,14.5,50,25700
20240102,15:00:46,14.25,50,25700
20240102,15:00:56,14.45,50,25700
20240102,15:01:15,14.45,50,25700
20240102,15:01:25,14.55,50,25700
20240102,15:02:14,14.5,1250,25700
20240102,15:05:09,14.35,200,26300
20240102,15:05:58,14.5,550,26300
20240102,15:06:08,14.45,150,26300
20240102,15:07:21,13.85,50,26400
20240102,15:07:33,13.65,150,26400
20240102,15:07:56,13.6,150,26400
20240102,15:08:09,13.3,1950,26400
20240102,15:08:33,13.4,400,26400
20240102,15:08:46,13.5,100,26400
20240102,15:08:56,13.45,100,26400
20240102,15:09:58,13.25,50,25200
20240102,15:10:10,13.0,400,25200
20240102,15:10:21,12.9,100,25200
20240102,15:10:56,12.75,50,25200
20240102,15:11:07,12.7,50,25200
20240102,15:11:48,12.95,500,25200
20240102,15:12:48,12.7,50,25250
20240102,15:13:41,12.35,50,25250
20240102,15:14:11,12.4,50,25250
20240102,15:15:13,12.8,50,25250
20240102,15:18:03,12.85,50,25200
20240102,15:18:52,12.75,100,25200
20240102,15:19:01,12.6,100,25200
20240102,15:19:11,12.8,100,25200
20240102,15:19:40,12.75,50,25200
20240102,15:20:34,12.85,100,25200
20240102,15:21:14,12.9,100,25200
20240102,15:21:23,12.85,50,25400
20240102,15:21:42,12.75,50,25400
20240102,15:22:09,12.6,50,25400
20240102,15:22:19,12.65,50,25400
20240102,15:22:28,12.75,100,25400
20240102,15:22:47,12.8,50,25400
20240102,15:23:36,12.9,50,25400
20240102,15:24:43,12.95,100,25600
20240102,15:24:53,12.9,50,25600
20240102,15:25:32,12.9,50,25600
20240102,15:25:42,12.9,550,25600
20240102,15:27:02,12.75,500,25600
20240102,15:27:40,12.6,400,25800
20240102,15:27:49,12.65,150,25800
20240102,15:28:40,12.85,50,25800
20240102,15:28:50,12.9,100,25800
20240102,15:29:32,12.85,50,25800
20240102,15:29:58,13.05,50,25800
20240103,09:16:00,11.85,1,25500
20240103,09:16:00,11.85,100,25500
20240103,09:16:08,11.3,100,25500
20240103,09:16:30,11.3,50,25500
20240103,09:16:51,11.35,200,25500
20240103,09:17:41,11.3,150,25600
20240103,09:18:02,11.2,50,25600
20240103,09:18:51,11.2,150,25600
20240103,09:18:58,11.25,150,25600
20240103,09:19:37,11.2,50,25600
20240103,09:19:54,11.3,100,25600
20240103,09:20:02,11.25,200,25600
20240103,09:20:12,11.2,100,25600
20240103,09:20:39,11.15,50,25600
20240103,09:21:15,11.15,150,26050
20240103,09:21:33,11.25,50,26050
20240103,09:22:32,11.15,250,26050
20240103,09:23:00,11.1,50,26050
20240103,09:23:18,11.1,50,26050
20240103,09:24:01,11.05,50,26200
20240103,09:24:34,11.05,100,26200
20240103,09:25:00,11.25,50,26200
20240103,09:25:26,11.4,50,26200
20240103,09:25:35,11.3,100,26200
20240103,09:26:02,11.25,50,26200
20240103,09:26:11,11.25,50,26200
20240103,09:26:19,11.3,50,26200
20240103,09:29:11,11.45,50,25900
20240103,09:29:19,11.35,50,25900
20240103,09:31:08,11.35,50,25850
20240103,09:34:27,11.4,100,25800
20240103,09:35:03,11.25,50,25800
20240103,09:37:40,11.2,50,25700
20240103,09:38:01,11.1,150,25700
20240103,09:38:12,11.0,50,25700
20240103,09:39:01,10.9,100,25650
20240103,09:40:30,10.9,50,25650
20240103,09:41:16,10.9,50,25650
20240103,09:41:47,10.8,50,25650
20240103,09:42:27,10.8,100,25600
20240103,09:43:32,10.55,350,25600
20240103,09:43:43,10.55,100,25600
20240103,09:43:53,10.55,200,25600
20240103,09:44:04,10.6,300,25600
20240103,09:44:13,10.65,350,25600
20240103,09:44:22,10.6,50,25600
20240103,09:44:49,10.65,100,26300
20240103,09:44:58,10.45,150,26300
20240103,09:45:56,10.55,100,26300
20240103,09:46:25,10.55,50,26300
20240103,09:46:34,10.6,50,26300
20240103,09:47:45,10.6,100,26500
20240103,09:48:11,10.55,50,26500
20240103,09:48:54,10.5,50,26500
20240103,09:49:20,10.35,50,26500
20240103,09:50:04,10.25,50,26500
20240103,09:50:14,10.25,100,26500
20240103,09:50:42,10.3,50,26500
20240103,09:51:36,10.15,50,26850
20240103,09:53:31,10.15,50,26850
20240103,09:54:32,10.45,500,26850
20240103,09:54:49,10.35,50,26850
20240103,09:55:15,10.35,50,26850
20240103,09:56:07,10.35,50,26850
20240103,09:56:42,10.35,100,26850
20240103,09:56:51,10.35,100,27250
20240103,09:57:00,10.35,50,27250
20240103,09:57:09,10.4,50,27250
20240103,09:58:03,10.4,200,27250
20240103,09:58:30,10.45,50,27250
20240103,09:58:48,10.45,100,27250
20240103,09:59:15,10.45,200,27250
20240103,09:59:41,10.5,50,27250
20240103,10:01:18,10.5,50,27400
20240103,10:01:36,10.55,50,27400
20240103,10:01:53,10.55,50,27400
20240103,10:02:18,10.6,50,27400
20240103,10:03:54,10.65,100,26950
20240103,10:04:03,10.6,150,26950
20240103,10:04:14,10.6,50,26950
20240103,10:04:25,10.75,50,26950
20240103,10:04:36,10.7,200,26950
20240103,10:04:47,10.6,50,26950
20240103,10:05:08,10.45,50,26950
20240103,10:05:18,10.5,200,26950
20240103,10:05:29,10.45,50,26950
20240103,10:05:39,10.55,50,26950
20240103,10:05:48,10.55,50,26650
20240103,10:06:06,10.55,200,26650
20240103,10:09:43,10.45,200,26300
20240103,10:10:42,10.5,150,26300
20240103,10:11:01,10.5,150,26300
20240103,10:11:36,10.6,50,26300
20240103,10:13:18,10.45,50,26400
20240103,10:16:40,10.55,50,26400
20240103,10:18:04,10.55,50,26400
20240103,10:19:03,10.45,50,26400
20240103,10:20:42,10.3,50,26400
20240103,10:20:51,10.35,250,26400
20240103,10:21:03,10.25,100,26200
20240103,10:21:44,10.35,50,26200
20240103,10:22:20,10.4,100,26200
20240103,10:22:51,10.3,50,26200
20240103,10:23:01,10.4,50,26200
20240103,10:23:10,10.3,700,26200
20240103,10:23:37,10.2,200,26200
20240103,10:23:55,10.1,250,26950
20240103,10:24:04,10.0,350,26950
20240103,10:25:13,10.0,50,26950
20240103,10:26:51,10.15,150,27600
20240103,10:27:09,10.1,50,27600
20240103,10:27:45,10.1,50,27600
20240103,10:28:03,10.15,350,27600
20240103,10:30:51,10.2,50,27350
20240103,10:31:43,10.3,50,27350
20240103,10:35:04,10.15,50,27400
20240103,10:35:22,10.2,200,27400
20240103,10:35:56,10.3,100,27200
20240103,10:36:38,10.25,600,27200
20240103,10:36:47,10.3,250,27200
20240103,10:36:56,10.3,300,27200
20240103,10:37:07,10.25,150,27200
20240103,10:37:16,10.25,150,27200
20240103,10:37:24,10.3,50,27200
20240103,10:38:49,10.45,50,27200
20240103,10:40:58,10.35,50,28300
20240103,10:41:08,10.3,400,28300
20240103,10:44:45,10.35,50,27950
20240103,10:46:49,10.3,50,27950
20240103,10:47:06,10.25,50,27950
20240103,10:48:54,10.3,50,27950
20240103,10:49:02,10.2,100,27950
20240103,10:49:19,10.25,100,27950
20240103,10:49:36,10.25,50,27950
20240103,10:53:16,10.4,50,28050
20240103,10:57:05,10.35,50,28050
20240103,10:59:45,10.35,50,28050
20240103,11:00:59,10.3,250,28050
20240103,11:04:46,10.5,100,28300
20240103,11:05:26,10.45,50,28300
20240103,11:07:41,10.4,100,28350
20240103,11:08:14,10.4,100,28350
20240103,11:08:22,10.45,100,28350
20240103,11:09:04,10.35,50,28550
20240103,11:10:09,10.15,50,28550
20240103,11:10:33,10.2,100,28550
20240103,11:11:39,10.25,50,28550
20240103,11:11:47,10.25,1150,28550
20240103,11:11:56,10.25,100,29450
20240103,11:12:04,10.25,150,29450
20240103,11:12:12,10.25,50,29450
20240103,11:19:03,10.5,100,29450
20240103,11:20:13,10.5,50,29450
20240103,11:20:21,10.6,50,29450
20240103,11:21:21,10.55,50,29350
20240103,11:21:54,10.65,100,29350
20240103,11:22:35,10.65,50,29350
20240103,11:25:11,10.45,250,29400
20240103,11:26:09,10.35,100,29400
20240103,11:28:44,10.35,100,29400
20240103,11:30:29,10.3,100,29400
20240103,11:33:48,10.25,100,29400
20240103,11:34:54,10.35,50,29400
20240103,11:35:43,10.25,50,29400
20240103,11:36:38,10.25,100,29550
20240103,11:37:17,10.2,100,29550
20240103,11:37:57,10.1,450,29550
20240103,11:39:09,10.25,50,29600
20240103,11:39:40,10.2,200,29600
20240103,11:41:15,10.35,100,29600
20240103,11:41:23,10.35,100,29600
20240103,11:42:18,10.4,250,29700
20240103,11:43:06,10.4,400,29700
20240103,11:43:40,10.5,250,29700
20240103,11:43:48,10.5,350,29700
20240103,11:51:45,10.55,100,29950
20240103,11:53:47,10.35,50,29950
20240103,11:57:42,10.25,50,29950
20240103,12:01:37,10.3,50,30000
20240103,12:03:49,10.3,250,30000
20240103,12:04:14,10.2,50,30000
20240103,12:04:23,10.25,150,30000
20240103,12:06:26,10.1,150,29650
20240103,12:07:36,10.1,50,29650
20240103,12:14:33,9.85,50,29700
20240103,12:15:06,9.85,50,29700
20240103,12:15:15,9.8,50,29650
20240103,12:15:55,9.8,250,29650
20240103,12:17:50,9.9,150,29650
20240103,12:19:19,9.9,50,29700
20240103,12:20:41,9.75,100,29700
20240103,12:24:06,9.5,50,29700
20240103,12:24:48,9.4,1500,29700
20240103,12:24:59,9.35,50,29700
20240103,12:25:29,9.25,1500,29700
20240103,12:25:38,9.25,100,29700
20240103,12:26:18,9.25,1000,29700
20240103,12:26:38,9.2,50,29700
20240103,12:26:56,9.15,300,29700
20240103,12:27:18,9.15,400,30650
20240103,12:27:28,9.0,600,30650
20240103,12:28:04,9.0,1650,30650
20240103,12:28:13,9.05,1000,30650
20240103,12:28:22,9.2,400,30650
20240103,12:28:30,9.25,50,30650
20240103,12:28:48,9.3,150,30650
20240103,12:29:15,9.2,50,30650
20240103,12:29:42,9.3,1400,30650
20240103,12:31:18,9.25,50,30700
20240103,12:32:18,9.3,50,30700
20240103,12:33:13,9.35,200,30700
20240103,12:33:48,9.35,50,30700
20240103,12:33:57,9.35,50,30700
20240103,12:35:59,9.45,50,30700
20240103,12:36:17,9.4,100,30900
20240103,12:39:21,9.2,50,31000
20240103,12:45:32,9.2,50,29950
20240103,12:45:58,9.15,300,29950
20240103,12:46:22,9.1,50,29950
20240103,12:47:43,9.1,50,29950
20240103,12:50:20,9.0,300,30250
20240103,12:54:20,9.1,50,28600
20240103,12:56:54,9.2,50,28600
20240103,12:58:09,9.2,500,28450
20240103,12:58:42,9.1,250,28450
20240103,12:59:52,9.05,200,28450
20240103,13:00:25,9.0,100,28700
20240103,13:00:59,9.1,50,28700
20240103,13:01:19,9.1,50,28700
20240103,13:01:45,9.15,50,28700
20240103,13:02:36,9.2,100,28700
20240103,13:03:26,9.2,100,28800
20240103,13:03:43,9.15,150,28800
20240103,13:03:51,9.2,100,28800
20240103,13:03:59,9.15,100,28800
20240103,13:04:08,9.15,50,28800
20240103,13:08:49,9.15,50,28950
20240103,13:08:57,9.15,50,28950
20240103,13:09:13,9.25,50,28950
20240103,13:10:43,9.15,50,28850
20240103,13:10:52,9.1,50,28850
20240103,13:11:09,9.05,100,28850
20240103,13:11:42,9.05,50,28850
20240103,13:11:50,9.05,50,28850
20240103,13:15:47,9.2,550,29000
20240103,13:16:03,9.2,50,29000
20240103,13:17:09,9.15,50,29000
20240103,13:17:17,9.15,300,29000
20240103,13:17:42,9.3,1500,29000
20240103,13:18:34,9.25,50,27000
20240103,13:18:53,9.2,450,27000
20240103,13:20:02,9.15,500,27000
20240103,13:20:45,9.25,1000,27000
20240103,13:21:10,9.15,100,27000
20240103,13:21:18,9.1,100,27000
20240103,13:21:43,9.05,50,27050
20240103,13:22:00,9.0,50,27050
20240103,13:22:56,9.0,50,27050
20240103,13:23:04,9.0,50,27050
20240103,13:23:45,9.0,50,27050
20240103,13:24:41,8.95,50,27050
20240103,13:25:47,8.9,50,27050
20240103,13:26:03,8.9,50,27050
20240103,13:26:11,8.9,100,27050
20240103,13:26:19,8.9,1000,27050
20240103,13:26:35,8.95,50,27050
20240103,13:27:31,8.9,100,27050
20240103,13:27:39,8.95,50,27050
20240103,13:27:55,8.95,50,27050
20240103,13:28:20,8.9,50,27050
20240103,13:31:54,8.95,50,27050
20240103,13:33:17,8.95,750,27050
20240103,13:33:27,8.9,50,27350
20240103,13:33:45,9.0,50,27350
20240103,13:34:10,9.05,50,27350
20240103,13:35:01,9.05,150,27350
20240103,13:35:09,9.05,50,27350
20240103,13:35:26,9.05,50,27350
20240103,13:35:58,9.0,50,27350
20240103,13:36:15,9.05,200,27350
20240103,13:36:41,8.95,400,28100
20240103,13:39:01,9.0,350,28100
20240103,13:39:10,9.0,400,28100
20240103,13:39:18,9.0,50,28100
20240103,13:41:12,8.9,600,28150
20240103,13:42:58,9.0,50,27050
20240103,13:43:38,9.0,50,27050
20240103,13:43:53,9.05,100,27050
20240103,13:44:08,9.1,100,27050
20240103,13:44:17,9.05,150,27050
20240103,13:44:25,9.05,150,27050
20240103,13:45:06,9.05,50,27050
20240103,13:45:15,9.05,50,27050
20240103,13:45:24,8.95,50,27600
20240103,13:45:32,8.95,50,27600
20240103,13:46:32,8.9,50,27600
20240103,13:46:49,8.9,350,27600
20240103,13:46:58,8.9,50,27600
20240103,13:47:32,8.95,50,27600
20240103,13:47:40,8.95,850,27600
20240103,13:51:33,9.0,50,27550
20240103,13:52:40,9.1,50,27550
20240103,13:53:05,9.1,450,27550
20240103,13:56:57,9.1,100,27750
20240103,13:57:30,9.0,50,27150
20240103,13:57:39,8.95,50,27150
20240103,13:58:05,8.95,50,27150
20240103,13:58:56,8.9,100,27150
20240103,14:01:56,8.9,50,27000
20240103,14:02:05,8.9,50,27000
20240103,14:02:37,8.9,150,27000
20240103,14:03:26,8.95,50,27000
20240103,14:04:22,9.15,50,27000
20240103,14:10:42,9.25,50,27000
20240103,14:10:58,9.25,150,27000
20240103,14:12:33,9.35,50,26900
20240103,14:15:52,9.15,50,26950
20240103,14:17:19,9.2,50,26950
20240103,14:18:32,9.05,50,27050
20240103,14:20:05,9.05,50,27050
20240103,14:20:33,9.05,250,27050
20240103,14:21:25,9.05,400,27050
20240103,14:21:34,9.0,50,27150
20240103,14:21:42,8.9,500,27150
20240103,14:22:00,8.9,100,27150
20240103,14:23:08,8.9,300,27150
20240103,14:23:16,8.9,50,27150
20240103,14:23:41,8.9,50,27150
20240103,14:28:23,8.9,50,26800
20240103,14:28:40,8.85,50,26800
20240103,14:30:08,8.8,50,26800
20240103,14:30:58,8.75,50,26800
20240103,14:31:06,8.75,50,26800
20240103,14:31:14,8.75,50,26800
20240103,14:31:57,8.7,150,26800
20240103,14:32:06,8.7,50,26800
20240103,14:32:14,8.7,100,26800
20240103,14:34:28,8.7,100,26800
20240103,14:34:53,8.6,300,26800
20240103,14:35:01,8.55,450,26800
20240103,14:35:19,8.45,50,26800
20240103,14:35:27,8.45,50,26800
20240103,14:35:47,8.4,850,26800
20240103,14:36:23,8.3,150,26800
20240103,14:36:31,8.3,50,27000
20240103,14:38:25,8.35,50,27000
20240103,14:39:51,8.4,550,27000
20240103,14:40:08,8.45,50,27000
20240103,14:41:03,8.45,50,27000
20240103,14:41:30,8.35,50,27000
20240103,14:41:56,8.4,50,27000
20240103,14:42:40,8.35,100,26750
20240103,14:45:31,8.4,50,26750
20240103,14:45:57,8.45,50,26750
20240103,14:46:32,8.35,100,26750
20240103,14:46:40,8.35,100,26750
20240103,14:46:49,8.35,50,26750
20240103,14:47:40,8.4,50,26750
20240103,14:48:21,8.4,50,26750
20240103,14:48:29,8.4,50,26750
20240103,14:48:45,8.4,50,26600
20240103,14:48:53,8.4,50,26600
20240103,14:49:01,8.4,50,26600
20240103,14:53:08,8.5,50,26650
20240103,14:53:27,8.4,50,26650
20240103,14:54:52,8.4,50,26700
20240103,14:55:00,8.35,50,26700
20240103,14:56:01,8.4,100,26700
20240103,14:57:19,8.5,50,26700
20240103,14:58:17,8.6,1250,26650
20240103,14:58:25,8.6,100,26650
20240103,14:58:42,8.65,950,26650
20240103,14:58:51,8.7,250,26650
20240103,14:58:59,8.65,100,26650
20240103,14:59:16,8.55,100,26650
20240103,14:59:25,8.55,100,26650
20240103,14:59:33,8.5,250,26650
20240103,14:59:42,8.45,50,26650
20240103,15:00:17,8.35,300,26650
20240103,15:00:28,8.35,50,26650
20240103,15:01:52,8.4,50,25750
20240103,15:07:32,8.0,250,25750
20240103,15:08:12,8.0,500,25750
20240103,15:08:23,8.05,50,25750
20240103,15:09:25,7.85,50,25750
20240103,15:12:33,7.85,100,25650
20240103,15:12:44,7.9,50,25550
20240103,15:13:20,7.9,100,25550
20240103,15:13:37,7.95,250,25550
20240103,15:14:59,7.95,100,25550
20240103,15:16:42,8.05,350,25200
20240103,15:17:28,8.0,100,25200
20240103,15:19:23,7.95,50,25200
20240103,15:21:52,8.05,50,25250
20240103,15:22:37,7.95,300,25250
20240103,15:25:57,8.05,100,24950
20240103,15:26:06,8.0,50,24950
20240103,15:26:31,8.0,550,24950
20240103,15:26:57,8.25,200,24950
20240103,15:27:06,8.4,250,24950
20240103,15:27:15,8.35,100,24950
20240103,15:28:00,8.5,500,24100
20240103,15:28:09,8.45,300,24100
20240103,15:28:27,8.45,50,24100
20240103,15:28:44,8.45,50,24100
20240103,15:28:53,8.45,100,24100
20240103,15:29:11,8.5,100,24100
20240103,15:29:38,8.6,50,24100
20240104,09:16:04,9.8,1,23400
20240104,09:16:04,9.85,1,23400
20240104,09:16:04,9.8,300,23400
20240104,09:17:02,9.05,200,23400
20240104,09:18:07,9.05,50,23500
20240104,09:18:55,9.55,250,23500
20240104,09:21:05,9.3,50,23550
20240104,09:22:15,9.5,50,23550
20240104,09:23:10,9.45,150,23550
20240104,09:24:29,9.45,150,23550
20240104,09:24:37,9.45,100,23550
20240104,09:25:56,9.6,350,23550
20240104,09:28:33,9.65,50,23500
20240104,09:28:59,9.75,50,23500
20240104,09:30:26,9.95,150,23500
20240104,09:32:06,9.95,50,23500
20240104,09:32:16,10.05,100,23500
20240104,09:32:25,10.15,50,23500
20240104,09:32:52,10.2,950,23350
20240104,09:33:01,10.25,100,23350
20240104,09:34:42,10.45,300,23350
20240104,09:34:52,10.45,50,23350
20240104,09:35:01,10.55,50,23350
20240104,09:35:10,10.55,50,23350
20240104,09:35:19,10.55,50,23350
20240104,09:35:28,10.6,50,23350
20240104,09:36:21,10.6,50,23350
20240104,09:36:39,10.6,50,23350
20240104,09:37:32,10.6,300,23350
20240104,09:37:41,10.65,50,23350
20240104,09:37:53,10.75,50,23350
20240104,09:38:05,10.95,200,23350
20240104,09:38:15,11.05,150,23350
20240104,09:38:25,11.05,50,23350
20240104,09:39:57,10.95,100,23500
20240104,09:40:07,10.8,150,23500
20240104,09:40:26,10.85,50,23500
20240104,09:42:53,10.8,50,23650
20240104,09:43:20,10.75,200,23650
20240104,09:43:38,10.75,200,23650
20240104,09:43:56,10.7,50,23650
20240104,09:45:57,10.7,100,23800
20240104,09:46:52,10.65,300,23800
20240104,09:47:10,10.65,700,23800
20240104,09:47:29,10.65,250,23800
20240104,09:48:33,10.5,50,23650
20240104,09:48:45,10.4,50,23650
20240104,09:50:54,10.45,50,23600
20240104,09:51:31,10.45,500,23600
20240104,09:57:08,10.2,50,23600
20240104,09:57:17,10.05,50,23600
20240104,09:57:26,9.95,250,23600
20240104,09:59:43,9.95,200,23350
20240104,10:00:10,9.95,100,23350
20240104,10:00:28,9.95,100,23350
20240104,10:05:22,10.0,400,23550
20240104,10:08:44,10.05,50,23650
20240104,10:09:11,10.05,200,23650
20240104,10:09:21,10.05,400,23650
20240104,10:09:30,10.05,550,23650
20240104,10:09:40,9.95,1300,23650
20240104,10:09:49,9.95,250,23650
20240104,10:09:58,9.95,50,23650
20240104,10:10:07,9.95,400,23650
20240104,10:10:25,9.95,50,23650
20240104,10:11:27,9.9,250,23650
20240104,10:12:40,9.95,250,25200
20240104,10:12:58,10.0,1150,25200
20240104,10:13:17,9.95,100,25200
20240104,10:13:36,10.0,550,25200
20240104,10:13:45,9.95,200,25200
20240104,10:13:55,10.0,50,25200
20240104,10:14:14,10.0,450,25200
20240104,10:14:26,9.95,150,25200
20240104,10:15:07,9.95,550,26500
20240104,10:15:19,10.0,200,26500
20240104,10:15:40,10.05,50,26500
20240104,10:18:00,10.25,200,26300
20240104,10:18:19,10.25,50,26300
20240104,10:18:37,10.45,250,26300
20240104,10:19:26,10.45,200,26300
20240104,10:19:46,10.35,1250,26300
20240104,10:19:55,10.35,100,26300
20240104,10:20:23,10.3,50,26300
20240104,10:21:09,10.4,500,27100
20240104,10:21:20,10.35,50,27100
20240104,10:21:50,10.3,150,27100
20240104,10:23:32,10.25,50,27100
20240104,10:23:41,10.2,50,25650
20240104,10:24:19,10.1,400,25650
20240104,10:24:28,10.1,250,25650
20240104,10:25:06,10.1,150,25650
20240104,10:25:16,10.05,750,25650
20240104,10:25:35,10.05,50,25650
20240104,10:25:45,10.05,1350,25650
20240104,10:25:54,10.05,50,25650
20240104,10:26:21,10.05,50,25650
20240104,10:26:49,9.95,50,24800
20240104,10:27:24,9.9,200,24800
20240104,10:27:43,9.95,100,24800
20240104,10:27:53,9.95,450,24800
20240104,10:28:19,9.9,100,24800
20240104,10:29:31,9.9,100,24800
20240104,10:29:48,9.9,200,25400
20240104,10:29:57,10.0,50,25400
20240104,10:30:16,10.0,150,25400
20240104,10:30:53,10.0,50,25400
20240104,10:31:48,10.0,50,25400
20240104,10:32:14,9.95,50,25400
20240104,10:32:59,9.95,1100,25500
20240104,10:34:19,9.95,100,25500
20240104,10:35:11,9.9,50,25500
20240104,10:36:40,9.8,50,24700
20240104,10:36:59,9.85,100,24700
20240104,10:37:18,9.8,50,24700
20240104,10:38:50,9.8,50,24700
20240104,10:39:00,9.8,50,24700
20240104,10:40:39,9.75,50,24700
20240104,10:41:25,9.75,100,24700
20240104,10:41:34,9.7,200,24700
20240104,10:41:43,9.7,50,24700
20240104,10:42:10,9.65,50,24850
20240104,10:42:53,9.65,650,24850
20240104,10:43:39,9.65,50,24850
20240104,10:43:47,9.65,100,24850
20240104,10:44:22,9.65,50,24850
20240104,10:44:31,9.75,50,24850
20240104,10:44:48,9.65,100,25300
20240104,10:44:56,9.65,100,25300
20240104,10:45:05,9.65,150,25300
20240104,10:45:13,9.65,450,25300
20240104,10:46:06,9.65,150,25300
20240104,10:46:16,9.6,550,25300
20240104,10:47:00,9.6,50,25300
20240104,10:47:18,9.5,50,25300
20240104,10:47:52,9.45,50,25500
20240104,10:48:01,9.5,100,25500
20240104,10:48:19,9.45,150,25500
20240104,10:49:38,9.5,650,25500
20240104,10:49:56,9.5,50,25500
20240104,10:50:05,9.45,100,25500
20240104,10:50:24,9.45,150,25500
20240104,10:50:42,9.45,50,25500
20240104,10:51:00,9.4,50,25150
20240104,10:51:10,9.45,250,25150
20240104,10:51:19,9.5,50,25150
20240104,10:51:46,9.45,150,25150
20240104,10:51:55,9.35,100,25150
20240104,10:52:04,9.4,50,25150
20240104,10:52:13,9.35,100,25150
20240104,10:52:48,9.4,50,25150
20240104,10:53:40,9.3,50,25150
20240104,11:01:23,9.3,50,25400
20240104,11:01:41,9.3,50,25400
20240104,11:02:43,9.3,1450,26450
20240104,11:02:59,9.3,50,26450
20240104,11:04:03,9.4,100,26450
20240104,11:04:12,9.4,50,26450
20240104,11:04:57,9.3,250,26450
20240104,11:05:50,9.35,50,26450
20240104,11:07:13,9.5,50,27000
20240104,11:07:22,9.55,100,27000
20240104,11:07:31,9.6,150,27000
20240104,11:07:40,9.6,200,27000
20240104,11:08:08,9.6,1100,27000
20240104,11:08:28,9.65,100,27000
20240104,11:08:38,9.65,150,27000
20240104,11:09:50,9.65,350,28150
20240104,11:10:35,9.65,150,28150
20240104,11:11:10,9.65,300,28150
20240104,11:11:54,9.6,50,28600
20240104,11:12:46,9.6,250,28600
20240104,11:13:30,9.55,50,28600
20240104,11:13:46,9.55,50,28600
20240104,11:13:55,9.5,50,28600
20240104,11:14:03,9.55,50,28600
20240104,11:18:34,9.8,50,27700
20240104,11:19:51,9.7,50,27700
20240104,11:20:11,9.65,50,27700
20240104,11:20:20,9.65,50,27700
20240104,11:21:17,9.65,150,27800
20240104,11:21:36,9.65,100,27800
20240104,11:23:16,9.65,50,27800
20240104,11:23:25,9.65,150,27800
20240104,11:24:10,9.7,100,27800
20240104,11:28:27,9.55,200,27800
20240104,11:29:31,9.5,100,27800
20240104,11:29:57,9.5,250,27800
20240104,11:30:50,9.45,50,27800
20240104,11:31:08,9.45,300,27800
20240104,11:32:52,9.45,50,27600
20240104,11:33:01,9.45,50,27600
20240104,11:33:36,9.45,50,27600
20240104,11:33:52,9.5,50,27600
20240104,11:34:53,9.45,250,27600
20240104,11:36:48,9.5,50,27500
20240104,11:36:57,9.5,100,27500
20240104,11:37:49,9.45,50,27500
20240104,11:37:58,9.45,150,27500
20240104,11:38:16,9.45,200,27500
20240104,11:38:53,9.45,1200,27650
20240104,11:39:02,9.45,200,27650
20240104,11:39:51,9.4,50,27650
20240104,11:40:25,9.45,50,27650
20240104,11:40:33,9.45,50,27650
20240104,11:41:59,9.45,100,26900
20240104,11:42:33,9.5,100,26900
20240104,11:42:50,9.5,150,26900
20240104,11:43:41,9.55,100,26900
20240104,11:44:14,9.55,50,26900
20240104,11:44:22,9.55,50,26900
20240104,11:44:53,9.55,100,26900
20240104,11:45:01,9.55,50,26900
20240104,11:45:26,9.55,150,26900
20240104,11:46:57,9.55,50,26900
20240104,11:48:03,9.6,50,26900
20240104,11:49:29,9.55,50,26900
20240104,11:50:03,9.6,100,26900
20240104,11:51:39,9.6,50,26900
20240104,11:51:48,9.6,50,26900
20240104,11:55:36,9.5,50,26850
20240104,11:55:54,9.5,50,26850
20240104,11:56:35,9.55,300,26850
20240104,11:57:00,9.55,50,26850
20240104,11:57:16,9.5,150,26850
20240104,11:57:24,9.5,50,26850
20240104,11:57:31,9.55,150,26850
20240104,11:57:55,9.5,50,26850
20240104,11:58:32,9.55,50,26850
20240104,11:59:38,9.5,150,26850
20240104,11:59:46,9.5,100,26850
20240104,12:01:02,9.6,50,27000
20240104,12:02:15,9.6,200,27000
20240104,12:02:58,9.65,50,27000
20240104,12:03:16,9.65,100,27000
20240104,12:03:24,9.65,50,27000
20240104,12:03:33,9.65,50,27000
20240104,12:04:23,9.65,700,27000
20240104,12:12:22,9.6,50,27600
20240104,12:12:30,9.55,100,27600
20240104,12:12:46,9.55,50,27600
20240104,12:15:02,9.45,150,27650
20240104,12:22:24,9.5,200,27800
20240104,12:23:14,9.55,250,27800
20240104,12:25:54,9.75,50,27750
20240104,12:26:12,9.75,100,27750
20240104,12:27:40,9.8,400,27900
20240104,12:27:48,9.8,200,27900
20240104,12:29:32,9.75,50,27900
20240104,12:29:42,9.75,50,27900
20240104,12:29:53,9.85,500,27900
20240104,12:30:12,9.8,150,27800
20240104,12:30:21,9.8,50,27800
20240104,12:30:29,9.8,50,27800
20240104,12:30:38,9.8,250,27800
20240104,12:30:57,9.85,50,27800
20240104,12:31:15,9.85,100,27800
20240104,12:31:24,9.8,50,27800
20240104,12:32:31,9.75,100,27800
20240104,12:32:40,9.75,600,27800
20240104,12:32:51,9.85,200,27800
20240104,12:33:38,9.8,50,26950
20240104,12:33:47,9.8,50,26950
20240104,12:34:46,9.8,100,26950
20240104,12:39:12,9.85,50,26950
20240104,12:39:21,9.85,150,26950
20240104,12:39:30,10.05,1850,26950
20240104,12:40:41,10.3,400,26950
20240104,12:41:14,10.4,100,26950
20240104,12:41:48,10.45,50,26950
20240104,12:41:57,10.45,250,26900
20240104,12:42:05,10.45,100,26900
20240104,12:42:14,10.4,100,26900
20240104,12:42:30,10.45,100,26900
20240104,12:42:48,10.4,50,26900
20240104,12:42:56,10.45,50,26900
20240104,12:43:11,10.45,400,26900
20240104,12:43:20,10.45,100,26900
20240104,12:43:27,10.4,150,26900
20240104,12:43:50,10.35,100,26900
20240104,12:44:06,10.35,700,26900
20240104,12:44:14,10.4,100,26900
20240104,12:44:31,10.35,100,26900
20240104,12:44:39,10.3,250,26900
20240104,12:45:13,10.35,100,28200
20240104,12:45:22,10.35,50,28200
20240104,12:46:05,10.35,150,28200
20240104,12:46:57,10.35,150,28200
20240104,12:47:06,10.35,50,28200
20240104,12:47:15,10.35,50,28200
20240104,12:47:33,10.4,400,28200
20240104,12:47:44,10.35,200,28200
20240104,12:48:21,10.35,400,29300
20240104,12:48:46,10.35,100,29300
20240104,12:48:55,10.3,50,29300
20240104,12:49:38,10.35,50,29300
20240104,12:51:46,10.15,50,29850
20240104,12:52:37,10.15,150,29850
20240104,12:52:46,10.1,100,29850
20240104,12:53:02,10.15,50,29850
20240104,12:53:11,10.1,50,29850
20240104,12:54:34,10.0,50,28550
20240104,12:56:22,10.05,50,28550
20240104,13:02:24,10.0,50,27200
20240104,13:02:41,10.05,50,27200
20240104,13:06:02,10.1,50,27250
20240104,13:06:11,10.1,150,27250
20240104,13:06:19,10.05,150,27250
20240104,13:09:23,10.05,50,27100
20240104,13:10:34,10.1,200,27100
20240104,13:11:11,10.15,350,27100
20240104,13:11:54,10.1,100,27100
20240104,13:12:28,10.1,50,27350
20240104,13:13:59,10.1,450,27350
20240104,13:14:08,10.1,150,27350
20240104,13:14:26,10.1,850,27350
20240104,13:15:40,10.05,150,27550
20240104,13:20:19,10.05,50,27350
20240104,13:23:37,10.0,50,27300
20240104,13:26:07,9.95,50,27300
20240104,13:27:18,9.9,100,27300
20240104,13:28:16,9.85,50,27300
20240104,13:28:26,9.85,50,27300
20240104,13:29:10,9.9,50,27300
20240104,13:29:19,9.85,200,27300
20240104,13:29:27,9.9,50,27300
20240104,13:29:52,9.85,50,27300
20240104,13:33:55,9.55,50,27300
20240104,13:34:04,9.6,50,27300
20240104,13:34:22,9.5,100,27300
20240104,13:36:40,9.4,50,27350
20240104,13:36:58,9.4,50,27350
20240104,13:38:35,9.5,50,27350
20240104,13:40:10,9.75,50,27000
20240104,13:40:29,9.65,100,27000
20240104,13:49:22,9.7,50,27000
20240104,13:50:22,9.75,300,27000
20240104,13:51:12,9.8,50,26750
20240104,13:51:54,9.7,150,26750
20240104,13:52:03,9.65,100,26750
20240104,13:52:47,9.65,50,26750
20240104,13:52:56,9.6,50,26750
20240104,13:54:58,9.55,50,26850
20240104,13:55:27,9.5,50,26850
20240104,13:55:45,9.5,50,26850
20240104,13:56:52,9.5,50,26850
20240104,13:57:17,9.6,400,26750
20240104,13:59:20,9.45,50,26750
20240104,13:59:38,9.3,100,26750
20240104,14:01:17,9.2,100,26900
20240104,14:08:47,9.4,50,26900
20240104,14:10:46,9.5,100,26950
20240104,14:10:55,9.5,50,26950
20240104,14:11:13,9.5,50,26950
20240104,14:12:30,9.5,450,27000
20240104,14:12:38,9.45,150,27000
20240104,14:14:17,9.4,50,27000
20240104,14:16:31,9.35,50,27550
20240104,14:19:39,9.3,700,27550
20240104,14:25:24,9.2,50,27550
20240104,14:28:14,8.95,50,27500
20240104,14:29:54,8.95,100,27500
20240104,14:30:16,9.1,1550,27400
20240104,14:30:53,9.1,50,27400
20240104,14:31:59,9.15,650,27400
20240104,14:32:09,9.15,100,27400
20240104,14:33:02,9.15,200,27400
20240104,14:33:28,9.1,100,25450
20240104,14:35:46,9.05,50,25450
20240104,14:38:52,9.05,50,25450
20240104,14:39:09,9.05,500,25450
20240104,14:40:49,9.05,200,24950
20240104,14:45:04,9.0,100,24950
20240104,14:45:37,8.95,100,24950
20240104,14:46:17,8.95,400,24950
20240104,14:48:25,9.1,100,24700
20240104,14:48:33,9.15,450,24700
20240104,14:48:42,9.2,100,24700
20240104,14:49:39,9.2,100,24700
20240104,14:49:56,9.25,100,24700
20240104,14:50:14,9.25,100,24700
20240104,14:50:30,9.3,550,24700
20240104,14:50:55,9.3,50,24700
20240104,14:51:18,9.35,100,24400
20240104,14:51:36,9.3,100,24400
20240104,14:53:51,9.4,150,24400
20240104,14:54:00,9.55,750,24400
20240104,15:01:57,9.6,200,23700
20240104,15:03:36,9.55,200,23700
20240104,15:03:45,9.6,200,23700
20240104,15:06:30,9.45,100,23900
20240104,15:11:33,9.5,250,24000
20240104,15:12:14,9.6,50,24000
20240104,15:12:33,9.6,50,24100
20240104,15:13:24,9.6,50,24100
20240104,15:14:05,9.6,50,24100
20240104,15:14:14,9.55,250,24100
20240104,15:14:23,9.55,550,24100
20240104,15:14:32,9.6,50,24100
20240104,15:14:42,9.5,50,24100
20240104,15:15:18,9.45,50,23750
20240104,15:15:37,9.45,50,23750
20240104,15:15:58,9.4,50,23750
20240104,15:16:26,9.4,50,23750
20240104,15:16:54,9.4,50,23750
20240104,15:17:31,9.35,50,23750
20240104,15:17:41,9.3,100,23750
20240104,15:18:27,9.3,50,23900
20240104,15:19:39,9.4,50,23900
20240104,15:20:08,9.35,50,23900
20240104,15:20:30,9.4,50,23900
20240104,15:20:58,9.4,50,23900
20240104,15:21:26,9.4,50,24150
20240104,15:21:45,9.4,50,24150
20240104,15:21:55,9.4,50,24150
20240104,15:22:05,9.4,50,24150
20240104,15:22:15,9.4,50,24150
20240104,15:22:46,9.3,2450,24150
20240104,15:22:56,9.25,2950,24150
20240104,15:23:05,9.25,50,24150
20240104,15:23:14,9.25,250,24150
20240104,15:23:34,9.25,200,24150
20240104,15:23:45,9.4,50,24150
20240104,15:24:18,9.55,50,24150
20240104,15:24:47,9.55,300,28300
20240104,15:24:57,9.55,50,28300
20240104,15:25:17,9.55,50,28300
20240104,15:25:28,9.55,250,28300
20240104,15:25:49,9.5,300,28300
20240104,15:26:21,9.55,500,28300
20240104,15:26:42,9.75,50,28300
20240104,15:27:03,9.75,50,28300
20240104,15:27:14,9.75,150,28300
20240104,15:27:27,9.75,550,27650
20240104,15:27:51,9.9,100,27650
20240104,15:28:02,9.85,700,27650
20240104,15:28:13,9.95,250,27650
20240104,15:28:23,9.9,50,27650
20240104,15:28:33,9.95,500,27650
20240104,15:28:43,10.05,850,27650
20240104,15:28:52,10.15,350,27650
20240104,15:29:02,10.0,200,27650
20240104,15:29:23,10.05,50,27650
20240104,15:29:35,10.15,50,27650
20240104,15:29:47,10.0,50,27650
20240104,15:29:58,9.8,250,27650
20240105,09:15:33,10.75,1,25600
20240105,09:15:33,10.8,150,25600
20240105,09:15:41,10.0,50,25600
20240105,09:16:44,10.0,50,25600
20240105,09:17:11,10.3,300,25600
20240105,09:17:26,10.2,200,25650
20240105,09:17:33,10.15,50,25650
20240105,09:17:48,10.05,50,25650
20240105,09:17:55,10.05,200,25650
20240105,09:18:03,10.0,650,25650
20240105,09:18:25,9.85,50,25650
20240105,09:18:34,9.85,50,25650
20240105,09:19:09,9.85,50,25650
20240105,09:19:46,9.9,50,25650
20240105,09:19:56,9.9,100,25650
20240105,09:20:06,9.8,50,25650
20240105,09:20:24,9.75,50,26650
20240105,09:20:34,9.7,200,26650
20240105,09:20:52,9.65,50,26650
20240105,09:21:01,9.65,100,26650
20240105,09:21:11,9.7,100,26650
20240105,09:21:19,9.65,50,26650
20240105,09:21:38,9.65,50,26650
20240105,09:22:19,9.55,100,26650
20240105,09:22:29,9.5,150,26650
20240105,09:22:49,9.45,50,26650
20240105,09:22:58,9.45,250,26650
20240105,09:23:07,9.5,50,26650
20240105,09:23:26,9.25,1400,27000
20240105,09:23:35,9.3,350,27000
20240105,09:23:43,9.3,150,27000
20240105,09:23:52,9.3,50,27000
20240105,09:24:02,9.3,150,27000
20240105,09:24:12,9.3,50,27000
20240105,09:24:41,9.25,200,27000
20240105,09:25:10,9.25,250,27000
20240105,09:25:49,9.3,100,27000
20240105,09:26:08,9.15,200,27000
20240105,09:26:18,9.15,50,27000
20240105,09:26:36,9.15,50,26600
20240105,09:27:30,9.1,150,26600
20240105,09:30:17,8.95,50,26450
20240105,09:31:12,8.95,50,26450
20240105,09:32:24,8.9,50,26450
20240105,09:32:32,8.9,50,26500
20240105,09:33:42,8.9,50,26500
20240105,09:34:09,8.9,50,26500
20240105,09:35:15,8.85,50,26500
20240105,09:41:50,8.65,200,26600
20240105,09:49:33,8.4,50,26400
20240105,09:55:17,8.4,150,26350
20240105,09:55:26,8.4,50,26350
20240105,09:59:23,7.9,4400,26200
20240105,09:59:32,8.05,3600,24800
20240105,09:59:40,8.2,50,24800
20240105,10:00:05,8.2,50,24800
20240105,10:01:12,8.3,1400,24800
20240105,10:01:21,8.35,600,24800
20240105,10:03:43,8.3,800,23800
20240105,10:04:32,8.3,50,23800
20240105,10:04:40,8.35,100,23800
20240105,10:10:48,8.2,800,23100
20240105,10:19:43,8.1,50,22750
20240105,10:23:02,8.0,50,22700
20240105,10:27:47,8.0,50,22700
20240105,10:29:11,7.95,100,22700
20240105,10:32:26,8.0,50,22750
20240105,10:37:11,7.95,50,22700
20240105,10:38:22,7.9,250,22700
20240105,10:38:59,7.85,50,22450
20240105,10:40:11,7.85,300,22450
20240105,10:40:52,7.85,50,22450
20240105,10:43:33,7.75,50,22200
20240105,10:44:22,7.65,500,22200
20240105,10:44:33,7.65,50,22200
20240105,10:45:01,7.65,150,22100
20240105,10:45:29,7.65,500,22100
20240105,10:48:31,7.5,50,22050
20240105,10:51:41,7.5,50,22100
20240105,10:52:08,7.5,150,22100
20240105,10:52:17,7.45,50,22100
20240105,10:52:35,7.45,50,22100
20240105,10:55:56,7.3,50,22150
20240105,10:56:17,7.2,250,22150
20240105,10:56:44,7.15,50,22150
20240105,10:57:34,7.1,50,22150
20240105,10:57:54,7.1,50,22150
20240105,10:59:35,7.05,100,22150
20240105,11:00:12,7.05,50,21950
20240105,11:01:44,7.05,50,21950
20240105,11:02:45,7.15,250,22050
20240105,11:05:09,7.05,200,22050
20240105,11:06:20,7.25,50,21850
20240105,11:06:47,7.2,50,21850
20240105,11:07:04,7.15,150,21850
20240105,11:07:13,7.05,150,21850
20240105,11:07:23,6.95,1650,21850
20240105,11:08:06,6.8,1500,21850
20240105,11:09:27,6.9,100,21850
20240105,11:10:11,6.9,200,21850
20240105,11:10:48,6.9,50,21850
20240105,11:10:56,6.9,50,21850
20240105,11:12:38,7.0,50,21450
20240105,11:13:48,6.95,250,21450
20240105,11:14:41,6.95,200,21450
20240105,11:15:25,6.9,250,21000
20240105,11:16:19,6.9,450,21000
20240105,11:16:55,6.8,200,21000
20240105,11:17:23,6.75,50,21000
20240105,11:17:51,6.7,200,20700
20240105,11:18:02,6.7,100,20700
20240105,11:18:12,6.7,250,20700
20240105,11:18:21,6.7,750,20700
20240105,11:19:49,6.7,50,20700
20240105,11:20:08,6.7,200,20700
20240105,11:21:06,6.7,100,21250
20240105,11:22:10,6.65,250,21250
20240105,11:22:46,6.6,50,21250
20240105,11:24:37,6.6,400,21300
20240105,11:25:04,6.6,50,21300
20240105,11:35:13,6.6,50,21550
20240105,11:52:22,6.5,50,21500
20240105,11:52:39,6.5,50,21500
20240105,11:55:59,6.55,50,21400
20240105,11:59:56,6.6,400,21400
20240105,12:00:30,6.65,50,21400
20240105,12:13:19,6.75,50,21050
20240105,12:13:27,6.75,50,21050
20240105,12:19:10,6.85,50,21000
20240105,12:25:18,6.9,50,21050
20240105,12:28:59,6.85,50,21000
20240105,12:31:49,6.9,200,20950
20240105,12:42:42,6.9,50,20900
20240105,12:43:18,6.85,100,20900
20240105,12:45:33,6.85,50,20750
20240105,12:46:31,6.85,50,20750
20240105,13:00:08,6.65,50,20700
20240105,13:02:28,6.7,50,20700
20240105,13:11:06,6.7,50,20700
20240105,13:23:55,6.6,150,20750
20240105,13:27:59,6.65,150,20600
20240105,13:38:54,6.6,150,20600
20240105,13:40:03,6.55,100,20600
20240105,14:00:35,6.4,50,20600
20240105,14:01:44,6.2,100,20600
20240105,14:09:12,6.2,200,20650
20240105,14:09:41,6.1,50,20650
20240105,14:13:06,6.0,200,20600
20240105,14:18:55,5.9,50,20400
20240105,14:22:22,5.85,50,20350
20240105,14:22:41,5.85,100,20350
20240105,14:22:51,5.85,50,20350
20240105,14:23:48,5.85,250,20350
20240105,14:24:16,5.85,50,20300
20240105,14:24:25,5.85,100,20300
20240105,14:24:36,5.85,50,20300
20240105,14:25:14,5.9,100,20300
20240105,14:25:23,5.85,50,20300
20240105,14:26:20,5.9,50,20300
20240105,14:26:29,5.85,50,20300
20240105,14:27:14,5.85,50,20050
20240105,14:28:50,5.95,50,20050
20240105,14:29:23,5.85,50,20050
20240105,14:29:31,5.9,50,20050
20240105,14:31:05,5.85,50,19900
20240105,14:42:06,6.2,50,19850
20240105,14:42:14,6.2,50,19900
20240105,14:45:09,6.25,50,19900
20240105,14:45:55,6.3,50,19950
20240105,14:46:58,6.3,50,19950
20240105,14:56:40,6.55,250,20000
20240105,14:58:13,6.7,50,20250
20240105,14:58:23,6.7,50,20250
20240105,14:58:42,6.65,100,20250
20240105,14:59:01,6.6,100,20250
20240105,14:59:10,6.65,150,20250
20240105,14:59:20,6.6,100,20250
20240105,14:59:39,6.6,50,20250
20240105,15:04:07,6.65,50,20100
20240105,15:05:16,6.55,100,20100
20240105,15:05:55,6.65,50,20100
20240105,15:10:07,6.5,50,19950
20240105,15:12:02,6.5,50,19950
20240105,15:13:57,6.5,150,20050
20240105,15:15:22,6.35,50,20050
20240105,15:19:58,5.95,50,20000
20240105,15:25:48,5.8,100,20000
20240105,15:25:57,5.8,50,20000
20240105,15:28:03,5.75,100,19950
20240105,15:28:30,5.75,150,19950
20240108,09:16:30,6.0,1,19700
20240108,09:16:30,6.0,50,19700
20240108,09:17:32,5.9,50,19750
20240108,09:18:58,5.9,100,19750
20240108,09:19:43,6.05,100,19750
20240108,09:32:14,6.15,200,19800
20240108,09:33:30,6.15,250,19800
20240108,09:34:01,6.05,150,19800
20240108,09:34:32,6.15,100,19800
20240108,09:34:42,6.25,150,19800
20240108,09:50:10,6.25,50,19800
20240108,10:09:57,5.9,50,19850
20240108,10:24:52,5.75,150,19900
20240108,10:34:03,5.75,50,19850
20240108,10:37:42,5.85,50,19800
20240108,10:38:31,5.85,100,19800
20240108,10:38:40,5.8,100,19800
20240108,10:40:56,5.8,250,19850
20240108,11:11:58,5.85,50,19850
20240108,11:19:28,5.5,50,19900
20240108,11:27:37,5.5,150,19900
20240108,11:35:11,5.5,50,19900
20240108,11:35:41,5.5,50,19900
20240108,11:43:10,5.5,150,19900
20240108,11:43:27,5.55,50,19900
20240108,11:57:31,5.55,50,19700
20240108,12:04:00,5.45,100,19750
20240108,12:11:36,5.45,50,19850
20240108,12:11:44,5.5,50,19850
20240108,12:12:01,5.45,100,19950
20240108,12:30:49,5.8,300,19950
20240108,12:37:29,5.55,150,20100
20240108,12:51:31,5.55,150,19950
20240108,12:51:42,5.6,50,19950
20240108,12:55:13,5.65,150,20000
20240108,13:04:05,5.55,2050,20000
20240108,13:05:49,5.6,50,20000
20240108,13:05:58,5.6,50,20000
20240108,13:06:17,5.6,50,21800
20240108,13:06:27,5.6,150,21800
20240108,13:06:36,5.6,400,21800
20240108,13:06:46,5.6,300,21800
20240108,13:06:55,5.6,50,21800
20240108,13:07:04,5.6,100,21800
20240108,13:07:14,5.6,50,21800
20240108,13:08:01,5.6,200,21800
20240108,13:08:11,5.6,50,21800
20240108,13:08:30,5.6,50,21800
20240108,13:08:48,5.6,100,21800
20240108,13:12:33,5.55,100,23150
20240108,13:13:17,5.5,100,23150
20240108,13:18:08,5.45,250,20350
20240108,13:19:33,5.45,50,20350
20240108,13:20:05,5.45,250,20350
20240108,13:21:23,5.4,200,19750
20240108,13:23:48,5.4,50,19750
20240108,13:23:57,5.4,250,19750
20240108,13:25:00,5.4,50,19750
20240108,13:55:14,5.55,100,19700
20240108,13:55:40,5.55,50,19700
20240108,13:55:49,5.55,100,19700
20240108,14:00:02,5.4,50,19850
20240108,14:15:38,5.6,100,19800
20240108,14:18:44,5.55,50,19800
20240108,14:21:21,5.55,50,19750
20240108,14:22:30,5.55,200,19750
20240108,14:24:37,5.45,400,19500
20240108,14:25:41,5.4,300,19500
20240108,14:27:19,5.5,50,19500
20240108,14:28:02,5.55,100,19500
20240108,14:29:57,5.6,100,19500
20240108,14:30:09,5.65,200,19500
20240108,14:35:27,5.65,450,19550
20240108,14:36:58,5.65,100,19450
20240108,14:37:31,5.6,50,19450
20240108,14:41:11,5.6,50,19400
20240108,14:42:00,5.65,100,19400
20240108,14:45:10,5.6,50,19350
20240108,14:45:50,5.55,50,19300
20240108,14:46:01,5.6,50,19300
20240108,14:46:20,5.55,50,19300
20240108,14:46:40,5.55,50,19300
20240108,14:47:00,5.55,50,19300
20240108,14:47:19,5.6,150,19300
20240108,14:47:29,5.6,50,19300
20240108,14:47:48,5.6,50,19300
20240108,14:48:08,5.55,50,19300
20240108,14:48:27,5.55,50,19050
20240108,14:48:46,5.55,50,19050
20240108,14:49:34,5.55,50,19050
20240108,14:49:54,5.5,50,19050
20240108,14:50:16,5.5,50,19050
20240108,14:50:37,5.45,100,19050
20240108,14:50:56,5.6,150,19050
20240108,14:51:06,5.6,100,19050
20240108,14:51:36,5.55,50,18650
20240108,14:52:33,5.65,150,18650
20240108,14:53:13,5.7,150,18650
20240108,14:53:23,5.7,150,18650
20240108,14:53:52,5.7,50,18650
20240108,14:54:51,5.7,50,18350
20240108,14:55:10,5.65,50,18350
20240108,14:55:29,5.7,50,18350
20240108,14:55:39,5.7,50,18350
20240108,14:56:08,5.75,100,18350
20240108,14:56:19,5.7,50,18350
20240108,14:58:25,5.75,50,18150
20240108,14:59:49,5.7,100,18150
20240108,15:00:31,5.7,50,18100
20240108,15:00:41,5.7,50,18100
20240108,15:01:57,5.75,200,18100
20240108,15:02:08,5.75,150,18100
20240108,15:02:29,5.7,150,18100
20240108,15:04:01,5.8,50,17950
20240108,15:06:51,5.9,50,17900
20240108,15:09:20,5.9,150,17900
20240108,15:09:30,5.9,50,17900
20240108,15:10:53,5.9,50,17900
20240108,15:13:22,5.95,100,17850
20240108,15:14:18,5.95,50,17850
20240108,15:14:29,6.0,50,17850
20240108,15:14:39,5.95,50,17850
20240108,15:15:09,6.0,50,17850
20240108,15:19:28,5.9,100,18100
20240108,15:20:19,5.9,100,18100
20240108,15:28:10,6.0,50,18150
20240108,15:29:50,6.0,100,18150
20240109,09:15:25,5.85,1,18100
20240109,09:15:25,5.85,50,18100
20240109,09:21:01,5.85,150,18100
20240109,09:22:54,5.75,50,18100
20240109,09:23:15,5.65,100,18100
20240109,09:32:14,5.65,50,18050
20240109,09:34:14,5.65,50,18100
20240109,09:35:05,5.6,50,18100
20240109,09:39:18,5.6,50,18100
20240109,09:49:12,5.3,200,18150
20240109,10:05:36,5.25,100,18000
20240109,10:15:18,5.45,50,18000
20240109,10:25:59,5.85,50,18050
20240109,10:26:20,6.05,50,18050
20240109,10:28:04,6.1,50,18150
20240109,10:32:29,6.1,200,18200
20240109,10:40:44,5.95,100,18400
20240109,10:41:04,5.95,100,18400
20240109,10:41:14,5.95,100,18400
20240109,10:42:36,6.05,500,18450
20240109,10:42:58,5.9,400,18450
20240109,10:43:12,5.95,250,18450
20240109,10:43:24,6.0,100,18450
20240109,10:44:00,6.15,50,18450
20240109,10:45:33,6.35,800,19500
20240109,10:46:09,6.3,50,19500
20240109,10:46:53,6.1,50,19500
20240109,10:47:04,6.05,450,19500
20240109,10:49:35,6.25,100,20750
20240109,10:50:26,6.35,500,20750
20240109,10:52:10,6.35,500,21350
20240109,10:52:20,6.35,500,21350
