date,time,tick_price,volume,open_interest
20240216,12:31:09,476.0,100,50
20240216,12:33:06,390.6,100,50
20240216,13:05:38,390.6,50,50
20240216,13:15:19,369.75,50,50
20240216,14:41:47,368.0,100,50
20240219,11:19:30,337.45,1,100
20240219,11:19:30,337.45,50,100
20240219,15:01:32,333.45,50,150
20240219,15:01:48,330.5,100,200
20240219,15:02:03,329.5,100,200
20240219,15:02:33,329.4,100,200
20240219,15:03:18,329.4,100,200
20240219,15:06:52,347.3,450,600
20240219,15:07:12,352.35,50,600
20240219,15:18:00,352.35,50,550
20240219,15:20:15,339.6,350,550
20240220,14:06:47,372.0,1,250
20240220,14:06:47,372.0,100,250
20240220,14:48:01,334.8,50,350
20240220,15:13:03,318.1,100,350
20240220,15:28:40,316.75,100,450
20240221,09:24:43,307.85,1,500
20240221,09:24:43,307.85,50,500
20240221,09:36:14,296.45,50,550
20240221,09:40:14,296.45,50,550
20240221,09:44:11,291.1,50,550
20240221,09:46:04,291.1,50,550
20240221,09:54:41,291.1,100,600
20240221,10:13:06,306.35,50,700
20240221,10:13:42,296.8,100,750
20240221,10:15:07,301.2,100,750
20240221,10:20:53,308.2,50,750
20240221,10:27:58,308.2,50,800
20240221,10:41:19,308.7,50,800
20240221,10:50:54,315.45,100,750
20240221,11:09:16,315.45,50,650
20240221,11:17:22,308.95,500,650
20240221,11:26:13,315.0,500,1200
20240221,11:50:53,291.25,50,1200
20240221,11:51:05,291.3,50,1200
20240221,12:21:26,286.4,200,1100
20240221,12:23:06,284.75,1800,1300
20240221,12:24:57,284.75,200,1300
20240221,12:43:05,284.8,50,2900
20240221,12:48:06,284.8,50,2950
20240221,13:08:17,278.8,1800,3000
20240221,13:09:31,278.8,100,3000
20240221,13:34:37,284.7,50,1250
20240221,13:41:33,272.15,50,1250
20240221,13:43:37,272.15,100,1250
20240221,13:48:16,296.7,50,1350
20240221,14:01:44,317.0,50,1400
20240221,14:02:02,317.0,50,1400
20240221,14:02:39,322.55,650,1400
20240221,14:15:20,334.95,850,2000
20240221,14:23:03,334.95,50,2850
20240221,14:25:59,362.85,100,2900
20240221,14:26:53,365.55,100,2900
20240221,14:27:27,358.3,50,2900
20240221,14:27:43,363.9,50,2900
20240221,14:31:23,361.35,50,2900
20240221,14:31:38,357.6,50,2900
20240221,14:35:15,361.0,750,2900
20240221,14:35:30,364.55,700,2900
20240221,14:37:47,361.9,50,2900
20240221,14:39:12,366.7,50,4350
20240221,14:39:32,378.75,300,4350
20240221,14:40:10,398.8,1800,4350
20240221,14:40:20,398.8,50,4350
20240221,14:40:51,389.6,50,4350
20240221,14:41:35,382.9,50,6450
20240221,14:41:52,378.6,1800,6450
20240221,14:44:39,382.85,50,4700
20240221,14:45:32,386.75,50,4700
20240221,14:48:04,390.45,50,4650
20240221,14:51:29,381.55,50,4650
20240221,14:53:29,381.0,50,4700
20240221,15:05:58,377.5,50,4750
20240221,15:07:05,371.65,50,4750
20240221,15:07:14,371.7,600,4750
20240221,15:12:46,368.1,50,5400
20240221,15:14:02,354.95,50,5400
20240221,15:14:45,353.45,50,5400
20240221,15:15:08,349.2,50,5400
20240221,15:15:53,352.0,50,5400
20240221,15:17:50,366.7,50,5400
20240221,15:18:19,366.0,50,5400
20240221,15:19:08,372.15,50,5400
20240221,15:20:10,373.6,500,5450
20240221,15:20:17,372.95,100,5450
20240221,15:21:06,372.25,300,5450
20240221,15:22:46,375.1,50,5450
20240221,15:29:33,400.35,50,5300
20240222,09:24:39,369.4,1,5350
20240222,09:24:39,369.4,600,5350
20240222,09:28:54,380.0,50,5950
20240222,09:47:23,380.0,50,5950
20240222,09:49:41,344.35,50,5900
20240222,09:49:56,355.6,50,5900
20240222,09:51:25,354.7,50,5900
20240222,09:51:54,360.55,50,5900
20240222,09:54:50,374.0,50,5950
20240222,10:04:00,420.65,50,5900
20240222,10:05:04,423.3,100,5900
20240222,10:05:27,426.9,50,5900
20240222,10:17:00,433.95,400,5950
20240222,10:19:02,433.95,100,5550
20240222,10:24:59,441.0,50,5450
20240222,11:32:53,441.2,50,5500
20240222,11:55:52,441.2,50,5550
20240222,11:56:20,411.1,50,5550
20240222,12:47:49,401.9,50,5650
20240222,13:49:50,342.0,50,5600
20240222,13:59:41,312.45,50,5550
20240222,14:00:03,304.35,50,5550
20240222,14:00:35,304.35,50,5550
20240222,14:04:49,307.05,50,5600
20240222,14:05:47,307.05,50,5600
20240222,14:11:34,318.75,50,5650
20240222,14:14:16,320.4,50,5650
20240222,14:24:54,326.1,100,5600
20240222,14:27:44,319.0,50,5550
20240222,14:28:08,314.0,50,5550
20240222,14:28:38,312.6,50,5550
20240222,14:37:47,308.3,50,5600
20240222,14:41:58,301.35,150,5550
20240222,14:42:50,299.35,50,5550
20240222,14:44:35,298.2,150,5750
20240222,14:47:03,298.2,500,5600
20240222,14:47:39,298.2,50,5600
20240222,14:47:53,297.3,50,5600
20240222,14:48:23,297.3,50,5600
20240222,14:54:00,278.0,50,6150
20240222,14:54:54,278.0,50,6150
20240222,14:56:04,280.3,50,6200
20240222,15:00:58,274.9,300,6250
20240222,15:03:55,274.9,50,6250
20240222,15:04:45,270.9,50,6250
20240222,15:06:50,270.9,1000,6300
20240222,15:07:29,272.2,100,6300
20240222,15:11:21,264.9,150,7100
20240222,15:13:28,258.65,50,7100
20240222,15:14:45,258.65,400,7250
20240222,15:16:09,257.55,300,7250
20240222,15:17:13,257.55,400,7900
20240222,15:17:21,255.8,400,7900
20240222,15:17:38,255.8,50,7900
20240222,15:18:17,256.35,50,7900
20240222,15:18:32,258.1,50,7900
20240222,15:19:04,258.05,50,7900
20240222,15:19:20,257.35,50,7900
20240222,15:20:07,257.75,350,8050
20240222,15:20:38,255.0,50,8050
20240222,15:20:49,255.0,50,8050
20240222,15:21:16,255.0,50,8050
20240222,15:21:49,258.1,50,8050
20240222,15:22:59,258.65,100,8150
20240222,15:23:16,258.45,300,8150
20240222,15:23:23,258.45,100,8150
20240222,15:24:10,257.6,50,8150
20240222,15:28:57,254.0,150,8550
20240222,15:29:52,252.05,50,8700
20240223,09:15:08,252.85,1,8700
20240223,09:15:08,252.85,50,8700
20240223,09:15:12,257.4,750,8700
20240223,09:15:16,254.0,200,8700
20240223,09:15:19,254.3,50,8700
20240223,09:15:23,253.65,1400,8700
20240223,09:15:26,252.6,750,8700
20240223,09:15:29,253.2,150,8700
20240223,09:15:39,250.7,50,8700
20240223,09:16:06,250.0,300,10850
20240223,09:16:12,249.6,150,10850
20240223,09:16:15,249.6,50,10850
20240223,09:16:40,252.4,50,10850
20240223,09:16:49,253.2,100,10850
20240223,09:16:55,253.9,50,10850
20240223,09:17:05,253.15,200,10850
20240223,09:17:08,252.5,100,10850
20240223,09:17:29,253.15,100,10850
20240223,09:17:32,253.65,100,10850
20240223,09:17:35,254.2,200,10850
20240223,09:17:38,254.35,100,10850
20240223,09:17:41,253.25,100,10850
20240223,09:17:44,252.35,50,10850
20240223,09:17:50,253.55,50,10850
20240223,09:18:01,253.1,250,10850
20240223,09:18:08,252.45,100,10850
20240223,09:18:25,250.0,100,10850
20240223,09:18:27,250.45,50,10850
20240223,09:18:29,249.2,100,10850
20240223,09:18:35,247.4,100,10850
20240223,09:18:56,247.4,100,10650
20240223,09:19:08,244.4,100,10650
20240223,09:19:24,243.05,50,10650
20240223,09:19:36,243.05,50,10650
20240223,09:19:45,244.4,50,10650
20240223,09:20:01,244.1,1000,10650
20240223,09:20:03,243.25,450,10650
20240223,09:20:45,248.3,100,10650
20240223,09:21:09,245.85,500,10650
20240223,09:21:10,245.0,50,10650
20240223,09:21:15,243.8,100,10650
20240223,09:21:17,242.35,50,10650
20240223,09:21:20,242.0,50,10650
20240223,09:21:25,241.95,100,10650
20240223,09:21:30,244.55,50,10650
20240223,09:21:32,244.8,50,10650
20240223,09:21:49,244.8,50,12150
20240223,09:21:50,245.7,50,12150
20240223,09:22:00,244.8,100,12150
20240223,09:22:07,243.85,50,12150
20240223,09:22:25,242.5,50,12150
20240223,09:22:32,242.15,500,12150
20240223,09:22:48,241.85,50,12150
20240223,09:22:50,241.15,50,12150
20240223,09:23:39,241.15,4000,12150
20240223,09:23:41,241.0,300,12150
20240223,09:24:14,241.0,50,12150
20240223,09:24:16,245.0,50,12150
20240223,09:24:17,245.0,950,12150
20240223,09:24:27,246.95,50,12150
20240223,09:24:29,246.65,150,12150
20240223,09:25:02,248.15,800,15600
20240223,09:25:06,248.65,150,15600
20240223,09:25:07,249.1,50,15600
20240223,09:25:09,250.45,150,15600
20240223,09:25:12,249.4,150,15600
20240223,09:25:14,250.15,150,15600
20240223,09:25:16,249.85,300,15600
20240223,09:25:17,250.45,50,15600
20240223,09:25:32,249.55,150,15600
20240223,09:25:57,250.45,50,15600
20240223,09:26:04,249.85,50,15600
20240223,09:26:09,246.75,250,15600
20240223,09:26:12,246.0,50,15600
20240223,09:26:14,246.8,50,15600
20240223,09:26:17,246.5,100,15600
20240223,09:26:22,246.2,150,15600
20240223,09:26:29,245.55,50,15600
20240223,09:26:45,246.2,250,15600
20240223,09:26:50,246.25,200,15600
20240223,09:26:59,245.65,50,15600
20240223,09:27:25,249.0,100,15600
20240223,09:27:35,253.5,50,15600
20240223,09:27:49,254.15,50,16400
20240223,09:27:54,252.3,150,16400
20240223,09:28:10,254.3,50,16400
20240223,09:28:35,253.2,50,16400
20240223,09:28:53,253.8,50,16400
20240223,09:29:16,252.65,50,16400
20240223,09:29:21,253.65,50,16400
20240223,09:29:35,254.7,100,16400
20240223,09:29:42,256.1,50,16400
20240223,09:29:50,254.8,100,16400
20240223,09:29:52,254.55,50,16400
20240223,09:29:55,254.95,50,16400
20240223,09:30:03,256.35,150,16400
20240223,09:30:17,257.2,250,16400
20240223,09:30:23,255.05,100,16400
20240223,09:30:25,256.55,50,16400
20240223,09:30:33,255.25,50,16400
20240223,09:30:35,254.5,50,16400
20240223,09:30:50,253.3,100,16800
20240223,09:31:38,253.0,50,16800
20240223,09:31:53,253.0,100,16800
20240223,09:31:56,252.85,50,16800
20240223,09:32:08,256.9,50,16800
20240223,09:32:27,255.0,700,16800
20240223,09:32:29,255.0,350,16800
20240223,09:32:35,255.0,50,16800
20240223,09:32:45,257.0,600,16800
20240223,09:32:50,257.0,400,16800
20240223,09:33:00,258.6,300,16800
20240223,09:33:15,259.15,100,16800
20240223,09:33:19,259.15,100,16800
20240223,09:34:03,259.8,150,17150
20240223,09:34:08,261.45,50,17150
20240223,09:34:25,261.45,1800,17150
20240223,09:34:27,261.05,50,17150
20240223,09:34:32,262.0,450,17150
20240223,09:34:39,262.0,50,17150
20240223,09:34:42,260.7,50,17150
20240223,09:34:47,260.0,250,17150
20240223,09:34:55,258.05,500,17150
20240223,09:34:59,257.05,150,17150
20240223,09:35:04,255.0,100,17150
20240223,09:35:07,253.15,100,17150
20240223,09:35:58,255.0,50,17150
20240223,09:36:17,254.05,50,17150
20240223,09:36:22,251.55,50,17150
20240223,09:36:24,252.45,50,17150
20240223,09:36:50,253.05,450,15450
20240223,09:37:00,251.0,1000,15450
20240223,09:38:07,245.6,200,15450
20240223,09:38:22,246.0,50,15450
20240223,09:38:26,245.0,100,15450
20240223,09:38:28,244.95,50,15450
20240223,09:38:58,242.95,50,15450
20240223,09:39:02,242.4,50,15450
20240223,09:39:08,240.9,150,15450
20240223,09:39:10,240.65,50,15450
20240223,09:39:23,240.65,100,15450
20240223,09:39:34,240.0,150,15450
20240223,09:39:42,238.15,100,15450
20240223,09:39:44,238.0,150,15450
20240223,09:39:55,237.9,200,16000
20240223,09:39:57,237.9,150,16000
20240223,09:39:59,239.1,150,16000
20240223,09:40:00,239.55,200,16000
20240223,09:40:02,239.55,100,16000
20240223,09:40:09,239.0,350,16000
20240223,09:40:12,238.5,50,16000
20240223,09:40:19,238.65,550,16000
20240223,09:40:24,239.55,100,16000
20240223,09:40:27,239.9,1150,16000
20240223,09:40:29,239.5,100,16000
20240223,09:40:35,241.0,250,16000
20240223,09:40:37,241.9,50,16000
20240223,09:40:47,241.9,1100,16000
20240223,09:41:05,242.25,50,16000
20240223,09:41:12,240.6,50,16000
20240223,09:41:22,242.0,1000,16000
20240223,09:41:29,243.0,50,16000
20240223,09:41:39,241.65,50,16000
20240223,09:42:22,240.05,50,16000
20240223,09:42:40,240.5,50,16000
20240223,09:43:09,243.0,50,18200
20240223,09:43:35,240.0,50,18200
20240223,09:44:20,240.7,50,18200
20240223,09:44:53,244.0,50,18200
20240223,09:45:07,243.75,100,18200
20240223,09:45:13,244.0,650,18200
20240223,09:45:20,244.0,500,18200
20240223,09:45:23,245.8,1600,18200
20240223,09:45:26,246.0,350,18200
20240223,09:45:29,244.25,400,18200
20240223,09:45:34,246.25,50,18200
20240223,09:45:54,241.3,50,19250
20240223,09:46:17,239.55,100,19250
20240223,09:46:27,240.3,50,19250
20240223,09:46:35,238.8,300,19250
20240223,09:46:38,240.6,100,19250
20240223,09:47:00,240.0,50,19250
20240223,09:48:24,243.6,100,19250
20240223,09:49:04,243.6,50,19250
20240223,09:49:07,245.4,250,19800
20240223,09:49:15,245.85,200,19800
20240223,09:49:17,245.15,1550,19800
20240223,09:49:20,246.15,50,19800
20240223,09:49:25,247.1,50,19800
20240223,09:49:59,248.3,50,19800
20240223,09:50:16,248.3,200,19800
20240223,09:50:17,248.45,200,19800
20240223,09:50:37,248.7,50,19800
20240223,09:50:47,246.9,50,19800
20240223,09:51:01,245.65,600,19800
20240223,09:51:06,245.05,50,19800
20240223,09:51:22,243.5,50,19800
20240223,09:52:12,244.95,50,18500
20240223,09:52:41,245.5,50,18500
20240223,09:52:46,246.0,50,18500
20240223,09:53:31,249.9,500,18500
20240223,09:53:38,250.0,50,18500
20240223,09:53:43,251.55,100,18500
20240223,09:53:53,250.75,500,18500
20240223,09:54:03,254.0,250,18500
20240223,09:54:04,252.05,150,18500
20240223,09:54:11,254.0,100,18500
20240223,09:54:26,252.65,50,18500
20240223,09:54:43,250.0,500,18500
20240223,09:54:59,248.45,100,19200
20240223,09:55:06,247.3,100,19200
20240223,09:55:48,249.7,50,19200
20240223,09:55:54,249.0,150,19200
20240223,09:56:13,246.4,50,19200
20240223,09:56:16,245.75,50,19200
20240223,09:56:41,246.15,50,19200
20240223,09:56:45,246.1,50,19200
20240223,09:57:46,251.4,150,19200
20240223,09:58:00,250.9,50,19100
20240223,09:58:01,250.55,50,19100
20240223,09:58:08,251.9,200,19100
20240223,09:58:26,252.05,50,19100
20240223,09:58:45,250.0,250,19100
20240223,09:58:56,248.15,50,19100
20240223,09:59:10,246.8,50,19100
20240223,10:00:01,243.25,650,19100
20240223,10:00:05,242.2,150,19100
20240223,10:00:08,241.8,100,19100
20240223,10:01:11,241.35,50,18900
20240223,10:01:59,244.95,50,18900
20240223,10:02:34,248.25,50,18900
20240223,10:02:47,246.2,50,18900
20240223,10:04:17,243.8,500,18950
20240223,10:04:34,242.0,50,18950
20240223,10:05:07,242.8,150,18950
20240223,10:05:12,242.65,150,18950
20240223,10:06:37,240.65,400,18950
20240223,10:07:07,240.2,250,18950
20240223,10:07:09,238.0,100,18950
20240223,10:07:10,236.4,200,18950
20240223,10:07:19,236.4,50,18950
20240223,10:07:22,237.15,50,18950
20240223,10:08:05,236.45,50,18950
20240223,10:08:22,238.75,100,18950
20240223,10:08:52,240.0,150,18950
20240223,10:10:00,237.25,50,18750
20240223,10:10:04,237.85,200,18750
20240223,10:10:07,237.95,150,18750
20240223,10:10:09,237.65,100,18750
20240223,10:10:12,238.05,200,18750
20240223,10:10:14,237.35,100,18750
20240223,10:10:34,237.15,50,18750
20240223,10:10:55,238.1,150,18750
20240223,10:11:18,238.65,50,18750
20240223,10:11:30,238.2,100,18750
20240223,10:11:35,237.15,150,18750
20240223,10:11:42,235.0,100,18750
20240223,10:11:49,235.0,50,18750
20240223,10:12:50,235.0,300,18750
20240223,10:13:07,239.05,100,18700
20240223,10:13:30,235.0,50,18700
20240223,10:13:42,235.05,100,18700
20240223,10:14:10,238.5,50,18700
20240223,10:14:23,236.65,50,18700
20240223,10:14:42,236.35,400,18700
20240223,10:15:02,234.05,100,18700
20240223,10:15:03,234.05,100,18700
20240223,10:15:07,232.5,350,18700
20240223,10:15:10,231.5,50,18700
20240223,10:15:23,230.0,500,18700
20240223,10:15:25,229.55,50,18700
20240223,10:16:25,229.55,50,18650
20240223,10:17:05,231.05,50,18650
20240223,10:17:32,229.0,50,18650
20240223,10:17:38,228.0,1050,18650
20240223,10:18:07,226.0,50,18650
20240223,10:18:12,224.25,250,18650
20240223,10:18:27,221.6,50,18650
20240223,10:18:34,221.4,50,18650
20240223,10:18:35,221.35,150,18650
20240223,10:18:45,221.35,50,18650
20240223,10:18:55,221.35,100,19600
20240223,10:18:57,221.35,50,19600
20240223,10:19:04,221.2,50,19600
20240223,10:19:07,220.0,100,19600
20240223,10:19:09,220.0,50,19600
20240223,10:19:12,219.5,50,19600
20240223,10:19:29,219.05,100,19600
20240223,10:19:30,218.85,100,19600
20240223,10:19:32,218.85,150,19600
20240223,10:19:34,218.0,150,19600
20240223,10:19:35,218.0,50,19600
20240223,10:19:37,218.0,300,19600
20240223,10:19:44,217.4,50,19600
20240223,10:19:49,216.9,50,19600
20240223,10:19:50,216.9,600,19600
20240223,10:19:55,217.0,50,19600
20240223,10:20:15,215.45,950,19600
20240223,10:20:19,215.45,50,19600
20240223,10:20:20,215.6,100,19600
20240223,10:20:25,216.0,50,19600
20240223,10:20:27,216.35,250,19600
20240223,10:20:32,216.75,300,19600
20240223,10:20:42,216.65,100,19600
20240223,10:20:47,216.35,50,19600
20240223,10:20:55,215.05,50,19600
20240223,10:20:57,215.05,50,19600
20240223,10:21:12,215.05,200,19600
20240223,10:21:14,216.95,200,19600
20240223,10:21:15,217.15,50,19600
20240223,10:21:25,217.4,50,19600
20240223,10:21:32,217.7,50,19600
20240223,10:21:34,217.8,300,19600
20240223,10:21:35,217.85,50,19600
20240223,10:21:37,218.55,100,19600
20240223,10:21:39,218.65,300,19600
20240223,10:21:41,218.9,100,19600
20240223,10:21:42,218.3,250,19600
20240223,10:21:44,218.4,200,19600
20240223,10:21:46,218.15,250,19600
20240223,10:21:47,218.3,50,19600
20240223,10:21:49,218.95,500,19600
20240223,10:21:51,219.45,300,19600
20240223,10:21:54,220.05,150,19600
20240223,10:21:59,220.65,50,23400
20240223,10:22:02,220.6,250,23400
20240223,10:22:07,220.0,200,23400
20240223,10:22:09,219.95,200,23400
20240223,10:22:11,219.45,400,23400
20240223,10:22:14,220.25,100,23400
20240223,10:22:19,219.55,50,23400
20240223,10:22:24,220.35,100,23400
20240223,10:22:25,219.95,50,23400
20240223,10:22:29,219.7,50,23400
20240223,10:22:30,220.35,50,23400
20240223,10:22:59,222.0,50,23400
20240223,10:23:00,222.0,950,23400
20240223,10:23:04,223.4,50,23400
20240223,10:23:05,223.45,300,23400
20240223,10:23:09,223.75,100,23400
20240223,10:23:19,226.35,100,23400
20240223,10:23:32,225.5,50,23400
20240223,10:23:35,225.1,50,23400
20240223,10:23:40,226.2,500,23400
20240223,10:23:49,230.35,50,23400
20240223,10:23:54,230.75,50,23400
20240223,10:23:57,230.6,50,23400
20240223,10:23:59,230.5,50,23400
20240223,10:24:00,230.5,500,23400
20240223,10:24:12,232.0,50,23400
20240223,10:24:22,233.15,100,23400
20240223,10:24:37,233.95,50,23400
20240223,10:24:39,234.3,150,23400
20240223,10:24:44,236.0,100,23400
20240223,10:24:47,236.6,100,23400
20240223,10:24:49,237.85,150,23400
20240223,10:24:56,239.45,50,23400
20240223,10:25:01,239.2,100,25400
20240223,10:25:02,239.4,800,25400
20240223,10:25:04,238.65,150,25400
20240223,10:25:06,238.15,1000,25400
20240223,10:25:12,237.85,50,25400
20240223,10:25:16,238.0,200,25400
20240223,10:25:19,237.95,50,25400
20240223,10:25:22,238.1,50,25400
20240223,10:25:32,239.5,400,25400
20240223,10:25:39,241.45,50,25400
20240223,10:25:40,241.3,50,25400
20240223,10:25:44,242.0,50,25400
20240223,10:25:45,241.65,100,25400
20240223,10:25:47,241.75,50,25400
20240223,10:25:49,242.05,50,25400
20240223,10:25:57,241.05,500,25400
20240223,10:26:02,242.0,500,25400
20240223,10:26:11,243.0,50,25400
20240223,10:26:12,242.6,300,25400
20240223,10:26:21,243.45,50,25400
20240223,10:26:27,244.05,100,25400
20240223,10:26:37,241.55,50,25400
20240223,10:26:39,240.15,250,25400
20240223,10:26:41,241.25,50,25400
20240223,10:26:46,242.45,50,25400
20240223,10:26:54,244.05,550,25400
20240223,10:27:02,248.2,100,25400
20240223,10:27:06,249.1,50,25400
20240223,10:27:11,251.3,500,25400
20240223,10:27:12,250.0,600,25400
20240223,10:27:14,248.7,350,25400
20240223,10:27:22,250.4,300,25400
20240223,10:27:24,249.5,800,25400
20240223,10:27:29,251.4,450,25400
20240223,10:27:31,249.85,150,25400
20240223,10:27:39,249.6,250,25400
20240223,10:27:51,250.0,50,25400
20240223,10:28:09,246.5,200,24750
20240223,10:28:29,246.05,50,24750
20240223,10:28:41,250.0,500,24750
20240223,10:28:57,251.05,50,24750
20240223,10:29:19,250.95,50,24750
20240223,10:29:21,251.05,50,24750
20240223,10:29:22,252.0,100,24750
20240223,10:29:29,252.2,1150,24750
20240223,10:30:02,249.8,50,24750
20240223,10:30:04,250.3,50,24750
20240223,10:30:12,249.8,50,24750
20240223,10:30:21,251.05,250,24750
20240223,10:30:29,252.2,150,24750
20240223,10:30:36,248.95,50,24750
20240223,10:30:59,245.9,100,23950
20240223,10:31:08,251.0,50,23950
20240223,10:31:14,252.45,450,23950
20240223,10:31:23,251.45,200,23950
20240223,10:31:31,251.8,50,23950
20240223,10:31:38,255.0,250,23950
20240223,10:31:39,255.4,100,23950
20240223,10:31:43,253.6,1600,23950
20240223,10:31:46,254.55,100,23950
20240223,10:31:48,255.0,50,23950
20240223,10:31:51,256.0,300,23950
20240223,10:31:53,256.0,600,23950
20240223,10:31:54,257.55,50,23950
20240223,10:32:03,256.35,100,23950
20240223,10:32:06,260.0,1200,23950
20240223,10:32:08,258.85,150,23950
20240223,10:32:16,260.3,700,23950
20240223,10:32:18,260.45,100,23950
20240223,10:32:19,260.4,100,23950
20240223,10:32:21,260.4,100,23950
20240223,10:32:24,260.95,100,23950
20240223,10:32:28,260.8,1000,23950
20240223,10:32:29,260.8,1050,23950
20240223,10:32:31,259.75,350,23950
20240223,10:32:33,258.85,50,23950
20240223,10:32:41,256.15,650,23950
20240223,10:33:16,259.0,150,23950
20240223,10:33:53,253.0,100,23950
20240223,10:34:03,253.0,100,22650
20240223,10:35:45,248.4,50,22650
20240223,10:35:46,246.9,100,22650
20240223,10:36:06,250.7,250,22650
20240223,10:36:20,251.9,400,22650
20240223,10:36:40,255.45,100,22650
20240223,10:37:03,259.5,100,22950
20240223,10:37:15,258.85,50,22950
20240223,10:37:40,255.65,300,22950
20240223,10:37:56,253.7,500,22950
20240223,10:38:48,253.9,50,22950
20240223,10:39:05,254.8,100,22950
20240223,10:39:26,257.1,100,22950
20240223,10:39:40,255.45,150,22950
20240223,10:39:56,255.05,50,22950
20240223,10:40:11,252.4,100,22850
20240223,10:40:15,255.05,200,22850
20240223,10:41:00,254.1,50,22850
20240223,10:41:30,250.35,250,22850
20240223,10:41:37,250.35,50,22850
20240223,10:42:00,246.35,100,22850
20240223,10:42:25,241.1,50,22850
20240223,10:42:25,240.5,150,22850
20240223,10:42:42,240.25,100,22850
20240223,10:42:58,239.9,50,22850
20240223,10:43:00,240.2,200,22600
20240223,10:43:02,240.25,50,22600
20240223,10:43:20,242.8,50,22600
20240223,10:43:44,241.3,100,22600
20240223,10:43:54,240.0,100,22600
20240223,10:44:36,245.05,2100,22600
20240223,10:44:39,244.35,100,22600
20240223,10:45:01,242.2,150,22600
20240223,10:45:07,245.4,100,22600
20240223,10:45:22,241.3,50,22600
20240223,10:45:30,240.05,100,22600
20240223,10:45:35,242.8,300,22600
20240223,10:45:37,242.05,50,22600
20240223,10:46:01,243.9,50,24550
20240223,10:46:04,243.95,1000,24550
20240223,10:46:24,245.4,50,24550
20240223,10:46:56,246.75,50,24550
20240223,10:47:16,244.7,50,24550
20240223,10:47:21,243.8,100,24550
20240223,10:47:39,244.75,150,24550
20240223,10:48:56,246.0,50,24550
20240223,10:48:57,246.4,50,24550
20240223,10:49:19,242.05,100,24950
20240223,10:49:22,241.85,50,24950
20240223,10:49:57,241.8,100,24950
20240223,10:50:02,241.5,450,24950
20240223,10:50:33,240.1,250,24950
20240223,10:50:58,240.95,50,24950
20240223,10:52:19,242.35,50,25150
20240223,10:52:31,243.05,100,25150
20240223,10:54:18,235.65,50,25150
20240223,10:54:53,234.55,50,25150
20240223,10:54:56,233.55,50,25150
20240223,10:54:59,232.15,50,25150
20240223,10:55:08,235.6,100,25100
20240223,10:55:15,234.95,100,25100
20240223,10:56:00,237.6,100,25100
20240223,10:56:34,235.0,150,25100
20240223,10:57:14,239.0,50,25100
20240223,10:57:16,240.35,50,25100
20240223,10:57:28,239.3,100,25100
20240223,10:57:53,236.7,50,25100
20240223,10:59:06,237.5,250,25200
20240223,10:59:21,237.9,50,25200
20240223,10:59:55,236.95,50,25200
20240223,11:00:00,236.85,100,25200
20240223,11:00:27,237.5,200,25200
20240223,11:01:10,235.0,50,25350
20240223,11:01:13,235.0,550,25350
20240223,11:01:30,235.5,100,25350
20240223,11:01:45,234.8,50,25350
20240223,11:02:03,235.15,100,25350
20240223,11:02:08,234.95,100,25350
20240223,11:03:17,229.65,250,25350
20240223,11:03:27,228.25,100,25350
20240223,11:03:39,227.1,100,25350
20240223,11:03:40,227.0,150,25350
20240223,11:03:45,226.0,450,25350
20240223,11:03:47,225.0,50,25350
20240223,11:03:50,225.0,100,25350
20240223,11:03:55,223.85,100,25350
20240223,11:04:09,221.95,100,26050
20240223,11:04:44,218.45,250,26050
20240223,11:05:20,217.15,1750,26050
20240223,11:05:27,215.0,50,26050
20240223,11:05:29,214.0,50,26050
20240223,11:05:30,214.0,650,26050
20240223,11:05:45,212.45,150,26050
20240223,11:05:50,211.85,300,26050
20240223,11:05:57,211.9,500,26050
20240223,11:06:02,211.6,200,26050
20240223,11:06:12,211.0,150,26050
20240223,11:06:14,209.45,250,26050
20240223,11:06:20,209.0,1850,26050
20240223,11:06:27,209.0,250,26050
20240223,11:06:30,209.0,300,26050
20240223,11:06:42,208.9,50,26050
20240223,11:06:47,208.9,100,26050
20240223,11:06:49,210.05,50,26050
20240223,11:06:52,210.5,450,26050
20240223,11:06:57,210.65,150,26050
20240223,11:07:00,210.7,100,26050
20240223,11:07:02,211.05,150,26050
20240223,11:07:04,210.7,50,26050
20240223,11:07:19,212.75,100,26050
20240223,11:07:20,212.7,50,28550
20240223,11:07:22,212.95,150,28550
20240223,11:07:27,213.9,50,28550
20240223,11:07:28,213.75,50,28550
20240223,11:07:33,213.2,50,28550
20240223,11:07:35,213.85,200,28550
20240223,11:07:38,213.8,100,28550
20240223,11:07:42,214.45,150,28550
20240223,11:07:52,212.75,100,28550
20240223,11:07:57,212.25,250,28550
20240223,11:08:25,214.3,50,28550
20240223,11:08:29,215.0,50,28550
20240223,11:09:20,217.9,600,28550
20240223,11:09:34,218.3,100,28550
20240223,11:09:37,217.9,250,28550
20240223,11:09:40,218.9,500,28550
20240223,11:09:45,219.95,50,28550
20240223,11:09:50,219.35,50,28550
20240223,11:10:02,219.0,200,28550
20240223,11:10:17,218.3,50,28850
20240223,11:10:22,216.75,150,28850
20240223,11:10:24,216.9,100,28850
20240223,11:10:25,217.2,50,28850
20240223,11:10:44,219.0,50,28850
20240223,11:10:50,219.1,100,28850
20240223,11:10:52,219.9,50,28850
20240223,11:10:55,219.9,250,28850
20240223,11:10:57,219.9,350,28850
20240223,11:11:02,221.0,100,28850
20240223,11:11:09,222.6,50,28850
20240223,11:11:12,222.65,250,28850
20240223,11:11:17,221.4,1200,28850
20240223,11:11:22,221.65,100,28850
20240223,11:11:34,222.95,50,28850
20240223,11:11:42,221.45,50,28850
20240223,11:11:54,222.25,150,28850
20240223,11:11:59,221.4,150,28850
20240223,11:12:14,220.0,50,28850
20240223,11:12:37,223.65,50,28850
20240223,11:12:39,223.15,50,28850
20240223,11:12:57,221.3,50,28850
20240223,11:13:04,220.0,450,28850
20240223,11:13:12,219.6,50,27900
20240223,11:13:32,222.8,100,27900
20240223,11:13:35,223.65,100,27900
20240223,11:14:02,225.2,300,27900
20240223,11:14:29,229.7,100,27900
20240223,11:14:42,229.65,50,27900
20240223,11:14:59,230.4,50,27900
20240223,11:15:00,230.4,150,27900
20240223,11:15:04,232.05,150,27900
20240223,11:15:26,230.6,100,27900
20240223,11:15:36,229.25,50,27900
20240223,11:15:41,230.0,100,27900
20240223,11:15:42,231.0,50,27900
20240223,11:15:47,232.65,50,27900
20240223,11:15:51,232.45,50,27900
20240223,11:15:52,231.9,100,27900
20240223,11:15:56,231.6,50,27900
20240223,11:15:57,232.15,50,27900
20240223,11:16:01,232.1,250,27900
20240223,11:16:04,232.45,700,27900
20240223,11:16:27,235.7,50,27250
20240223,11:16:37,235.6,100,27250
20240223,11:16:39,235.15,50,27250
20240223,11:16:42,235.4,50,27250
20240223,11:16:44,235.45,50,27250
20240223,11:16:46,235.95,50,27250
20240223,11:16:54,236.45,50,27250
20240223,11:17:04,235.05,100,27250
20240223,11:17:16,236.05,50,27250
20240223,11:17:17,236.55,50,27250
20240223,11:17:24,237.15,250,27250
20240223,11:17:28,237.65,850,27250
20240223,11:17:34,238.1,100,27250
20240223,11:17:39,237.0,350,27250
20240223,11:17:46,236.45,50,27250
20240223,11:18:08,236.75,250,27250
20240223,11:18:09,236.5,50,27250
20240223,11:18:36,239.1,400,27250
20240223,11:18:38,238.8,150,27250
20240223,11:18:39,238.55,200,27250
20240223,11:18:48,239.75,50,27250
20240223,11:18:53,239.9,50,27250
20240223,11:18:54,239.3,50,27250
20240223,11:18:56,239.3,300,27250
20240223,11:19:01,239.3,450,27250
20240223,11:19:16,240.9,50,28350
20240223,11:19:18,239.9,900,28350
20240223,11:19:23,237.8,50,28350
20240223,11:19:59,236.1,50,28350
20240223,11:20:19,238.6,50,28350
20240223,11:20:43,239.4,50,28350
20240223,11:21:43,236.0,500,28350
20240223,11:22:14,236.4,100,29150
20240223,11:24:35,225.35,50,29150
20240223,11:24:38,225.3,50,29150
20240223,11:24:50,225.2,50,29150
20240223,11:24:58,224.7,50,29150
20240223,11:25:00,225.3,300,29150
20240223,11:25:03,224.95,150,29150
20240223,11:25:18,228.95,50,29000
20240223,11:26:05,229.65,300,29000
20240223,11:26:08,230.2,100,29000
20240223,11:26:28,230.05,100,29000
20240223,11:26:52,232.4,100,29000
20240223,11:26:53,230.2,450,29000
20240223,11:27:05,232.45,100,29000
20240223,11:27:17,232.0,50,29000
20240223,11:27:25,233.2,150,29000
20240223,11:28:03,234.45,50,29000
20240223,11:28:05,234.45,300,29000
20240223,11:28:48,236.0,50,29750
20240223,11:28:55,236.4,50,29750
20240223,11:29:10,236.05,100,29750
20240223,11:29:18,235.6,100,29750
20240223,11:29:20,236.0,50,29750
20240223,11:29:23,236.0,50,29750
20240223,11:29:28,235.6,50,29750
20240223,11:29:53,233.65,50,29750
20240223,11:30:03,232.0,50,29750
20240223,11:30:20,230.0,100,29750
20240223,11:30:40,234.1,200,29750
20240223,11:30:50,236.3,50,29750
20240223,11:32:35,235.0,50,29850
20240223,11:35:02,232.65,150,29850
20240223,11:35:07,232.55,200,29850
20240223,11:36:02,235.0,150,29850
20240223,11:36:17,235.5,50,29850
20240223,11:37:07,236.0,100,29850
20240223,11:37:22,237.0,50,29350
20240223,11:37:41,235.0,50,29350
20240223,11:40:01,230.2,50,29350
20240223,11:40:08,230.0,50,29350
20240223,11:40:15,230.15,300,29350
20240223,11:40:21,229.2,100,29350
20240223,11:40:26,229.2,50,29350
20240223,11:40:29,229.0,250,29350
20240223,11:40:45,229.55,50,29350
20240223,11:41:01,229.1,50,29350
20240223,11:41:03,229.5,250,29350
20240223,11:41:21,231.6,450,29350
20240223,11:42:10,231.15,50,29350
20240223,11:43:20,231.85,250,29150
20240223,11:44:31,230.95,50,29150
20240223,11:44:33,231.5,50,29150
20240223,11:44:35,231.95,100,29150
20240223,11:45:04,229.95,150,29150
20240223,11:45:16,229.95,200,29150
20240223,11:45:18,229.8,50,29150
20240223,11:45:24,229.1,50,29150
20240223,11:46:17,229.5,150,29150
20240223,11:46:19,229.8,100,29150
20240223,11:46:57,228.7,50,29150
20240223,11:47:16,227.8,1300,29150
20240223,11:47:37,229.05,100,29150
20240223,11:48:01,229.45,50,29150
20240223,11:48:09,229.55,100,29150
20240223,11:48:12,229.55,200,29150
20240223,11:48:36,228.25,100,29150
20240223,11:49:57,228.85,50,28350
20240223,11:50:02,228.4,600,28350
20240223,11:50:06,227.5,150,28350
20240223,11:50:14,228.75,150,28350
20240223,11:50:29,230.0,50,28350
20240223,11:50:47,235.0,50,28350
20240223,11:50:49,235.35,50,28350
20240223,11:50:52,235.4,4050,28350
20240223,11:50:54,235.25,100,28350
20240223,11:50:56,234.55,400,28350
20240223,11:50:59,234.75,250,28350
20240223,11:51:01,235.15,50,28350
20240223,11:51:04,234.95,100,28350
20240223,11:51:14,234.3,50,28350
20240223,11:51:21,234.6,100,28350
20240223,11:51:24,234.45,50,28350
20240223,11:51:46,233.15,50,28350
20240223,11:52:02,233.05,50,28350
20240223,11:52:04,232.8,300,28350
20240223,11:52:34,239.0,100,28350
20240223,11:52:46,238.35,50,32150
20240223,11:52:49,240.0,50,32150
20240223,11:52:51,241.55,1300,32150
20240223,11:52:56,242.0,50,32150
20240223,11:53:01,242.35,100,32150
20240223,11:53:24,242.35,50,32150
20240223,11:53:48,238.65,50,32150
20240223,11:54:01,241.15,100,32150
20240223,11:54:08,238.0,50,32150
20240223,11:55:01,241.65,150,32150
20240223,11:55:06,240.05,100,32150
20240223,11:55:13,242.5,4650,31950
20240223,11:55:23,243.75,250,31950
20240223,11:55:24,243.25,100,31950
20240223,11:55:26,242.05,100,31950
20240223,11:55:29,242.3,150,31950
20240223,11:55:31,242.45,50,31950
20240223,11:55:53,240.0,50,31950
20240223,11:56:19,239.35,650,31950
20240223,11:56:41,239.2,100,31950
20240223,11:57:03,239.3,350,31950
20240223,12:00:01,241.4,100,34400
20240223,12:00:03,241.45,50,34400
20240223,12:00:55,242.95,250,34400
20240223,12:01:01,242.85,500,34400
20240223,12:01:05,242.95,250,34400
20240223,12:01:48,240.5,150,34350
20240223,12:02:11,239.9,500,34350
20240223,12:03:12,241.9,50,34350
20240223,12:03:53,239.55,300,34350
20240223,12:04:32,240.85,200,34600
20240223,12:05:01,239.25,200,34600
20240223,12:05:03,239.5,150,34600
20240223,12:05:05,239.4,150,34600
20240223,12:06:20,239.4,500,34600
20240223,12:08:15,242.0,100,34800
20240223,12:08:44,239.85,100,34800
20240223,12:08:45,239.75,100,34800
20240223,12:08:50,239.0,50,34800
20240223,12:09:30,238.9,200,34800
20240223,12:11:09,240.25,100,34750
20240223,12:11:29,241.35,150,34750
20240223,12:11:50,245.0,50,34750
20240223,12:12:12,240.9,50,34750
20240223,12:12:56,240.3,100,34750
20240223,12:13:17,240.0,50,35050
20240223,12:13:39,240.0,50,35050
20240223,12:15:38,242.9,500,35050
20240223,12:15:44,243.0,450,35050
20240223,12:16:52,238.95,100,34200
20240223,12:17:54,244.2,50,34200
20240223,12:18:09,243.8,50,34200
20240223,12:18:30,242.75,100,34200
20240223,12:18:56,240.8,200,34200
20240223,12:19:11,242.0,50,34200
20240223,12:19:46,243.4,50,34100
20240223,12:20:03,243.8,1750,34100
20240223,12:20:09,243.85,400,34100
20240223,12:20:25,242.25,100,34100
20240223,12:20:30,241.75,150,34100
20240223,12:20:38,242.0,300,34100
20240223,12:21:23,243.1,300,34100
20240223,12:21:37,243.1,50,34100
20240223,12:22:31,240.0,50,35650
20240223,12:23:29,239.4,400,35650
20240223,12:23:58,238.0,100,35650
20240223,12:24:15,235.8,100,35650
20240223,12:24:16,234.75,150,35650
20240223,12:25:00,230.0,100,35650
20240223,12:25:01,230.1,100,35650
20240223,12:25:03,229.1,1700,35650
20240223,12:25:06,229.5,50,35650
20240223,12:25:08,230.25,550,35650
20240223,12:25:25,230.0,150,35500
20240223,12:25:29,230.0,100,35500
20240223,12:25:31,229.75,100,35500
20240223,12:26:01,228.5,50,35500
20240223,12:26:04,228.95,50,35500
20240223,12:26:20,227.75,50,35500
20240223,12:26:23,227.35,250,35500
20240223,12:26:25,227.3,50,35500
20240223,12:26:34,225.35,100,35500
20240223,12:26:52,227.25,50,35500
20240223,12:27:02,225.75,100,35500
20240223,12:27:40,227.7,50,35500
20240223,12:28:15,228.05,50,35500
20240223,12:28:26,228.7,250,35250
20240223,12:28:50,226.95,200,35250
20240223,12:29:08,228.75,100,35250
20240223,12:29:38,229.6,300,35250
20240223,12:29:41,229.6,50,35250
20240223,12:29:52,228.25,50,35250
20240223,12:30:06,228.2,50,35250
20240223,12:30:09,229.05,100,35250
20240223,12:30:14,229.8,50,35250
20240223,12:31:00,229.8,50,35250
20240223,12:31:02,229.8,50,35250
20240223,12:31:04,229.8,150,35250
20240223,12:31:45,231.5,50,34900
20240223,12:32:12,232.8,400,34900
20240223,12:33:17,234.85,100,34900
20240223,12:33:33,232.8,250,34900
20240223,12:36:37,233.35,50,35500
20240223,12:37:48,229.0,100,35500
20240223,12:37:52,228.0,100,35500
20240223,12:38:53,229.85,50,35500
20240223,12:39:01,229.4,150,35500
20240223,12:40:09,231.5,50,35500
20240223,12:40:28,230.55,100,35550
20240223,12:40:46,230.45,50,35550
20240223,12:40:57,231.5,50,35550
20240223,12:41:52,232.15,650,35550
20240223,12:42:45,228.1,200,35550
20240223,12:43:29,229.2,50,35600
20240223,12:44:35,228.8,50,35600
20240223,12:45:01,226.55,50,35600
20240223,12:45:16,226.2,50,35600
20240223,12:45:20,227.0,50,35600
20240223,12:45:21,228.05,50,35600
20240223,12:45:25,226.3,100,35600
20240223,12:45:38,227.95,100,35600
20240223,12:46:35,228.55,50,35600
20240223,12:46:40,228.25,50,35600
20240223,12:48:53,232.05,100,35600
20240223,12:49:09,232.35,50,35600
20240223,12:49:25,232.65,50,35700
20240223,12:50:23,229.95,50,35700
20240223,12:50:28,229.75,100,35700
20240223,12:51:34,230.0,50,35700
20240223,12:52:15,229.0,100,35700
20240223,12:53:41,227.3,50,35800
20240223,12:53:50,228.0,200,35800
20240223,12:54:04,228.2,50,35800
20240223,12:55:03,225.0,350,35800
20240223,12:55:05,225.05,50,35800
20240223,12:55:23,226.3,50,35900
20240223,12:56:21,228.3,50,35900
20240223,12:56:44,227.4,50,35900
20240223,12:57:40,227.4,50,35900
20240223,12:58:23,226.4,350,35900
20240223,12:58:54,227.5,50,36000
20240223,12:59:06,227.35,1000,36000
20240223,12:59:41,228.35,50,36000
20240223,13:00:05,228.15,50,36000
20240223,13:00:52,228.0,150,36000
20240223,13:01:45,228.0,100,37250
20240223,13:02:00,227.3,50,37250
20240223,13:02:49,229.45,50,37250
20240223,13:03:19,229.0,50,37250
20240223,13:03:50,228.05,50,37250
20240223,13:04:19,226.95,50,37250
20240223,13:05:35,229.35,50,37250
20240223,13:05:39,230.75,50,37250
20240223,13:06:00,231.95,50,37250
20240223,13:06:07,231.6,500,37250
20240223,13:06:17,233.55,50,37250
20240223,13:06:26,235.0,100,37250
20240223,13:06:29,235.0,50,37250
20240223,13:06:34,236.25,50,37250
20240223,13:06:41,234.0,200,37250
20240223,13:06:48,232.6,50,37250
20240223,13:06:51,233.25,50,37250
20240223,13:06:53,232.05,50,37250
20240223,13:07:34,232.7,50,37650
20240223,13:07:37,232.7,150,37650
20240223,13:07:39,232.7,800,37650
20240223,13:08:00,234.0,50,37650
20240223,13:08:05,234.3,50,37650
20240223,13:09:03,233.7,100,37650
20240223,13:09:34,231.5,250,37650
20240223,13:10:51,231.0,50,37350
20240223,13:11:19,233.95,50,37350
20240223,13:11:51,234.0,50,37350
20240223,13:12:16,234.15,50,37350
20240223,13:12:32,231.95,50,37350
20240223,13:13:32,230.0,100,37350
20240223,13:14:29,233.0,50,37350
20240223,13:14:34,233.0,50,37350
20240223,13:15:37,233.1,50,37350
20240223,13:16:39,233.35,100,37350
20240223,13:17:58,233.65,100,37350
20240223,13:18:00,233.95,100,37350
20240223,13:18:26,234.3,250,37350
20240223,13:18:36,236.7,100,37350
20240223,13:19:24,234.45,100,37500
20240223,13:19:42,232.25,50,37500
20240223,13:19:49,234.0,700,37500
20240223,13:20:08,234.5,50,37500
20240223,13:20:10,233.15,50,37500
20240223,13:20:13,234.45,200,37500
20240223,13:20:21,233.85,150,37500
20240223,13:20:23,234.5,250,37500
20240223,13:22:32,239.45,50,36400
20240223,13:22:44,236.75,50,36400
20240223,13:22:47,236.25,50,36400
20240223,13:23:02,236.95,50,36400
20240223,13:23:09,236.9,50,36400
20240223,13:23:25,238.95,300,36400
20240223,13:23:35,237.6,300,36400
20240223,13:24:31,240.05,200,36400
20240223,13:24:34,239.4,200,36400
20240223,13:24:59,243.75,50,36400
20240223,13:25:03,245.0,650,36400
20240223,13:25:04,245.4,800,36400
20240223,13:25:06,245.5,5250,36400
20240223,13:25:08,245.25,200,36400
20240223,13:25:18,245.3,50,36400
20240223,13:25:21,248.75,450,36400
20240223,13:25:26,251.9,100,40450
20240223,13:25:30,250.85,50,40450
20240223,13:25:33,251.9,50,40450
20240223,13:25:35,252.2,550,40450
20240223,13:25:45,254.15,400,40450
20240223,13:25:48,256.0,50,40450
20240223,13:25:53,256.35,400,40450
20240223,13:26:00,258.2,100,40450
20240223,13:26:03,257.65,50,40450
20240223,13:26:05,256.8,100,40450
20240223,13:26:11,256.8,150,40450
20240223,13:26:16,256.95,50,40450
20240223,13:26:18,257.5,100,40450
20240223,13:26:23,258.45,150,40450
20240223,13:26:38,256.8,100,40450
20240223,13:26:40,256.6,150,40450
20240223,13:26:41,257.6,100,40450
20240223,13:26:43,256.55,1200,40450
20240223,13:26:45,256.5,50,40450
20240223,13:27:01,254.4,1850,40450
20240223,13:27:10,253.5,100,40450
20240223,13:27:11,254.1,50,40450
20240223,13:27:15,254.85,50,40450
20240223,13:27:23,255.0,300,40450
20240223,13:27:29,256.0,50,40450
20240223,13:27:31,255.35,300,40450
20240223,13:27:38,256.0,100,40450
20240223,13:27:41,256.0,50,40450
20240223,13:27:46,256.45,50,40450
20240223,13:27:49,256.5,50,40450
20240223,13:27:56,257.6,450,40450
20240223,13:28:01,257.4,100,40450
20240223,13:28:38,252.25,700,38500
20240223,13:28:45,256.0,100,38500
20240223,13:28:51,255.3,150,38500
20240223,13:29:05,253.05,50,38500
20240223,13:29:10,254.75,150,38500
20240223,13:29:18,253.85,200,38500
20240223,13:29:46,247.0,150,38500
20240223,13:29:48,246.9,100,38500
20240223,13:29:50,246.9,50,38500
20240223,13:30:01,242.3,50,38500
20240223,13:30:05,246.0,350,38500
20240223,13:30:15,248.05,150,38500
20240223,13:30:18,247.65,250,38500
20240223,13:31:16,242.45,250,38500
20240223,13:31:18,242.7,50,38500
20240223,13:31:40,237.85,50,37450
20240223,13:31:48,235.0,50,37450
20240223,13:32:03,232.1,100,37450
20240223,13:32:06,232.55,100,37450
20240223,13:32:11,231.35,350,37450
20240223,13:32:25,231.95,200,37450
20240223,13:32:40,228.55,50,37450
20240223,13:32:47,228.75,50,37450
20240223,13:32:48,228.0,50,37450
20240223,13:33:02,228.35,50,37450
20240223,13:33:03,228.55,200,37450
20240223,13:33:10,229.85,100,37450
20240223,13:33:23,230.65,50,37450
20240223,13:33:28,230.4,100,37450
20240223,13:33:35,231.2,500,37450
20240223,13:34:07,232.75,50,37450
20240223,13:34:53,234.0,50,38150
20240223,13:36:02,234.0,150,38150
20240223,13:36:19,234.95,50,38150
20240223,13:37:55,236.3,100,37950
20240223,13:38:00,237.7,50,37950
20240223,13:38:02,238.45,50,37950
20240223,13:40:14,235.85,350,37950
20240223,13:41:06,238.4,50,37700
20240223,13:41:55,237.5,250,37700
20240223,13:42:54,242.15,50,37700
20240223,13:43:01,242.5,250,37700
20240223,13:43:12,240.65,50,37700
20240223,13:43:17,239.15,100,37700
20240223,13:43:22,239.0,150,37700
20240223,13:43:29,238.25,50,37350
20240223,13:43:37,238.9,50,37350
20240223,13:43:39,239.0,600,37350
20240223,13:44:07,241.05,150,37350
20240223,13:44:37,239.75,100,37350
20240223,13:44:44,242.1,100,37350
20240223,13:44:46,242.05,100,37350
20240223,13:44:47,242.0,200,37350
20240223,13:44:57,241.85,100,37350
20240223,13:45:01,241.4,50,37350
20240223,13:45:06,242.0,50,37350
20240223,13:45:07,241.15,150,37350
20240223,13:45:09,241.3,100,37350
20240223,13:45:16,240.5,150,37350
20240223,13:45:17,240.25,50,37350
20240223,13:45:21,239.55,250,37350
20240223,13:45:22,238.55,650,37350
20240223,13:45:47,238.65,100,37350
20240223,13:45:52,237.1,100,37350
20240223,13:46:32,237.35,600,38050
20240223,13:46:52,240.6,150,38050
20240223,13:46:59,239.8,100,38050
20240223,13:47:17,239.05,250,38050
20240223,13:49:48,244.8,100,37950
20240223,13:49:58,244.0,150,37950
20240223,13:50:01,243.3,50,37950
20240223,13:50:06,243.3,350,37950
20240223,13:50:27,244.25,50,37950
20240223,13:51:08,244.65,50,37950
20240223,13:51:31,243.1,100,37950
20240223,13:51:37,241.65,100,37950
20240223,13:51:44,242.0,200,37950
20240223,13:52:02,243.15,100,37950
20240223,13:52:11,244.6,250,37950
20240223,13:52:56,241.8,50,37950
20240223,13:53:19,241.3,550,38200
20240223,13:55:58,244.6,200,38250
20240223,13:57:35,242.85,50,38250
20240223,14:00:16,246.35,50,38250
20240223,14:00:33,245.35,100,38250
20240223,14:01:01,243.05,200,38250
20240223,14:01:15,240.0,100,38250
20240223,14:01:18,238.9,50,38250
20240223,14:01:30,240.5,100,38350
20240223,14:01:35,238.9,50,38350
20240223,14:03:26,238.5,200,38350
20240223,14:03:38,237.5,100,38350
20240223,14:05:17,235.7,50,38300
20240223,14:05:36,235.4,150,38300
20240223,14:05:57,232.35,1700,38300
20240223,14:06:00,233.75,50,38300
20240223,14:06:02,233.25,100,38300
20240223,14:06:04,234.0,100,38300
20240223,14:07:22,240.0,50,38300
20240223,14:07:24,241.7,50,38300
20240223,14:09:00,242.0,200,38300
20240223,14:09:04,242.25,100,37650
20240223,14:09:25,243.75,50,37650
20240223,14:09:32,244.45,50,37650
20240223,14:10:03,244.3,50,37650
20240223,14:11:14,245.0,50,37550
20240223,14:12:03,247.55,200,37550
20240223,14:12:25,248.2,150,37550
20240223,14:13:24,246.45,500,37550
20240223,14:13:35,246.0,50,37550
20240223,14:13:43,248.0,50,37000
20240223,14:13:44,249.55,250,37000
20240223,14:13:46,248.6,50,37000
20240223,14:13:48,249.55,50,37000
20240223,14:13:58,248.95,1000,37000
20240223,14:14:54,252.0,50,37000
20240223,14:14:59,253.5,100,37000
20240223,14:15:01,252.25,700,37000
20240223,14:15:02,252.95,50,37000
20240223,14:15:07,252.9,100,37000
20240223,14:15:11,253.85,250,37000
20240223,14:15:14,254.3,300,37000
20240223,14:15:24,254.4,100,37000
20240223,14:15:31,256.0,50,37000
20240223,14:15:55,251.7,50,37000
20240223,14:15:56,252.2,300,37000
20240223,14:15:58,251.5,200,37000
20240223,14:16:00,251.3,200,37000
20240223,14:16:01,251.55,250,37000
20240223,14:16:13,249.4,100,37000
20240223,14:16:26,250.9,50,37000
20240223,14:17:01,244.6,600,37500
20240223,14:17:16,246.25,300,37500
20240223,14:17:36,246.4,250,37500
20240223,14:17:58,247.65,100,37500
20240223,14:19:01,242.9,100,37500
20240223,14:20:04,241.9,250,37100
20240223,14:20:37,243.4,50,37100
20240223,14:21:21,244.1,50,37100
20240223,14:22:17,244.0,1200,37100
20240223,14:22:30,242.05,50,37100
20240223,14:23:08,238.45,1000,37100
20240223,14:23:09,238.55,100,38000
20240223,14:23:41,237.25,50,38000
20240223,14:23:56,236.05,50,38000
20240223,14:24:26,238.8,100,38000
20240223,14:25:26,246.55,200,38000
20240223,14:25:33,245.45,350,38000
20240223,14:25:36,244.4,100,37200
20240223,14:25:54,244.15,200,37200
20240223,14:26:03,244.35,100,37200
20240223,14:26:31,243.95,150,37200
20240223,14:27:49,242.75,50,37200
20240223,14:28:39,245.0,1000,37250
20240223,14:29:01,244.8,50,37250
20240223,14:29:06,242.95,50,37250
20240223,14:29:45,240.85,50,37250
20240223,14:30:00,242.3,1000,37250
20240223,14:30:10,243.55,550,37250
20240223,14:32:47,248.0,50,39300
20240223,14:34:07,246.05,50,39300
20240223,14:34:20,246.7,100,39300
20240223,14:35:09,249.05,150,39150
20240223,14:35:40,250.0,500,39150
20240223,14:35:55,247.15,200,39150
20240223,14:36:20,248.25,500,39150
20240223,14:37:01,249.0,50,39150
20240223,14:37:14,249.8,50,39150
20240223,14:37:49,245.4,300,38950
20240223,14:38:02,246.25,100,38950
20240223,14:38:17,245.0,50,38950
20240223,14:39:33,236.75,1550,38950
20240223,14:39:40,235.0,50,38950
20240223,14:39:48,233.25,200,38950
20240223,14:39:50,232.35,50,38950
20240223,14:40:00,231.15,50,38950
20240223,14:40:03,232.35,50,38950
20240223,14:40:16,230.0,100,38950
20240223,14:40:20,229.75,100,38950
20240223,14:40:27,229.8,50,38950
20240223,14:40:40,229.95,50,37700
20240223,14:40:53,232.1,50,37700
20240223,14:41:05,235.95,50,37700
20240223,14:41:10,235.65,250,37700
20240223,14:41:36,237.75,50,37700
20240223,14:41:44,239.05,50,37700
20240223,14:41:54,238.9,250,37700
20240223,14:41:57,237.0,50,37700
20240223,14:42:02,236.9,100,37700
20240223,14:42:17,236.25,50,37700
20240223,14:42:41,234.0,1000,37700
20240223,14:42:51,233.45,250,37700
20240223,14:42:57,235.0,50,37700
20240223,14:43:21,230.8,50,37700
20240223,14:44:00,232.75,250,37250
20240223,14:44:10,232.75,1000,37250
20240223,14:44:22,235.25,100,37250
20240223,14:44:35,232.95,100,37250
20240223,14:45:01,234.0,50,37250
20240223,14:45:46,234.6,50,37250
20240223,14:46:05,236.8,50,37250
20240223,14:46:14,238.0,100,37250
20240223,14:46:30,237.15,400,37250
20240223,14:47:24,237.15,1000,37250
20240223,14:47:47,235.75,200,36400
20240223,14:47:50,236.5,150,36400
20240223,14:47:59,237.5,50,36400
20240223,14:48:14,237.5,50,36400
20240223,14:49:17,241.15,1000,36400
20240223,14:49:56,241.15,50,37700
20240223,14:50:02,241.35,200,37700
20240223,14:50:24,240.0,50,37700
20240223,14:51:14,238.65,50,37700
20240223,14:51:21,238.85,50,37700
20240223,14:51:41,242.0,50,37700
20240223,14:52:59,241.35,50,37650
20240223,14:54:02,243.1,100,37650
20240223,14:54:27,240.85,400,37650
20240223,14:55:03,241.95,500,37650
20240223,14:55:18,242.35,300,37650
20240223,14:55:56,243.8,50,37650
20240223,14:56:28,242.5,50,37650
20240223,14:56:43,244.0,100,37650
20240223,14:56:49,244.0,750,37650
20240223,14:56:53,244.7,50,37650
20240223,14:56:54,244.1,100,37650
20240223,14:57:47,240.05,50,37650
20240223,14:57:54,238.85,150,37650
20240223,14:58:46,240.2,250,37200
20240223,14:59:06,239.35,50,37200
20240223,14:59:42,239.45,50,37200
20240223,14:59:46,239.25,50,37200
20240223,14:59:54,238.5,100,37200
20240223,15:00:04,238.45,100,37200
20240223,15:00:31,237.8,100,37200
20240223,15:00:52,244.2,300,37200
20240223,15:00:56,245.0,250,37200
20240223,15:00:57,244.95,50,37200
20240223,15:01:02,244.65,200,37200
20240223,15:01:07,246.35,1800,37200
20240223,15:01:36,239.7,250,37200
20240223,15:01:51,241.0,1800,38300
20240223,15:02:11,245.5,500,38300
20240223,15:02:24,245.45,200,38300
20240223,15:02:37,247.25,400,38300
20240223,15:03:05,245.1,500,38300
20240223,15:03:33,243.4,150,38300
20240223,15:03:39,244.8,50,38300
20240223,15:03:43,243.4,50,38300
20240223,15:04:08,247.0,100,38300
20240223,15:04:21,248.0,50,38300
20240223,15:04:30,251.0,200,38300
20240223,15:04:34,249.95,100,38300
20240223,15:04:37,252.0,50,38300
20240223,15:04:42,250.35,1200,37250
20240223,15:04:52,250.75,100,37250
20240223,15:05:04,248.95,300,37250
20240223,15:05:12,247.45,50,37250
20240223,15:05:44,242.35,50,37250
20240223,15:05:49,243.0,100,37250
20240223,15:05:53,245.6,100,37250
20240223,15:05:54,244.5,100,37250
20240223,15:05:58,245.45,50,37250
20240223,15:05:59,244.65,150,37250
20240223,15:06:08,242.4,400,37250
20240223,15:06:13,243.2,50,37250
20240223,15:07:18,248.55,50,37250
20240223,15:07:28,250.0,50,37250
20240223,15:07:38,246.55,50,37250
20240223,15:07:40,245.7,50,36350
20240223,15:07:48,243.4,50,36350
20240223,15:08:20,247.3,50,36350
20240223,15:08:41,249.55,50,36350
20240223,15:08:43,248.0,200,36350
20240223,15:09:06,247.0,450,36350
20240223,15:09:08,246.1,350,36350
20240223,15:09:25,246.6,50,36350
20240223,15:09:33,246.8,50,36350
20240223,15:10:00,243.2,50,36350
20240223,15:10:01,243.35,2850,36350
20240223,15:10:06,243.9,550,36350
20240223,15:10:08,244.75,600,36350
20240223,15:10:36,247.9,50,36350
20240223,15:10:53,248.4,150,36350
20240223,15:10:55,246.7,500,34750
20240223,15:11:00,246.6,50,34750
20240223,15:11:01,247.0,100,34750
20240223,15:11:05,245.6,50,34750
20240223,15:11:06,246.15,250,34750
20240223,15:11:15,245.3,50,34750
20240223,15:11:18,246.1,200,34750
20240223,15:11:21,246.5,50,34750
20240223,15:11:23,247.0,850,34750
20240223,15:11:25,247.4,50,34750
20240223,15:11:36,247.7,100,34750
20240223,15:11:38,247.9,650,34750
20240223,15:11:43,247.1,200,34750
20240223,15:11:44,246.85,50,34750
20240223,15:11:54,245.3,200,34750
20240223,15:12:01,245.2,50,34750
20240223,15:12:18,244.4,50,34750
20240223,15:12:21,244.6,50,34750
20240223,15:12:26,243.65,50,34750
20240223,15:12:44,246.95,100,34750
20240223,15:13:38,245.25,50,34750
20240223,15:14:53,244.25,250,35650
20240223,15:15:01,244.45,650,35650
20240223,15:15:05,243.9,1250,35650
20240223,15:15:06,243.9,250,35650
20240223,15:15:31,245.6,100,35650
20240223,15:15:58,247.85,200,35650
20240223,15:16:23,249.0,100,35650
20240223,15:16:26,249.6,1000,35650
20240223,15:16:30,250.15,50,35650
20240223,15:16:36,251.9,1000,35650
20240223,15:16:40,253.3,50,35650
20240223,15:16:45,254.15,3800,33200
20240223,15:16:46,255.55,50,33200
20240223,15:16:50,256.0,100,33200
20240223,15:16:53,257.25,150,33200
20240223,15:16:56,257.55,50,33200
20240223,15:17:05,255.0,100,33200
20240223,15:17:06,253.95,250,33200
20240223,15:17:08,253.75,50,33200
20240223,15:17:40,255.85,800,33200
20240223,15:17:48,255.05,200,33200
20240223,15:17:50,255.0,50,33200
20240223,15:17:58,254.85,500,33200
20240223,15:18:02,254.8,50,33200
20240223,15:18:03,254.65,100,33200
20240223,15:18:10,254.5,50,33200
20240223,15:18:23,253.35,50,33200
20240223,15:18:25,253.1,400,33200
20240223,15:18:28,253.75,350,33200
20240223,15:18:32,253.8,500,33200
20240223,15:18:55,252.55,300,33200
20240223,15:19:27,247.35,150,33200
20240223,15:19:58,245.05,100,33200
20240223,15:20:00,245.05,200,33050
20240223,15:20:02,245.35,300,33050
20240223,15:20:05,244.45,250,33050
20240223,15:20:07,245.15,200,33050
20240223,15:20:08,244.8,150,33050
20240223,15:20:23,243.35,50,33050
20240223,15:20:30,243.4,250,33050
20240223,15:20:43,245.65,350,33050
20240223,15:20:48,246.0,250,33050
20240223,15:20:53,245.5,50,33050
20240223,15:20:57,248.65,250,33050
20240223,15:21:49,242.95,50,33050
20240223,15:21:57,242.15,50,33050
20240223,15:22:12,241.25,500,33050
20240223,15:22:19,239.2,150,33050
20240223,15:22:29,238.5,250,33050
20240223,15:22:47,237.5,50,32900
20240223,15:22:50,235.6,500,32900
20240223,15:22:59,234.65,150,32900
20240223,15:23:19,236.55,50,32900
20240223,15:23:29,237.95,50,32900
20240223,15:24:52,244.45,50,32900
20240223,15:24:54,244.15,100,32900
20240223,15:25:14,246.4,250,32900
20240223,15:25:15,246.45,150,32900
20240223,15:25:19,246.85,200,32900
20240223,15:25:29,248.65,50,32900
20240223,15:25:31,249.95,50,32900
20240223,15:25:37,252.55,500,32900
20240223,15:25:44,251.25,50,31800
20240223,15:25:46,253.35,100,31800
20240223,15:25:47,252.1,100,31800
20240223,15:26:06,255.0,200,31800
20240223,15:26:07,255.05,150,31800
20240223,15:26:16,254.25,50,31800
20240223,15:26:21,255.35,150,31800
20240223,15:26:34,256.15,50,31800
20240223,15:26:36,257.05,50,31800
20240223,15:26:39,255.25,50,31800
20240223,15:26:41,255.35,50,31800
20240223,15:26:54,251.95,100,31800
20240223,15:26:59,253.65,50,31800
20240223,15:27:02,255.45,250,31800
20240223,15:27:04,254.4,50,31800
20240223,15:27:12,256.1,300,31800
20240223,15:27:14,255.8,100,31800
20240223,15:27:16,255.9,150,31800
20240223,15:27:27,256.6,800,31800
20240223,15:27:34,254.15,50,31800
20240223,15:28:51,254.15,100,30950
20240223,15:29:45,248.2,50,30950
20240223,15:30:00,247.45,100,30950
20240226,09:15:01,255.6,1,30800
20240226,09:15:01,255.6,50,30800
20240226,09:15:04,277.2,50,30800
20240226,09:15:05,277.2,500,30800
20240226,09:15:07,260.25,150,30800
20240226,09:15:10,270.45,650,30800
20240226,09:15:14,268.55,100,30800
20240226,09:15:15,268.5,450,30800
20240226,09:15:32,267.55,1100,30800
20240226,09:15:34,265.65,200,30800
20240226,09:15:47,269.4,50,31600
20240226,09:15:54,273.4,350,31600
20240226,09:15:58,274.0,250,31600
20240226,09:16:00,274.5,150,31600
20240226,09:16:02,274.15,1950,31600
20240226,09:16:03,275.7,350,31600
20240226,09:16:08,274.2,350,31600
20240226,09:16:12,268.2,350,31600
20240226,09:16:17,271.5,700,31600
20240226,09:16:18,271.9,600,31600
20240226,09:16:25,268.0,250,31600
20240226,09:16:29,268.95,150,31600
20240226,09:16:41,265.65,50,31600
20240226,09:16:42,265.65,50,31600
20240226,09:17:10,266.35,100,31600
20240226,09:17:11,266.65,50,31600
20240226,09:17:15,266.45,150,31600
20240226,09:18:26,265.9,50,31600
20240226,09:18:30,264.4,50,31600
20240226,09:18:33,265.3,100,31600
20240226,09:18:46,262.85,50,31750
20240226,09:19:03,264.4,200,31750
20240226,09:19:13,265.8,50,31750
20240226,09:19:21,266.1,50,31750
20240226,09:19:36,267.0,50,31750
20240226,09:19:38,267.0,50,31750
20240226,09:19:46,266.1,500,31750
20240226,09:20:03,261.8,150,31750
20240226,09:20:08,263.3,100,31750
20240226,09:20:15,266.7,50,31750
20240226,09:20:32,268.9,50,31750
20240226,09:20:53,261.1,1500,31750
20240226,09:20:55,260.6,100,31750
20240226,09:20:58,261.3,350,31750
20240226,09:22:45,260.75,150,30900
20240226,09:23:13,260.4,50,30900
20240226,09:23:35,260.4,50,30900
20240226,09:23:53,261.7,100,30900
20240226,09:24:20,263.2,50,30900
20240226,09:24:27,263.2,50,30900
20240226,09:25:05,260.2,1500,30900
20240226,09:25:14,261.15,50,31050
20240226,09:25:30,258.7,100,31050
20240226,09:25:55,259.0,50,31050
20240226,09:26:00,261.0,50,31050
20240226,09:26:02,259.85,100,31050
20240226,09:26:45,261.75,50,31050
20240226,09:26:52,259.85,1000,31050
20240226,09:27:39,265.5,50,31050
20240226,09:27:47,264.05,150,30750
20240226,09:28:24,264.3,200,30750
20240226,09:28:27,264.2,950,30750
20240226,09:28:42,260.0,100,30750
20240226,09:28:49,259.0,200,30750
20240226,09:29:11,263.2,700,30750
20240226,09:29:31,263.6,100,30750
20240226,09:29:56,263.45,250,30750
20240226,09:30:06,263.2,50,30750
20240226,09:30:17,261.7,50,30750
20240226,09:30:29,265.0,200,30750
20240226,09:30:36,266.35,50,30750
20240226,09:30:49,264.0,50,31150
20240226,09:31:46,264.5,300,31150
20240226,09:33:54,261.2,50,31150
20240226,09:35:54,260.0,50,31150
20240226,09:35:56,258.25,700,31150
20240226,09:35:57,257.05,50,31150
20240226,09:35:59,259.3,150,31150
20240226,09:36:01,260.5,350,31150
20240226,09:36:11,260.0,300,31150
20240226,09:36:19,262.0,200,31150
20240226,09:36:31,261.8,250,31150
20240226,09:36:42,263.05,50,31150
20240226,09:37:24,265.8,50,32400
20240226,09:37:31,265.85,100,32400
20240226,09:37:43,265.7,250,32400
20240226,09:38:21,266.0,50,32400
20240226,09:38:46,265.1,50,32400
20240226,09:39:22,260.1,100,32400
20240226,09:39:24,259.05,200,32400
20240226,09:40:11,260.05,50,32150
20240226,09:40:21,260.05,150,32150
20240226,09:41:18,260.95,200,32150
20240226,09:41:44,260.0,300,32150
20240226,09:41:56,257.85,100,32150
20240226,09:43:48,258.15,50,32300
20240226,09:44:10,257.0,200,32300
20240226,09:44:15,255.45,200,32300
20240226,09:44:16,254.45,50,32300
20240226,09:44:21,253.0,200,32300
20240226,09:44:30,251.0,50,32300
20240226,09:44:45,249.65,100,32300
20240226,09:44:53,249.65,50,32300
20240226,09:45:02,248.05,50,32300
20240226,09:45:03,245.85,400,32300
20240226,09:45:05,245.85,50,32300
20240226,09:45:12,247.85,50,32300
20240226,09:45:15,247.1,50,32300
20240226,09:45:45,249.7,50,32300
20240226,09:46:03,247.0,750,32900
20240226,09:46:13,249.6,50,32900
20240226,09:46:16,249.2,50,32900
20240226,09:46:19,249.1,50,32900
20240226,09:46:21,248.8,50,32900
20240226,09:46:23,249.3,200,32900
20240226,09:46:24,250.2,100,32900
20240226,09:46:28,251.4,50,32900
20240226,09:46:39,252.8,100,32900
20240226,09:46:47,252.7,150,32900
20240226,09:46:49,252.7,100,32900
20240226,09:46:53,253.0,150,32900
20240226,09:46:55,252.35,150,32900
20240226,09:46:56,251.35,400,32900
20240226,09:46:58,251.05,50,32900
20240226,09:47:01,252.9,150,32900
20240226,09:47:03,252.55,450,32900
20240226,09:47:05,252.2,100,32900
20240226,09:47:16,253.4,50,32900
20240226,09:47:21,253.55,50,32900
20240226,09:47:23,253.95,250,32900
20240226,09:47:25,254.5,150,32900
20240226,09:47:38,255.25,100,32900
20240226,09:47:50,253.55,50,32900
20240226,09:47:53,254.95,100,32900
20240226,09:48:03,255.95,100,32900
20240226,09:48:15,256.0,50,32900
20240226,09:48:33,256.65,150,32900
20240226,09:49:11,258.0,300,31250
20240226,09:50:03,261.8,50,31250
20240226,09:50:08,263.0,200,31250
20240226,09:50:16,261.55,50,31250
20240226,09:50:25,264.0,200,31250
20240226,09:50:38,266.55,50,31250
20240226,09:50:40,266.8,50,31250
20240226,09:50:46,268.0,100,31250
20240226,09:50:48,268.25,50,31250
20240226,09:50:55,269.05,200,31250
20240226,09:51:00,270.0,50,31250
20240226,09:51:05,269.05,200,31250
20240226,09:51:08,271.0,50,31250
20240226,09:51:10,272.0,50,31250
20240226,09:51:32,268.25,100,31250
20240226,09:52:05,274.95,450,30500
20240226,09:52:07,275.5,500,30500
20240226,09:52:08,276.0,100,30500
20240226,09:52:10,278.6,200,30500
20240226,09:52:18,280.0,150,30500
20240226,09:52:25,280.5,50,30500
20240226,09:52:52,280.65,50,30500
20240226,09:52:53,281.4,550,30500
20240226,09:53:06,282.75,50,30500
20240226,09:53:13,282.75,50,30500
20240226,09:53:15,283.9,150,30500
20240226,09:53:27,284.8,50,30500
20240226,09:53:35,284.8,50,30500
20240226,09:53:57,277.55,50,30500
20240226,09:54:02,276.9,150,30500
20240226,09:54:15,279.6,50,30500
20240226,09:54:25,277.75,100,30500
20240226,09:54:30,275.45,300,30500
20240226,09:54:35,275.5,250,30500
20240226,09:54:43,274.8,350,30500
20240226,09:55:08,276.6,250,29800
20240226,09:55:18,279.55,450,29800
20240226,09:55:42,279.1,50,29800
20240226,09:56:15,278.6,50,29800
20240226,09:56:28,281.25,150,29800
20240226,09:57:35,282.0,50,29800
20240226,09:57:39,283.8,50,29800
20240226,09:57:47,287.8,500,29800
20240226,09:57:54,288.6,500,29800
20240226,09:57:55,288.75,50,29800
20240226,09:57:59,288.75,50,29800
20240226,09:58:02,288.75,100,29800
20240226,09:58:04,287.9,400,29800
20240226,09:58:05,287.8,250,29800
20240226,09:58:07,287.45,250,29800
20240226,09:58:25,287.45,50,29800
20240226,09:58:49,287.8,100,29800
20240226,09:58:52,288.15,300,29800
20240226,09:59:09,289.8,600,29800
20240226,09:59:15,289.4,300,29800
20240226,09:59:25,289.35,50,29800
20240226,09:59:29,288.7,50,29800
20240226,09:59:47,291.6,500,29800
20240226,09:59:59,293.95,300,29800
20240226,10:00:05,295.25,550,29800
20240226,10:00:07,293.9,600,29800
20240226,10:00:09,292.8,200,29800
20240226,10:00:10,292.6,100,29800
20240226,10:00:12,290.65,200,29800
20240226,10:00:14,291.5,200,29800
20240226,10:00:15,290.9,50,29800
20240226,10:00:19,291.6,650,29800
20240226,10:00:20,292.15,250,29800
20240226,10:00:22,294.05,100,29800
20240226,10:00:24,295.4,350,29800
20240226,10:00:25,296.45,200,29800
20240226,10:00:27,296.45,50,29800
20240226,10:00:29,294.5,150,29800
20240226,10:00:30,293.8,50,29800
20240226,10:00:34,290.8,50,29800
20240226,10:00:39,288.55,50,29800
20240226,10:00:40,287.85,250,29800
20240226,10:00:42,288.2,200,29800
20240226,10:00:44,290.05,2050,29800
20240226,10:00:50,286.35,100,35500
20240226,10:00:52,287.3,150,35500
20240226,10:00:54,287.2,50,35500
20240226,10:00:57,289.45,250,35500
20240226,10:00:59,290.0,250,35500
20240226,10:01:12,292.9,250,35500
20240226,10:01:17,291.9,50,35500
20240226,10:01:19,291.1,50,35500
20240226,10:01:20,292.35,100,35500
20240226,10:01:24,291.45,200,35500
20240226,10:01:35,290.15,50,35500
20240226,10:01:37,291.9,50,35500
20240226,10:02:02,289.3,50,35500
20240226,10:02:09,291.85,50,35500
20240226,10:03:39,286.7,50,35500
20240226,10:03:45,285.6,100,35500
20240226,10:04:00,287.5,50,36600
20240226,10:04:17,287.1,100,36600
20240226,10:04:34,291.0,50,36600
20240226,10:04:57,291.0,200,36600
20240226,10:05:41,287.9,200,36600
20240226,10:06:12,286.25,50,36600
20240226,10:06:29,285.65,50,36600
20240226,10:07:14,282.35,100,36950
20240226,10:07:22,282.05,50,36950
20240226,10:07:29,281.4,50,36950
20240226,10:07:54,278.85,850,36950
20240226,10:08:36,278.05,50,36950
20240226,10:08:42,275.9,250,36950
20240226,10:09:06,278.15,100,36950
20240226,10:09:38,283.45,50,36950
20240226,10:10:02,288.05,50,36300
20240226,10:11:01,289.2,50,36300
20240226,10:11:04,286.7,50,36300
20240226,10:11:26,289.6,50,36300
20240226,10:11:51,285.8,100,36300
20240226,10:13:02,282.85,50,36200
20240226,10:13:17,281.6,50,36200
20240226,10:13:44,282.6,400,36200
20240226,10:14:06,280.0,50,36200
20240226,10:14:18,278.4,100,36200
20240226,10:14:31,277.65,50,36200
20240226,10:14:33,277.5,50,36200
20240226,10:14:36,277.0,150,36200
20240226,10:14:46,277.95,200,36200
20240226,10:14:48,277.55,100,36200
20240226,10:14:56,276.7,50,36200
20240226,10:14:58,275.9,200,36200
20240226,10:15:03,277.05,150,36200
20240226,10:15:04,277.5,50,36200
20240226,10:15:13,279.6,50,36200
20240226,10:15:14,279.6,250,36200
20240226,10:15:16,280.0,200,36200
20240226,10:15:21,279.1,100,36200
20240226,10:15:28,280.6,150,36200
20240226,10:15:38,281.9,50,36200
20240226,10:15:44,281.25,300,36200
20240226,10:15:46,280.35,50,36200
20240226,10:16:00,281.85,50,35700
20240226,10:16:01,282.1,50,35700
20240226,10:16:21,282.9,50,35700
20240226,10:16:33,282.0,50,35700
20240226,10:16:35,281.7,50,35700
20240226,10:16:36,281.0,50,35700
20240226,10:16:40,279.7,100,35700
20240226,10:16:41,279.2,50,35700
20240226,10:16:48,276.05,100,35700
20240226,10:17:00,275.45,400,35700
20240226,10:17:01,276.3,100,35700
20240226,10:17:06,276.6,50,35700
20240226,10:17:16,280.0,50,35700
20240226,10:18:13,279.1,200,35700
20240226,10:18:25,280.05,100,35700
20240226,10:18:53,281.0,50,35700
20240226,10:19:10,282.15,50,36450
20240226,10:19:31,283.0,50,36450
20240226,10:20:01,284.45,50,36450
20240226,10:20:15,287.5,100,36450
20240226,10:21:10,287.25,50,36450
20240226,10:21:25,284.7,50,36450
20240226,10:21:50,281.35,100,36450
20240226,10:21:55,279.35,150,36650
20240226,10:22:08,280.45,50,36650
20240226,10:22:28,280.45,300,36650
20240226,10:23:52,277.4,50,36650
20240226,10:24:03,280.45,100,36650
20240226,10:24:10,280.45,150,36650
20240226,10:25:32,286.0,150,37150
20240226,10:26:15,282.6,50,37150
20240226,10:26:25,278.5,200,37150
20240226,10:26:39,281.65,50,37150
20240226,10:27:44,286.15,150,37150
20240226,10:27:49,287.1,250,37150
20240226,10:27:50,285.55,50,37150
20240226,10:28:10,284.4,50,37250
20240226,10:28:54,287.55,50,37250
20240226,10:28:59,288.4,50,37250
20240226,10:29:45,294.3,250,37250
20240226,10:29:50,294.6,50,37250
20240226,10:29:52,294.4,50,37250
20240226,10:29:54,293.95,250,37250
20240226,10:29:57,294.85,500,37250
20240226,10:30:00,293.7,50,37250
20240226,10:30:02,293.45,50,37250
20240226,10:30:04,294.3,50,37250
20240226,10:30:07,294.0,100,37250
20240226,10:30:12,294.65,50,37250
20240226,10:30:22,292.45,150,37250
20240226,10:30:24,293.35,250,37250
20240226,10:30:25,294.65,150,37250
20240226,10:30:32,295.4,100,37250
20240226,10:30:35,296.65,50,37250
20240226,10:30:39,296.65,100,37250
20240226,10:30:47,293.95,100,37250
20240226,10:30:49,294.0,500,37250
20240226,10:30:59,294.6,50,38050
20240226,10:31:10,294.85,300,38050
20240226,10:31:19,291.2,100,38050
20240226,10:31:29,288.9,150,38050
20240226,10:32:04,287.8,250,38050
20240226,10:32:40,285.1,150,38050
20240226,10:32:42,286.15,150,38050
20240226,10:32:44,287.2,50,38050
20240226,10:32:50,285.8,50,38050
20240226,10:32:54,286.0,50,38050
20240226,10:32:59,285.3,50,38050
20240226,10:33:00,287.2,100,38050
20240226,10:33:05,287.5,50,38050
20240226,10:33:07,286.65,100,38050
20240226,10:33:09,287.35,100,38050
20240226,10:33:12,287.3,50,38050
20240226,10:33:15,285.45,50,38050
20240226,10:33:17,286.3,50,38050
20240226,10:33:19,286.1,300,38050
20240226,10:33:24,285.05,50,38050
20240226,10:33:25,285.35,100,38050
20240226,10:33:35,287.0,50,38050
20240226,10:34:07,287.6,150,38050
20240226,10:34:14,286.4,50,37200
20240226,10:34:27,286.4,50,37200
20240226,10:35:11,282.85,100,37200
20240226,10:35:41,285.5,50,37200
20240226,10:35:57,285.5,50,37200
20240226,10:35:59,285.4,50,37200
20240226,10:36:11,287.7,50,37200
20240226,10:36:52,280.0,50,37200
20240226,10:37:26,278.95,50,37100
20240226,10:38:11,276.7,400,37100
20240226,10:38:14,276.5,50,37100
20240226,10:39:19,280.0,150,37100
20240226,10:40:01,280.2,50,37200
20240226,10:41:24,283.35,150,37200
20240226,10:41:46,285.0,50,37200
20240226,10:41:59,286.0,150,37200
20240226,10:42:21,286.0,50,37200
20240226,10:42:53,288.4,150,37200
20240226,10:43:01,289.0,150,37350
20240226,10:44:06,289.1,350,37350
20240226,10:46:33,286.1,50,37350
20240226,10:46:43,286.85,50,37350
20240226,10:47:05,286.5,50,37350
20240226,10:47:06,286.6,50,37350
20240226,10:47:13,287.7,50,37350
20240226,10:49:08,282.4,150,37300
20240226,10:49:50,283.9,50,37300
20240226,10:50:46,285.75,50,37300
20240226,10:51:23,286.35,50,37300
20240226,10:54:10,290.4,50,37350
20240226,10:57:10,292.0,50,37400
20240226,10:58:32,291.55,50,37400
20240226,10:59:40,297.0,50,37400
20240226,10:59:50,298.0,50,37400
20240226,10:59:54,300.9,50,37400
20240226,10:59:55,303.1,150,37400
20240226,11:00:00,303.1,550,37400
20240226,11:00:02,302.4,200,37400
20240226,11:00:04,305.0,50,37400
20240226,11:00:12,305.0,250,37400
20240226,11:00:19,305.9,200,37400
20240226,11:00:24,309.85,50,37400
20240226,11:00:30,309.85,500,37400
20240226,11:00:44,304.75,50,37400
20240226,11:00:47,302.8,50,37400
20240226,11:00:49,301.3,50,37400
20240226,11:00:54,297.7,50,37400
20240226,11:01:16,294.8,250,37250
20240226,11:01:19,294.65,50,37250
20240226,11:01:26,296.75,300,37250
20240226,11:02:24,290.5,250,37250
20240226,11:02:34,289.55,50,37250
20240226,11:03:11,287.7,800,37250
20240226,11:03:16,288.6,350,37250
20240226,11:04:02,288.75,100,37550
20240226,11:05:02,285.8,50,37550
20240226,11:05:07,285.75,100,37550
20240226,11:05:31,286.1,50,37550
20240226,11:06:32,286.2,250,37550
20240226,11:06:54,286.0,250,37550
20240226,11:07:24,285.05,650,37550
20240226,11:10:11,285.95,100,37600
20240226,11:10:13,286.35,250,37600
20240226,11:10:46,288.75,100,37600
20240226,11:11:14,289.65,50,37600
20240226,11:17:53,287.75,50,37500
20240226,11:17:56,287.15,50,37500
20240226,11:19:20,286.7,50,37550
20240226,11:20:55,292.7,100,37550
20240226,11:22:57,292.5,250,37600
20240226,11:29:41,287.65,50,37600
20240226,11:29:51,287.75,50,37600
20240226,11:31:32,294.2,200,37550
20240226,11:33:21,295.35,50,37550
20240226,11:36:27,298.5,50,37550
20240226,11:36:42,300.5,50,37550
20240226,11:36:46,299.9,50,37550
20240226,11:40:12,298.25,250,37550
20240226,11:40:19,299.4,50,37550
20240226,11:40:47,297.75,100,37550
20240226,11:41:31,300.65,100,37550
20240226,11:42:01,300.8,50,37550
20240226,11:42:36,302.4,50,37550
20240226,11:42:49,302.7,50,37550
20240226,11:43:04,302.7,50,37550
20240226,11:43:51,295.5,50,37550
20240226,11:43:53,297.0,300,37550
20240226,11:44:24,296.95,50,37550
20240226,11:48:08,295.45,500,37500
20240226,11:50:46,296.85,200,37500
20240226,11:53:22,300.3,50,37700
20240226,11:53:37,301.8,50,37700
20240226,11:54:22,300.95,500,37700
20240226,11:54:37,303.0,200,37700
20240226,11:54:55,310.0,200,37700
20240226,11:55:02,313.0,100,37700
20240226,11:55:07,315.2,50,37700
20240226,11:55:25,315.2,50,37650
20240226,11:55:32,314.2,50,37650
20240226,11:55:59,310.6,50,37650
20240226,11:56:19,313.6,100,37650
20240226,11:57:40,309.0,100,37650
20240226,11:58:39,306.4,100,37650
20240226,12:00:01,303.6,300,37650
20240226,12:00:44,305.3,50,37650
20240226,12:01:20,304.85,50,37600
20240226,12:03:14,301.7,50,37600
20240226,12:07:43,306.15,50,37600
20240226,12:08:31,303.75,1200,37600
20240226,12:14:09,311.0,50,37600
20240226,12:15:03,313.0,50,37600
20240226,12:16:51,308.1,50,37600
20240226,12:18:50,320.45,250,37600
20240226,12:19:24,321.35,50,37600
20240226,12:20:33,321.35,50,37600
20240226,12:22:10,316.6,50,37600
20240226,12:22:16,315.9,150,37600
20240226,12:22:18,315.9,250,37600
20240226,12:22:25,315.9,1100,37600
20240226,12:22:43,312.45,50,37600
20240226,12:22:46,313.45,250,37600
20240226,12:22:48,313.0,1750,37600
20240226,12:22:53,312.8,150,37600
20240226,12:22:56,312.8,100,37600
20240226,12:22:59,312.45,100,37600
20240226,12:23:01,314.2,150,37600
20240226,12:23:02,313.05,200,37600
20240226,12:23:04,314.1,50,37600
20240226,12:23:06,313.55,50,37600
20240226,12:23:29,312.45,50,37600
20240226,12:23:32,311.75,50,37600
20240226,12:23:45,311.35,50,37600
20240226,12:26:03,308.45,100,38400
20240226,12:27:01,300.9,50,38400
20240226,12:27:16,299.15,550,38400
20240226,12:27:31,293.75,400,38400
20240226,12:29:52,295.8,50,38950
20240226,12:29:55,296.2,50,38950
20240226,12:30:05,296.4,50,38950
20240226,12:30:08,297.65,50,38950
20240226,12:30:15,298.15,50,38950
20240226,12:30:17,296.9,50,38950
20240226,12:30:28,299.55,100,38950
20240226,12:30:30,299.95,50,38950
20240226,12:30:32,300.2,200,38950
20240226,12:30:35,299.55,50,38950
20240226,12:30:42,299.05,50,38950
20240226,12:30:47,300.25,150,38950
20240226,12:30:50,300.9,50,38950
20240226,12:30:58,300.9,50,38950
20240226,12:31:05,301.2,50,38950
20240226,12:31:07,301.55,200,38950
20240226,12:31:15,302.5,50,38500
20240226,12:32:17,302.45,50,38500
20240226,12:34:10,299.45,50,38500
20240226,12:38:07,304.2,100,38600
20240226,12:43:42,302.25,50,38550
20240226,12:46:06,305.75,50,38550
20240226,12:46:36,305.65,250,38550
20240226,12:49:16,307.4,100,38600
20240226,12:50:08,310.0,100,38600
20240226,12:50:18,310.2,50,38600
20240226,12:55:22,298.3,350,38700
20240226,12:56:17,298.9,250,38700
20240226,12:57:35,296.35,50,38700
20240226,12:57:37,296.25,50,38700
20240226,12:57:50,293.35,400,38700
20240226,12:57:57,292.9,50,38700
20240226,12:57:58,293.15,50,38700
20240226,12:58:02,292.95,50,38700
20240226,12:58:15,289.3,400,38700
20240226,12:58:20,289.5,50,38700
20240226,12:58:25,289.0,100,39800
20240226,12:58:27,288.3,100,39800
20240226,12:58:30,287.9,150,39800
20240226,12:58:32,287.9,50,39800
20240226,12:58:35,287.8,50,39800
20240226,12:58:38,287.5,50,39800
20240226,12:58:42,286.9,150,39800
20240226,12:58:50,290.3,100,39800
20240226,12:58:55,289.8,150,39800
20240226,12:58:57,289.95,50,39800
20240226,12:59:00,290.65,150,39800
20240226,12:59:02,290.1,50,39800
20240226,12:59:05,291.6,100,39800
20240226,12:59:10,291.6,50,39800
20240226,12:59:12,290.1,300,39800
20240226,12:59:17,291.75,50,39800
20240226,12:59:20,289.65,100,39800
20240226,12:59:28,288.6,100,39800
20240226,12:59:34,287.15,50,39800
20240226,12:59:35,286.7,100,39800
20240226,12:59:42,286.15,150,39800
20240226,13:00:00,286.25,50,39800
20240226,13:00:18,286.05,50,39800
20240226,13:00:30,287.1,50,39800
20240226,13:00:33,287.8,150,39800
20240226,13:00:35,286.9,50,39800
20240226,13:00:40,288.0,50,39800
20240226,13:00:42,286.9,50,39800
20240226,13:00:43,285.7,100,39800
20240226,13:00:45,285.4,100,39800
20240226,13:00:48,285.5,50,39800
20240226,13:00:53,284.2,50,39800
20240226,13:01:02,285.4,50,39800
20240226,13:01:09,286.5,100,39800
20240226,13:01:19,286.45,100,38800
20240226,13:01:25,288.8,50,38800
20240226,13:01:39,292.3,50,38800
20240226,13:01:42,291.4,50,38800
20240226,13:01:44,291.2,50,38800
20240226,13:01:47,292.3,50,38800
20240226,13:01:50,292.3,50,38800
20240226,13:03:10,292.55,100,38800
20240226,13:04:09,289.15,100,38800
20240226,13:06:56,286.15,50,38800
20240226,13:06:57,287.3,50,38750
20240226,13:08:49,280.0,50,38850
20240226,13:08:54,280.0,50,38850
20240226,13:11:27,266.8,100,38900
20240226,13:11:55,266.7,300,38900
20240226,13:12:33,264.85,200,38900
20240226,13:12:39,265.6,100,38900
20240226,13:13:48,268.85,50,39200
20240226,13:14:06,271.05,50,39200
20240226,13:14:08,270.05,50,39200
20240226,13:14:10,270.7,50,39200
20240226,13:14:51,271.15,50,39200
20240226,13:15:35,268.15,50,39200
20240226,13:15:51,267.3,50,39200
20240226,13:16:11,265.1,50,39200
20240226,13:16:13,263.35,50,39200
20240226,13:16:29,263.85,50,39350
20240226,13:17:09,254.1,200,39350
20240226,13:17:17,254.4,50,39350
20240226,13:17:19,254.85,50,39350
20240226,13:17:22,255.4,150,39350
20240226,13:17:49,259.05,50,39350
20240226,13:17:56,258.65,150,39350
20240226,13:18:04,259.95,50,39350
20240226,13:18:27,260.7,50,39350
20240226,13:20:01,261.8,50,39650
20240226,13:21:02,261.9,350,39650
20240226,13:21:59,266.0,50,39650
20240226,13:22:38,268.05,50,39650
20240226,13:22:44,268.1,100,39700
20240226,13:23:11,270.0,300,39700
20240226,13:23:21,268.4,300,39700
20240226,13:25:05,267.3,300,39700
20240226,13:25:42,269.1,400,39750
20240226,13:26:31,264.0,250,39750
20240226,13:27:12,262.85,50,39750
20240226,13:27:55,267.35,50,39750
20240226,13:30:27,266.0,50,40150
20240226,13:31:16,272.05,50,40150
20240226,13:31:23,274.55,50,40200
20240226,13:31:41,275.25,50,40200
20240226,13:31:44,276.5,100,40200
20240226,13:31:53,279.15,300,40200
20240226,13:32:06,281.0,50,40200
20240226,13:32:21,280.45,50,40200
20240226,13:32:48,279.3,100,40200
20240226,13:36:31,271.2,50,40500
20240226,13:37:26,273.95,50,40500
20240226,13:38:38,272.45,50,40500
20240226,13:40:05,278.6,100,40500
20240226,13:40:23,278.6,100,40500
20240226,13:40:40,280.8,50,40500
20240226,13:40:54,280.0,100,40500
20240226,13:40:58,279.1,50,40500
20240226,13:44:29,280.6,50,40300
20240226,13:47:03,273.9,100,40350
20240226,13:47:41,266.5,50,40350
20240226,13:48:32,265.9,100,40350
20240226,13:48:34,265.0,200,40350
20240226,13:49:02,266.75,100,40350
20240226,13:49:13,267.75,50,40350
20240226,13:49:28,264.05,50,40350
20240226,13:49:33,261.55,300,40350
20240226,13:50:00,263.6,50,40350
20240226,13:50:25,263.2,50,40350
20240226,13:51:13,266.9,50,40350
20240226,13:51:45,268.3,50,40350
20240226,13:53:45,262.85,150,40450
20240226,13:54:32,258.5,50,40450
20240226,13:56:44,268.0,200,40500
20240226,13:57:04,267.4,100,40500
20240226,13:57:09,267.3,50,40500
20240226,13:57:32,270.0,150,40500
20240226,13:57:42,267.7,100,40500
20240226,13:58:29,268.2,50,40400
20240226,13:58:58,267.55,50,40400
20240226,13:59:11,267.0,100,40400
20240226,13:59:57,261.95,50,40400
20240226,14:00:32,264.55,100,40400
20240226,14:02:07,262.9,250,40600
20240226,14:02:08,261.9,300,40600
20240226,14:02:12,264.35,50,40600
20240226,14:02:13,263.9,150,40600
20240226,14:02:18,264.5,100,40600
20240226,14:02:22,264.1,100,40600
20240226,14:02:23,263.65,100,40600
20240226,14:02:30,263.1,250,40600
20240226,14:02:31,264.1,250,40600
20240226,14:02:36,265.25,50,40600
20240226,14:02:41,265.8,50,40600
20240226,14:02:48,265.2,50,40600
20240226,14:02:49,265.6,100,40600
20240226,14:02:51,265.65,100,40600
20240226,14:02:56,265.55,50,40600
20240226,14:03:04,264.7,50,40600
20240226,14:03:17,263.15,50,40600
20240226,14:03:19,262.55,50,40600
20240226,14:04:19,260.0,50,40600
20240226,14:04:42,263.0,100,40300
20240226,14:05:14,263.35,50,40300
20240226,14:05:22,262.8,150,40300
20240226,14:05:51,261.0,50,40300
20240226,14:06:04,261.3,100,40300
20240226,14:06:19,258.3,50,40300
20240226,14:06:24,257.7,100,40300
20240226,14:06:59,259.15,100,40300
20240226,14:07:27,258.0,350,40300
20240226,14:07:34,257.0,50,40350
20240226,14:08:54,259.7,50,40350
20240226,14:09:33,261.85,50,40350
20240226,14:10:41,260.05,50,40500
20240226,14:11:43,260.35,50,40500
20240226,14:11:44,260.5,50,40500
20240226,14:11:46,261.0,50,40500
20240226,14:11:53,262.1,200,40500
20240226,14:11:54,261.95,50,40500
20240226,14:11:56,261.95,200,40500
20240226,14:11:58,261.95,100,40500
20240226,14:12:49,264.9,50,40500
20240226,14:13:31,265.25,50,40650
20240226,14:13:41,265.65,50,40650
20240226,14:14:01,267.05,150,40650
20240226,14:14:14,266.6,100,40650
20240226,14:14:54,267.75,200,40650
20240226,14:15:38,270.75,50,40650
20240226,14:15:53,272.4,50,40650
20240226,14:17:03,267.9,300,40700
20240226,14:17:06,267.65,100,40700
20240226,14:21:00,262.1,50,40700
20240226,14:22:16,257.0,50,40700
20240226,14:22:51,257.0,100,40650
20240226,14:23:55,251.2,100,40650
20240226,14:24:03,249.45,100,40650
20240226,14:24:05,248.4,50,40650
20240226,14:24:45,252.25,50,40650
20240226,14:25:03,253.45,50,40650
20240226,14:26:04,256.1,100,40700
20240226,14:27:58,263.0,50,40700
20240226,14:32:59,262.1,350,40700
20240226,14:33:19,258.0,100,40700
20240226,14:34:17,260.3,400,40700
20240226,14:34:45,263.0,100,40550
20240226,14:35:05,265.1,50,40550
20240226,14:35:16,263.0,200,40550
20240226,14:35:47,268.0,50,40550
20240226,14:36:02,266.45,200,40550
20240226,14:36:36,264.25,100,40550
20240226,14:36:51,264.2,50,40550
20240226,14:37:09,263.25,50,40550
20240226,14:37:16,262.4,50,40550
20240226,14:37:56,265.1,50,40650
20240226,14:38:56,268.9,350,40650
20240226,14:39:46,275.1,50,40650
20240226,14:39:54,275.9,100,40650
20240226,14:39:59,273.65,1850,40650
20240226,14:40:12,272.2,100,40650
20240226,14:40:24,270.95,50,40650
20240226,14:40:47,271.25,100,40050
20240226,14:44:04,271.15,50,40050
20240226,14:44:16,272.25,300,40050
20240226,14:44:48,272.8,50,40050
20240226,14:44:49,272.8,250,40050
20240226,14:47:11,270.05,750,40100
20240226,14:47:23,267.85,300,40100
20240226,14:48:28,274.5,250,40100
20240226,14:48:45,274.5,750,40100
20240226,14:49:00,281.25,100,40100
20240226,14:49:26,284.1,100,40100
20240226,14:49:28,286.0,50,40100
20240226,14:49:36,286.0,100,39850
20240226,14:49:38,286.65,50,39850
20240226,14:49:55,284.2,50,39850
20240226,14:49:58,284.9,100,39850
20240226,14:50:13,285.0,100,39850
20240226,14:50:31,283.4,50,39850
20240226,14:51:00,290.0,100,39850
20240226,14:51:16,289.05,50,39850
20240226,14:52:01,290.0,200,39850
20240226,14:52:10,288.8,100,39850
20240226,14:52:30,288.7,50,39850
20240226,14:52:58,288.8,50,39750
20240226,14:53:05,290.0,100,39750
20240226,14:53:15,292.2,1250,39750
20240226,14:53:32,291.6,150,39750
20240226,14:56:20,291.0,100,39050
20240226,14:56:53,290.45,100,39050
20240226,14:57:44,284.8,50,39050
20240226,14:58:02,287.3,350,39050
20240226,14:59:47,290.85,200,38950
20240226,15:00:09,287.2,200,38950
20240226,15:00:19,293.3,250,38950
20240226,15:00:39,287.8,50,38950
20240226,15:00:45,287.3,300,38950
20240226,15:00:50,286.1,50,38950
20240226,15:01:16,291.4,100,38950
20240226,15:01:46,285.8,600,38950
20240226,15:02:01,275.0,850,39350
20240226,15:02:04,275.35,50,39350
20240226,15:02:24,274.45,100,39350
20240226,15:02:34,269.85,150,39350
20240226,15:02:46,269.85,250,39350
20240226,15:03:11,270.85,100,39350
20240226,15:03:14,275.25,50,39350
20240226,15:03:41,279.65,200,39350
20240226,15:03:48,277.7,50,39350
20240226,15:04:01,279.75,50,39350
20240226,15:04:16,282.0,50,39350
20240226,15:04:17,284.25,50,39350
20240226,15:04:32,277.95,100,39350
20240226,15:05:54,283.75,500,38350
20240226,15:05:59,286.8,200,38350
20240226,15:06:06,282.3,50,38350
20240226,15:08:08,284.25,350,38800
20240226,15:08:15,286.0,50,38800
20240226,15:08:20,282.3,750,38800
20240226,15:08:45,283.55,250,38800
20240226,15:09:14,281.25,200,38800
20240226,15:09:28,281.65,250,38800
20240226,15:09:48,281.65,50,38800
20240226,15:10:03,282.4,50,38800
20240226,15:11:31,282.75,50,38100
20240226,15:12:11,277.55,200,38100
20240226,15:12:13,278.55,50,38100
20240226,15:12:16,280.45,50,38100
20240226,15:13:51,280.35,50,38050
20240226,15:14:04,282.45,50,38050
20240226,15:15:03,280.7,50,38050
20240226,15:15:53,282.25,50,38050
20240226,15:20:00,284.35,200,38150
20240226,15:20:02,283.75,50,38150
20240226,15:20:07,282.95,50,38150
20240226,15:20:18,284.8,200,38150
20240226,15:20:34,285.5,150,38150
20240226,15:20:35,286.6,500,38150
20240226,15:20:37,286.05,50,38150
20240226,15:20:40,285.3,200,38150
20240226,15:20:43,285.7,50,38150
20240226,15:20:48,285.4,50,38150
20240226,15:20:50,285.3,400,38150
20240226,15:20:51,285.55,200,38150
20240226,15:20:53,286.45,200,38150
20240226,15:20:54,286.7,200,38150
20240226,15:20:56,286.75,100,38150
20240226,15:20:58,286.85,400,38150
20240226,15:20:59,286.5,50,38150
20240226,15:21:01,286.15,600,38150
20240226,15:21:03,286.2,50,38150
20240226,15:21:09,285.9,50,38150
20240226,15:23:20,285.9,350,36400
20240226,15:23:23,287.05,50,36400
20240226,15:24:40,285.45,150,36400
20240226,15:25:25,285.05,50,36400
20240226,15:25:27,285.15,50,36400
20240226,15:25:30,285.25,50,36400
20240226,15:25:40,284.4,800,36400
20240226,15:26:53,281.1,50,36300
20240226,15:26:55,280.9,50,36300
20240226,15:27:07,278.4,100,36300
20240226,15:27:10,279.2,1000,36300
20240226,15:27:12,279.2,50,36300
20240226,15:27:15,279.2,50,36300
20240226,15:29:02,279.1,50,36350
20240226,15:29:39,279.3,50,36350
20240227,09:15:11,290.0,1,36250
20240227,09:15:11,289.95,150,36250
20240227,09:15:14,292.55,200,36250
20240227,09:15:16,297.0,50,36250
20240227,09:15:17,297.0,500,36250
20240227,09:15:19,292.25,50,36250
20240227,09:15:39,295.3,150,36250
20240227,09:15:40,295.5,100,36250
20240227,09:15:54,296.3,1050,36000
20240227,09:15:55,296.6,700,36000
20240227,09:15:57,295.9,100,36000
20240227,09:16:04,296.2,50,36000
20240227,09:16:12,293.1,200,36000
20240227,09:16:33,290.95,50,36000
20240227,09:17:14,297.0,50,36000
20240227,09:17:16,298.35,200,36000
20240227,09:17:27,298.35,100,36000
20240227,09:17:35,298.4,300,36000
20240227,09:17:44,298.8,350,36000
20240227,09:18:05,298.8,200,36000
20240227,09:18:30,296.0,50,36000
20240227,09:18:35,297.45,50,36000
20240227,09:20:13,302.7,50,37600
20240227,09:21:18,302.7,300,37600
20240227,09:21:44,294.5,100,37600
20240227,09:22:41,293.9,50,37250
20240227,09:23:01,291.85,350,37250
20240227,09:23:21,286.25,50,37250
20240227,09:23:57,286.25,50,37250
20240227,09:24:36,289.9,50,37250
20240227,09:25:04,287.6,1000,36800
20240227,09:25:19,287.4,50,36800
20240227,09:25:20,287.4,400,36800
20240227,09:25:24,286.5,50,36800
20240227,09:25:27,287.4,50,36800
20240227,09:25:35,287.3,50,36800
20240227,09:25:37,286.6,50,36800
20240227,09:25:40,286.1,100,36800
20240227,09:25:42,285.8,100,36800
20240227,09:25:45,285.8,50,36800
20240227,09:25:50,285.65,50,36800
20240227,09:25:52,285.65,300,36800
20240227,09:25:54,287.55,600,36800
20240227,09:25:55,286.8,50,36800
20240227,09:26:02,285.8,250,36800
20240227,09:26:07,286.75,50,36800
20240227,09:26:09,287.15,150,36800
20240227,09:26:12,287.1,50,36800
20240227,09:26:14,286.6,150,36800
20240227,09:26:17,286.7,150,36800
20240227,09:26:20,285.5,50,36800
20240227,09:26:32,285.5,100,36800
20240227,09:26:42,285.0,50,36800
20240227,09:26:50,285.0,50,36800
20240227,09:26:54,281.8,100,36800
20240227,09:26:59,280.0,50,36800
20240227,09:27:49,280.0,50,36800
20240227,09:27:54,282.9,100,39400
20240227,09:28:52,285.65,100,39400
20240227,09:29:05,286.5,50,39400
20240227,09:29:17,287.4,50,39400
20240227,09:29:43,287.4,50,39400
20240227,09:30:01,288.0,50,39400
20240227,09:30:25,292.45,600,39400
20240227,09:30:45,288.95,50,39400
20240227,09:32:13,288.95,50,39400
20240227,09:33:01,283.0,100,39400
20240227,09:33:02,283.3,100,39400
20240227,09:34:27,280.0,100,39350
20240227,09:35:10,282.4,250,39350
20240227,09:35:20,286.0,50,39350
20240227,09:37:01,288.0,150,39050
20240227,09:37:07,290.0,50,39050
20240227,09:37:11,290.85,50,39050
20240227,09:38:27,289.65,100,39050
20240227,09:40:04,280.0,50,39150
20240227,09:40:27,278.85,50,39150
20240227,09:41:18,278.85,200,39150
20240227,09:41:38,284.25,200,39150
20240227,09:42:06,286.2,50,39150
20240227,09:43:18,288.4,100,39400
20240227,09:43:35,290.0,50,39400
20240227,09:44:38,288.0,50,39400
20240227,09:45:04,287.1,50,39400
20240227,09:45:50,283.5,350,39400
20240227,09:46:05,284.9,50,39450
20240227,09:46:08,285.8,50,39450
20240227,09:46:35,286.5,300,39450
20240227,09:46:37,286.5,50,39450
20240227,09:48:34,285.5,300,39450
20240227,09:49:40,280.0,50,39550
20240227,09:49:45,279.85,150,39550
20240227,09:51:02,279.85,50,39550
20240227,09:51:17,281.2,50,39550
20240227,09:52:44,282.2,100,39850
20240227,09:52:56,281.45,50,39850
20240227,09:55:16,291.0,50,39950
20240227,09:55:18,294.0,50,39950
20240227,09:55:24,291.25,400,39950
20240227,09:55:40,293.0,50,39950
20240227,09:55:43,292.1,50,39950
20240227,09:56:18,287.0,50,39950
20240227,09:56:23,286.4,50,39950
20240227,09:56:28,286.3,50,39950
20240227,09:58:23,283.8,200,39400
20240227,10:00:01,280.5,50,39400
20240227,10:00:25,280.8,50,39400
20240227,10:01:44,276.6,50,39150
20240227,10:01:59,272.8,100,39150
20240227,10:02:02,272.8,50,39150
20240227,10:02:42,275.5,100,39150
20240227,10:05:30,273.5,100,39350
20240227,10:06:34,284.0,50,39350
20240227,10:06:43,284.0,50,39350
20240227,10:08:35,289.0,50,39500
20240227,10:08:46,289.25,50,39500
20240227,10:09:32,291.3,400,39500
20240227,10:09:54,291.05,50,39500
20240227,10:10:17,291.0,50,39100
20240227,10:11:05,288.4,50,39100
20240227,10:11:17,286.45,50,39100
20240227,10:11:18,285.9,50,39100
20240227,10:11:20,285.15,50,39100
20240227,10:11:32,286.5,100,39100
20240227,10:11:37,285.05,50,39100
20240227,10:12:10,287.75,100,39100
20240227,10:13:19,297.3,400,39100
20240227,10:13:21,297.55,50,39150
20240227,10:13:24,296.9,50,39150
20240227,10:13:36,297.3,100,39150
20240227,10:14:04,297.6,50,39150
20240227,10:14:06,297.3,50,39150
20240227,10:15:02,300.6,150,39150
20240227,10:15:05,301.7,300,39150
20240227,10:15:34,296.2,50,39150
20240227,10:16:00,295.75,250,38600
20240227,10:16:07,295.85,50,38600
20240227,10:16:10,295.9,50,38600
20240227,10:16:31,293.1,100,38600
20240227,10:16:53,291.4,100,38600
20240227,10:17:46,291.75,50,38600
20240227,10:17:48,290.65,50,38600
20240227,10:17:49,289.8,50,38600
20240227,10:17:52,290.9,50,38600
20240227,10:17:56,290.25,50,38600
20240227,10:18:01,291.8,50,38600
20240227,10:18:06,290.95,150,38600
20240227,10:18:07,290.45,350,38600
20240227,10:18:09,290.05,50,38600
20240227,10:18:17,291.05,50,38600
20240227,10:18:26,294.2,150,38600
20240227,10:18:32,294.05,250,38600
20240227,10:18:37,293.25,50,38600
20240227,10:18:39,292.55,50,38600
20240227,10:19:03,291.6,100,38450
20240227,10:19:04,292.3,100,38450
20240227,10:19:06,292.3,350,38450
20240227,10:19:08,292.4,50,38450
20240227,10:19:09,293.8,50,38450
20240227,10:19:16,292.5,400,38450
20240227,10:19:34,292.8,50,38450
20240227,10:20:04,293.0,250,38450
20240227,10:20:20,294.75,50,38450
20240227,10:20:57,295.6,50,38450
20240227,10:21:17,298.3,100,38450
20240227,10:21:45,301.05,50,38450
20240227,10:21:47,300.7,50,38450
20240227,10:21:54,299.65,50,38450
20240227,10:21:57,300.0,50,38450
20240227,10:22:19,299.3,250,37600
20240227,10:22:40,297.8,250,37600
20240227,10:23:02,299.6,50,37600
20240227,10:23:30,302.35,150,37600
20240227,10:24:13,306.0,350,37600
20240227,10:24:21,306.1,350,37600
20240227,10:24:29,306.1,50,37600
20240227,10:24:55,306.1,50,37600
20240227,10:25:07,300.8,150,37700
20240227,10:25:45,296.0,1800,37700
20240227,10:28:39,299.65,50,38250
20240227,10:29:56,303.5,50,38250
20240227,10:30:06,304.15,300,38250
20240227,10:30:35,304.15,200,38250
20240227,10:31:00,304.05,50,38250
20240227,10:32:39,301.4,50,38050
20240227,10:32:45,301.15,50,38050
20240227,10:32:50,299.1,100,38050
20240227,10:32:52,299.3,100,38050
20240227,10:32:59,300.3,50,38050
20240227,10:33:08,301.75,50,38050
20240227,10:33:10,300.85,50,38050
20240227,10:33:12,300.35,200,38050
20240227,10:33:15,299.35,150,38050
20240227,10:33:22,299.65,200,38050
20240227,10:33:25,300.2,50,38050
20240227,10:33:28,299.25,100,38050
20240227,10:33:30,298.95,100,38050
20240227,10:33:32,299.1,50,38050
20240227,10:33:40,299.95,50,38050
20240227,10:33:52,300.3,50,38050
20240227,10:35:08,298.0,1100,36900
20240227,10:35:10,298.0,1000,36900
20240227,10:35:39,295.6,150,36900
20240227,10:40:50,299.95,50,36900
20240227,10:40:51,300.0,50,37050
20240227,10:40:55,299.45,50,37050
20240227,10:43:13,294.0,100,37050
20240227,10:43:16,292.9,50,37050
20240227,10:43:26,294.9,50,37050
20240227,10:43:31,294.1,50,37050
20240227,10:43:36,293.9,50,37050
20240227,10:43:48,295.75,350,37050
20240227,10:43:49,295.9,50,37050
20240227,10:43:54,295.45,50,37050
20240227,10:44:03,295.75,200,37050
20240227,10:44:04,295.3,400,37050
20240227,10:44:09,295.55,50,37050
20240227,10:44:14,295.0,200,37050
20240227,10:44:34,291.85,100,37050
20240227,10:46:04,287.3,100,36400
20240227,10:47:28,287.3,50,36400
20240227,10:48:06,285.0,50,36400
20240227,10:48:08,285.9,600,36400
20240227,10:48:18,284.65,50,36400
20240227,10:48:19,284.45,250,36400
20240227,10:48:28,284.0,500,36400
20240227,10:48:31,285.45,50,36400
20240227,10:48:36,286.05,100,36400
20240227,10:48:37,286.25,50,36400
20240227,10:48:44,287.45,100,36400
20240227,10:48:47,286.55,100,36400
20240227,10:48:49,287.05,50,36400
20240227,10:48:54,286.55,50,36400
20240227,10:48:55,287.05,50,36400
20240227,10:49:26,289.5,100,36250
20240227,10:49:30,288.4,50,36250
20240227,10:49:53,286.3,50,36250
20240227,10:51:36,282.15,50,36250
20240227,10:52:32,282.4,50,36350
20240227,10:53:22,284.6,100,36350
20240227,10:56:08,283.6,50,36400
20240227,10:57:42,280.9,50,36400
20240227,10:58:01,282.3,50,36400
20240227,10:58:04,280.1,50,36400
20240227,10:58:56,284.2,200,36500
20240227,10:59:55,279.7,500,36500
20240227,11:01:15,274.05,50,36100
20240227,11:02:14,274.75,100,36100
20240227,11:03:43,276.0,100,36100
20240227,11:04:23,275.8,50,36100
20240227,11:05:31,277.0,50,36100
20240227,11:05:53,279.4,100,36100
20240227,11:05:54,279.55,50,36100
20240227,11:05:56,278.65,100,36100
20240227,11:05:58,278.9,50,36100
20240227,11:06:09,279.9,100,36100
20240227,11:06:11,280.35,50,36100
20240227,11:06:18,279.7,50,36100
20240227,11:06:24,280.95,50,36100
20240227,11:06:28,280.3,50,36100
20240227,11:06:31,280.1,50,36100
20240227,11:06:33,280.25,50,36100
20240227,11:10:59,282.4,100,35900
20240227,11:11:11,279.4,100,35900
20240227,11:13:32,279.45,250,35800
20240227,11:13:40,278.35,50,35800
20240227,11:13:43,279.0,100,35800
20240227,11:17:20,282.75,50,35700
20240227,11:17:23,283.35,50,35700
20240227,11:19:15,283.35,50,35700
20240227,11:19:43,283.35,50,35700
20240227,11:22:23,280.7,50,35700
20240227,11:25:00,269.75,150,35700
20240227,11:25:02,269.0,200,35700
20240227,11:25:05,269.0,100,35700
20240227,11:25:13,269.65,50,35700
20240227,11:25:28,266.5,1500,35900
20240227,11:25:33,265.5,350,35900
20240227,11:25:45,264.15,50,35900
20240227,11:25:53,262.0,200,35900
20240227,11:26:00,262.0,50,35900
20240227,11:26:06,263.8,50,35900
20240227,11:27:35,265.0,50,35900
20240227,11:27:47,267.25,50,35900
20240227,11:28:18,270.15,50,36600
20240227,11:28:35,269.65,100,36600
20240227,11:29:52,269.0,50,36600
20240227,11:31:47,268.55,150,36700
20240227,11:32:20,267.0,50,36700
20240227,11:32:47,267.05,100,36700
20240227,11:32:55,266.7,50,36700
20240227,11:33:39,267.5,50,36700
20240227,11:34:03,265.0,50,36700
20240227,11:34:25,264.4,50,37050
20240227,11:34:28,264.0,100,37050
20240227,11:34:51,264.85,50,37050
20240227,11:36:15,267.4,150,37050
20240227,11:38:01,265.0,150,37050
20240227,11:38:16,264.5,400,37150
20240227,11:40:01,267.0,50,37150
20240227,11:40:44,269.25,50,37300
20240227,11:40:46,272.2,350,37300
20240227,11:40:51,272.3,50,37300
20240227,11:40:53,270.0,50,37300
20240227,11:41:00,269.35,50,37300
20240227,11:41:01,269.35,100,37300
20240227,11:41:05,269.8,50,37300
20240227,11:41:06,270.6,50,37300
20240227,11:41:08,270.4,200,37300
20240227,11:41:10,270.9,50,37300
20240227,11:41:11,270.05,100,37300
20240227,11:41:15,270.1,200,37300
20240227,11:41:18,269.55,150,37300
20240227,11:41:21,268.45,250,37300
20240227,11:41:23,267.65,150,37300
20240227,11:41:26,266.5,50,37300
20240227,11:41:28,267.35,50,37300
20240227,11:41:30,266.65,100,37300
20240227,11:41:32,266.6,150,37300
20240227,11:41:33,266.45,100,37300
20240227,11:41:35,266.75,50,37300
20240227,11:41:43,266.4,150,37300
20240227,11:42:01,268.1,50,37300
20240227,11:42:16,269.3,50,37300
20240227,11:43:46,265.35,50,36750
20240227,11:43:53,266.05,50,36750
20240227,11:44:55,266.6,50,36750
20240227,11:45:03,266.55,50,36750
20240227,11:45:05,266.0,100,36750
20240227,11:45:21,267.25,50,36750
20240227,11:46:28,269.2,100,36950
20240227,11:47:25,269.05,50,36950
20240227,11:47:45,269.9,50,36950
20240227,11:49:10,264.65,50,36950
20240227,11:49:43,266.5,50,37100
20240227,11:49:57,265.4,50,37100
20240227,11:51:10,265.25,50,37100
20240227,11:51:15,266.3,50,37100
20240227,11:55:04,270.6,400,37250
20240227,11:56:38,275.0,200,37550
20240227,11:56:39,275.9,50,37550
20240227,11:56:53,272.1,50,37550
20240227,11:57:23,275.45,50,37550
20240227,11:57:59,275.95,50,37550
20240227,11:59:43,270.3,50,37600
20240227,12:00:37,270.4,450,37600
20240227,12:01:04,269.9,350,37600
20240227,12:01:09,270.4,100,37600
20240227,12:02:17,271.1,150,38350
20240227,12:02:29,273.2,50,38350
20240227,12:03:45,277.0,50,38350
20240227,12:04:01,276.5,150,38350
20240227,12:04:03,277.0,50,38350
20240227,12:04:13,278.0,50,38350
20240227,12:04:19,278.45,50,38350
20240227,12:04:43,282.7,350,38350
20240227,12:04:57,282.7,50,38350
20240227,12:05:07,283.2,350,38350
20240227,12:05:19,283.0,50,38350
20240227,12:05:22,285.2,700,38350
20240227,12:05:29,284.45,350,38350
20240227,12:08:01,282.3,50,38100
20240227,12:08:23,280.75,150,38100
20240227,12:10:53,287.1,100,38000
20240227,12:10:59,288.2,50,38000
20240227,12:11:03,289.1,50,38000
20240227,12:11:14,288.65,50,38000
20240227,12:11:19,289.1,50,38000
20240227,12:11:28,289.6,100,38000
20240227,12:12:06,289.2,50,38000
20240227,12:12:51,289.85,50,38000
20240227,12:13:14,285.0,150,38000
20240227,12:17:57,285.0,50,37850
20240227,12:18:30,286.85,50,37850
20240227,12:18:32,286.85,50,37850
20240227,12:18:40,286.3,50,37850
20240227,12:22:03,282.3,50,38000
20240227,12:22:21,279.0,50,38050
20240227,12:22:33,278.5,50,38050
20240227,12:22:38,280.0,50,38050
20240227,12:25:37,280.9,100,38100
20240227,12:27:39,278.05,450,38100
20240227,12:31:03,276.9,350,37900
20240227,12:31:26,275.75,500,38000
20240227,12:31:28,275.7,50,38000
20240227,12:31:30,276.1,50,38000
20240227,12:31:34,275.4,50,38000
20240227,12:31:36,275.2,250,38000
20240227,12:32:00,275.5,50,38000
20240227,12:32:08,274.6,50,38000
20240227,12:32:36,273.0,50,38000
20240227,12:32:58,272.85,150,38000
20240227,12:34:08,275.6,50,38000
20240227,12:34:15,277.5,50,38000
20240227,12:35:00,279.3,50,38600
20240227,12:35:02,280.4,200,38600
20240227,12:37:39,270.4,50,38750
20240227,12:37:44,270.0,100,38750
20240227,12:37:49,270.1,400,38750
20240227,12:37:57,270.15,50,38750
20240227,12:39:44,266.35,500,38750
20240227,12:40:02,264.95,50,38750
20240227,12:40:04,264.8,400,38750
20240227,12:40:17,264.95,200,38750
20240227,12:40:20,265.0,50,38750
20240227,12:40:22,265.0,50,39700
20240227,12:41:09,264.1,50,39700
20240227,12:41:32,265.9,50,39700
20240227,12:41:34,265.9,50,39700
20240227,12:41:44,267.25,50,39700
20240227,12:42:05,267.15,50,39700
20240227,12:43:20,265.2,50,39700
20240227,12:43:29,265.4,150,40000
20240227,12:43:39,265.35,150,40000
20240227,12:43:40,264.7,50,40000
20240227,12:43:47,264.35,250,40000
20240227,12:43:58,264.55,50,40000
20240227,12:44:03,264.0,350,40000
20240227,12:44:08,264.35,50,40000
20240227,12:44:11,263.8,50,40000
20240227,12:44:19,263.7,100,40000
20240227,12:44:28,262.15,50,40000
20240227,12:44:46,263.8,100,40000
20240227,12:45:43,262.45,50,40000
20240227,12:47:02,263.85,50,41300
20240227,12:47:15,262.4,200,41300
20240227,12:47:16,262.0,50,41300
20240227,12:47:34,259.9,200,41300
20240227,12:47:51,259.9,50,41300
20240227,12:48:19,259.9,100,41300
20240227,12:48:24,257.55,200,41300
20240227,12:48:41,255.95,750,41300
20240227,12:48:44,255.95,600,41300
20240227,12:48:46,257.1,50,41300
20240227,12:49:07,250.6,100,41300
