date,time,tick_price,volume,open_interest
20231228,09:20:22,457.05,100,100
20231228,09:29:11,454.05,50,100
20231228,09:30:08,450.4,50,100
20231228,09:30:28,447.6,50,100
20231228,09:32:15,447.6,50,100
20231228,09:33:26,448.35,50,200
20231228,09:36:06,461.6,50,250
20231228,09:38:33,461.95,50,250
20231228,09:41:10,462.6,50,350
20231228,09:42:34,462.6,250,400
20231228,09:42:56,444.0,400,400
20231228,09:47:50,438.45,50,400
20231228,09:47:53,438.45,50,1100
20231228,09:49:30,440.25,400,1100
20231228,09:51:02,438.5,400,1550
20231228,09:52:21,441.85,100,1550
20231228,09:54:04,444.4,50,1950
20231228,09:54:23,444.25,150,1950
20231228,09:55:46,459.15,50,1950
20231228,09:55:51,464.05,150,1950
20231228,09:55:54,464.45,400,1950
20231228,10:00:08,464.45,100,2750
20231228,10:03:25,484.1,800,2750
20231228,10:03:28,484.1,50,2850
20231228,10:03:31,480.6,450,2850
20231228,10:04:48,480.6,100,2850
20231228,10:05:05,490.3,100,2850
20231228,10:10:17,490.3,50,4150
20231228,10:10:50,471.7,50,4150
20231228,10:11:30,494.0,50,4150
20231228,10:15:32,497.3,50,4150
20231228,10:18:07,497.3,150,4200
20231228,10:18:16,480.6,50,4200
20231228,10:22:35,498.55,50,4300
20231228,10:23:38,498.55,100,4300
20231228,10:23:47,480.0,50,4300
20231228,10:27:19,487.05,50,4400
20231228,10:33:32,476.9,100,4350
20231228,10:35:47,479.05,100,4350
20231228,10:40:30,493.15,100,4350
20231228,10:42:10,488.0,50,4350
20231228,11:09:07,444.8,100,4350
20231228,11:09:37,450.35,50,4350
20231228,11:23:51,460.1,50,4500
20231228,11:37:14,440.0,50,4550
20231228,11:51:29,440.0,1000,4550
20231228,11:52:55,440.7,50,4550
20231228,11:53:10,440.8,1000,4550
20231228,11:54:23,442.85,50,4350
20231228,11:54:55,439.1,50,4350
20231228,12:02:28,436.6,50,4350
20231228,12:04:04,434.5,50,4350
20231228,12:28:07,407.8,250,4350
20231228,12:28:08,411.45,50,4350
20231228,12:30:51,412.0,50,4500
20231228,12:35:20,416.95,100,4550
20231228,12:47:54,410.4,50,4650
20231228,12:50:31,424.05,100,4700
20231228,12:50:34,424.3,50,4700
20231228,12:50:57,430.4,100,4700
20231228,12:50:59,432.85,50,4700
20231228,12:51:01,434.4,100,4700
20231228,12:51:50,425.35,150,4700
20231228,12:51:51,425.2,100,4850
20231228,12:51:53,423.35,150,4850
20231228,12:51:55,427.0,300,4850
20231228,12:51:56,425.5,50,4850
20231228,12:52:19,427.25,150,4850
20231228,12:52:31,429.5,100,4850
20231228,12:52:33,431.3,250,4850
20231228,12:52:34,427.35,200,4850
20231228,12:52:39,428.45,200,4850
20231228,12:58:26,422.15,100,5250
20231228,12:59:36,428.85,150,5250
20231228,13:19:42,426.25,50,5300
20231228,13:25:50,431.4,50,5350
20231228,13:33:25,440.0,50,5400
20231228,13:36:31,440.0,50,5400
20231228,13:36:36,439.8,50,5400
20231228,13:38:14,434.9,50,5400
20231228,13:38:28,432.3,50,5400
20231228,13:38:33,433.15,50,5400
20231228,13:39:21,430.2,50,5400
20231228,13:40:22,430.7,50,5700
20231228,13:40:26,429.7,350,5700
20231228,13:40:30,429.55,50,5700
20231228,13:41:40,426.8,200,5700
20231228,13:41:42,426.9,100,5700
20231228,13:41:43,425.55,100,5700
20231228,13:41:45,427.25,50,5700
20231228,13:41:47,427.2,50,5700
20231228,13:41:52,427.3,50,5700
20231228,13:42:00,427.1,50,5700
20231228,13:42:12,428.2,50,5700
20231228,13:42:44,429.05,50,6700
20231228,13:43:40,436.75,150,6700
20231228,13:44:00,437.2,50,6700
20231228,13:44:10,436.45,50,6700
20231228,13:44:12,435.7,50,6700
20231228,13:45:11,436.05,100,6700
20231228,13:45:12,436.3,50,6700
20231228,13:45:18,437.05,50,6700
20231228,13:45:23,437.7,50,6700
20231228,13:45:52,437.3,100,7000
20231228,13:46:09,439.45,100,7000
20231228,13:46:14,440.25,100,7000
20231228,13:46:36,436.95,50,7000
20231228,13:46:41,437.0,50,7000
20231228,13:46:46,437.3,100,7000
20231228,13:47:04,436.35,150,7000
20231228,13:47:09,436.55,50,7000
20231228,13:47:18,436.7,50,7000
20231228,13:48:13,438.1,50,7000
20231228,13:49:07,437.35,50,7800
20231228,13:49:12,437.55,50,7800
20231228,13:49:34,437.25,300,7800
20231228,13:50:10,433.2,50,7800
20231228,13:51:26,434.9,50,7800
20231228,13:53:02,433.95,100,8300
20231228,13:53:51,433.15,50,8300
20231228,13:54:14,432.95,50,8300
20231228,13:54:36,432.3,50,8500
20231228,13:58:30,437.45,100,8550
20231228,13:59:05,444.9,50,8550
20231228,13:59:42,436.95,150,8550
20231228,13:59:52,436.85,100,8550
20231228,14:00:31,433.0,50,8950
20231228,14:00:36,433.55,50,8950
20231228,14:01:52,432.7,100,8950
20231228,14:02:21,432.3,50,8950
20231228,14:02:40,429.25,50,8950
20231228,14:02:45,428.1,150,8950
20231228,14:03:05,424.9,50,8950
20231228,14:03:11,422.35,50,8950
20231228,14:03:18,420.25,250,8950
20231228,14:03:24,419.95,50,8950
20231228,14:03:29,419.9,50,8950
20231228,14:04:20,418.5,50,9850
20231228,14:04:27,417.55,50,9850
20231228,14:04:37,417.9,50,9850
20231228,14:04:46,417.7,50,9850
20231228,14:05:19,418.55,50,9850
20231228,14:05:48,421.95,50,9850
20231228,14:05:54,422.3,50,9850
20231228,14:06:06,424.85,50,9850
20231228,14:06:56,424.1,100,10250
20231228,14:06:58,423.4,50,10250
20231228,14:07:09,421.75,50,10250
20231228,14:07:11,421.7,50,10250
20231228,14:07:27,421.7,100,10250
20231228,14:07:29,421.55,50,10250
20231228,14:08:01,419.0,50,10250
20231228,14:08:19,417.75,100,10250
20231228,14:08:59,420.6,50,10250
20231228,14:09:23,422.65,50,10250
20231228,14:09:26,421.85,50,10250
20231228,14:09:41,422.1,50,10950
20231228,14:09:56,422.55,50,10950
20231228,14:10:07,422.95,100,10950
20231228,14:10:39,424.75,50,10950
20231228,14:10:40,424.6,50,10950
20231228,14:10:42,424.65,50,10950
20231228,14:10:47,426.05,50,10950
20231228,14:10:50,426.55,100,10950
20231228,14:10:52,427.95,50,10950
20231228,14:11:00,427.75,100,10950
20231228,14:11:21,428.4,100,10950
20231228,14:11:40,428.5,50,10950
20231228,14:11:44,428.7,100,10950
20231228,14:11:49,429.95,50,10950
20231228,14:12:32,430.9,50,11900
20231228,14:13:08,432.65,150,11900
20231228,14:13:21,432.5,50,11900
20231228,14:13:34,432.7,100,11900
20231228,14:14:00,433.45,50,11900
20231228,14:14:12,433.3,50,11900
20231228,14:14:23,434.6,50,11900
20231228,14:15:06,436.15,100,11900
20231228,14:15:16,434.65,100,11900
20231228,14:15:33,432.9,50,12600
20231228,14:15:34,433.2,50,12600
20231228,14:15:39,432.95,50,12600
20231228,14:15:53,434.0,50,12600
20231228,14:15:59,432.4,50,12600
20231228,14:16:01,432.4,50,12600
20231228,14:16:03,432.2,100,12600
20231228,14:16:04,432.5,50,12600
20231228,14:16:09,432.6,50,12600
20231228,14:16:17,432.05,50,12600
20231228,14:16:30,433.3,450,12600
20231228,14:16:35,433.6,50,12600
20231228,14:16:44,432.55,50,12600
20231228,14:16:48,431.95,50,12600
20231228,14:16:52,432.65,50,12600
20231228,14:16:56,433.2,50,12600
20231228,14:17:18,432.65,50,12600
20231228,14:17:26,433.75,50,12600
20231228,14:17:36,433.1,50,12600
20231228,14:17:57,431.85,50,12600
20231228,14:18:06,433.35,50,12600
20231228,14:18:12,436.25,100,12600
20231228,14:18:14,436.55,100,12600
20231228,14:18:15,436.75,50,12600
20231228,14:18:20,438.0,50,12600
20231228,14:18:49,437.55,50,14050
20231228,14:19:05,440.85,50,14050
20231228,14:19:12,444.0,50,14050
20231228,14:19:14,444.55,50,14050
20231228,14:19:16,443.35,50,14050
20231228,14:20:01,444.45,50,14050
20231228,14:20:37,443.35,100,14050
20231228,14:21:29,437.15,50,14450
20231228,14:22:41,432.15,50,14450
20231228,14:24:28,432.85,50,14450
20231228,14:25:03,434.15,50,14550
20231228,14:25:46,433.55,50,14550
20231228,14:25:56,433.55,100,14550
20231228,14:27:37,424.45,50,14550
20231228,14:29:30,428.0,50,14650
20231228,14:31:34,432.25,50,14650
20231228,14:31:36,432.25,50,14650
20231228,14:31:44,431.15,100,14650
20231228,14:31:49,427.35,100,14650
20231228,14:31:51,427.3,100,14650
20231228,14:32:11,427.4,50,14650
20231228,14:32:46,427.35,50,14650
20231228,14:33:09,427.7,50,14650
20231228,14:34:10,429.05,50,15150
20231228,14:37:00,426.95,50,15200
20231228,14:37:02,426.7,50,15200
20231228,14:37:49,429.05,50,15200
20231228,14:37:52,428.85,50,15200
20231228,14:38:10,429.95,100,15200
20231228,14:38:40,434.75,50,15200
20231228,14:38:45,435.25,50,15200
20231228,14:41:53,434.25,50,15600
20231228,14:43:17,434.25,50,15600
20231228,14:47:19,437.55,50,15650
20231228,14:48:55,451.0,50,15700
20231228,14:49:56,439.75,50,15700
20231228,14:50:36,443.7,50,15700
20231228,14:51:08,441.9,50,15700
20231228,14:51:21,441.15,50,15700
20231228,14:53:50,444.65,50,15850
20231228,14:54:42,442.3,150,15900
20231228,14:55:15,438.7,100,15900
20231228,14:55:17,438.05,50,15900
20231228,14:55:19,434.6,50,15900
20231228,14:55:20,434.05,100,15900
20231228,14:55:22,433.8,50,15900
20231228,14:55:27,432.15,50,15900
20231228,14:55:29,431.7,50,15900
20231228,14:55:47,431.35,50,15900
20231228,14:55:48,431.65,50,15900
20231228,14:56:12,429.6,50,15900
20231228,14:56:14,429.95,50,15900
20231228,14:56:15,430.25,100,15900
20231228,14:56:27,431.25,50,15900
20231228,14:57:21,425.2,100,15900
20231228,14:57:32,425.55,100,15900
20231228,14:57:43,420.0,100,17050
20231228,14:59:05,425.2,50,17050
20231228,15:00:40,415.8,50,17200
20231228,15:00:55,425.25,50,17200
20231228,15:01:15,417.55,50,17200
20231228,15:01:53,435.9,50,17200
20231228,15:02:03,436.05,50,17200
20231228,15:02:31,433.5,100,17200
20231228,15:04:16,422.3,50,17200
20231228,15:07:03,419.35,50,17550
20231228,15:07:52,418.15,50,17550
20231228,15:07:59,418.9,50,17550
20231228,15:09:56,420.8,150,17700
20231228,15:11:35,423.35,50,17700
20231228,15:14:22,427.2,50,17600
20231228,15:14:32,427.05,150,17600
20231228,15:14:34,424.7,50,17600
20231228,15:15:50,418.4,100,17800
20231228,15:16:41,416.8,50,17800
20231228,15:19:04,422.5,450,17900
20231228,15:19:31,420.9,50,17900
20231228,15:21:38,424.25,50,17900
20231228,15:22:16,425.65,50,18450
20231228,15:22:54,430.35,50,18450
20231228,15:24:04,447.2,200,18450
20231228,15:24:56,459.55,50,18450
20231228,15:24:58,457.25,300,18550
20231228,15:25:00,456.95,50,18550
20231228,15:25:03,453.05,150,18550
20231228,15:25:34,445.55,50,18550
20231228,15:26:58,454.8,100,18550
20231228,15:27:11,453.4,400,18550
20231228,15:27:19,451.45,450,18550
20231228,15:27:31,451.8,50,18550
20231228,15:27:32,452.0,100,18550
20231228,15:27:41,451.15,200,17900
20231228,15:27:57,451.3,50,17900
20231228,15:28:58,451.45,50,17900
20231228,15:29:00,452.3,200,17900
20231228,15:29:01,451.55,500,17900
20231228,15:29:10,450.5,100,17900
20231228,15:29:11,450.35,100,17900
20231228,15:29:26,450.8,1650,17900
20231228,15:29:28,449.3,850,17900
20231228,15:29:30,450.9,1750,17900
20231228,15:29:31,450.3,1000,17900
20231228,15:29:33,450.3,1000,17900
20231228,15:29:35,452.75,950,17900
20231228,15:29:36,449.45,600,17900
20231228,15:29:38,450.65,650,17900
20231228,15:29:40,447.25,800,17900
20231228,15:29:41,453.0,600,17900
20231228,15:29:43,454.1,450,17900
20231228,15:29:45,455.2,150,17900
20231228,15:29:46,451.2,400,17900
20231228,15:29:48,451.45,450,17900
20231228,15:29:50,454.95,100,17900
20231228,15:29:51,452.25,300,17900
20231228,15:29:53,456.9,50,17900
20231229,09:15:02,458.95,1,19650
20231229,09:15:02,462.6,1600,19650
20231229,09:15:03,470.7,350,19650
20231229,09:15:11,482.8,50,19650
20231229,09:15:13,484.25,50,19650
20231229,09:16:09,503.1,50,19650
20231229,09:16:37,510.2,50,19650
20231229,09:16:44,512.15,350,19650
20231229,09:16:46,510.95,100,19650
20231229,09:16:50,510.0,50,19650
20231229,09:16:59,509.95,50,19650
20231229,09:17:20,512.85,100,19650
20231229,09:17:52,512.15,50,21400
20231229,09:17:54,512.05,50,21400
20231229,09:17:55,514.1,50,21400
20231229,09:18:31,517.65,50,21400
20231229,09:18:32,517.65,100,21400
20231229,09:18:34,514.8,150,21400
20231229,09:18:34,514.15,50,21400
20231229,09:18:35,514.75,50,21400
20231229,09:18:36,513.75,50,21400
20231229,09:18:50,513.0,500,21400
20231229,09:18:53,512.6,50,21400
20231229,09:19:13,514.1,50,21400
20231229,09:19:16,510.8,50,21400
20231229,09:20:05,508.2,150,21400
20231229,09:20:39,503.0,100,21700
20231229,09:20:57,498.7,50,21700
20231229,09:21:39,502.35,200,21700
20231229,09:21:52,508.95,100,21700
20231229,09:22:51,498.15,50,21700
20231229,09:26:01,489.05,50,21800
20231229,09:26:02,488.9,300,21800
20231229,09:26:09,486.55,150,21450
20231229,09:26:23,489.85,50,21450
20231229,09:26:48,485.65,50,21450
20231229,09:27:56,480.2,350,21450
20231229,09:28:03,481.7,250,21450
20231229,09:28:29,482.7,50,21450
20231229,09:28:31,484.1,100,21450
20231229,09:28:32,485.65,450,21450
20231229,09:28:34,485.4,300,21450
20231229,09:29:02,481.9,50,21450
20231229,09:29:32,480.05,350,19900
20231229,09:29:49,474.9,50,19900
20231229,09:29:52,475.9,50,19900
20231229,09:29:59,476.6,50,19900
20231229,09:30:16,481.25,150,19900
20231229,09:30:23,481.95,150,19900
20231229,09:30:37,481.3,50,19900
20231229,09:30:52,475.0,50,19900
20231229,09:30:55,475.1,100,19900
20231229,09:32:40,474.05,150,19600
20231229,09:32:43,476.2,200,19600
20231229,09:32:47,472.4,50,19600
20231229,09:32:49,473.2,200,19600
20231229,09:32:50,473.2,50,19600
20231229,09:33:44,469.5,50,19600
20231229,09:33:48,466.35,50,19600
20231229,09:34:37,458.8,150,19600
20231229,09:35:04,461.55,50,19600
20231229,09:36:03,465.45,1000,19600
20231229,09:36:04,465.4,300,19600
20231229,09:36:06,469.1,1200,19600
20231229,09:36:15,468.95,100,19600
20231229,09:39:44,480.75,50,19500
20231229,09:40:16,485.0,50,19500
20231229,09:40:24,482.5,50,19500
20231229,09:40:59,482.9,300,19500
20231229,09:41:03,482.25,50,19500
20231229,09:41:36,488.9,50,19850
20231229,09:42:22,489.75,150,19850
20231229,09:42:36,487.9,50,19850
20231229,09:42:44,488.45,150,19850
20231229,09:42:46,488.45,550,19850
20231229,09:46:10,498.1,350,19650
20231229,09:46:12,496.2,50,19650
20231229,09:46:33,492.85,50,19650
20231229,09:46:57,495.8,150,19650
20231229,09:47:01,495.4,50,19650
20231229,09:51:15,495.4,50,19600
20231229,09:52:33,490.85,100,19600
20231229,09:52:43,494.1,100,19600
20231229,09:54:31,492.0,50,19500
20231229,09:55:58,500.05,650,19500
20231229,09:58:04,500.95,50,20150
20231229,09:58:54,508.45,100,20150
20231229,09:59:00,512.75,100,20150
20231229,09:59:02,511.9,300,20150
20231229,09:59:03,511.4,100,20150
20231229,09:59:09,512.0,50,20150
20231229,09:59:44,511.85,100,20700
20231229,09:59:48,512.6,50,20700
20231229,09:59:49,513.75,50,20700
20231229,10:02:02,503.0,50,20700
20231229,10:03:33,497.3,50,20600
20231229,10:03:34,497.2,50,20600
20231229,10:04:00,494.05,200,20600
20231229,10:04:03,494.8,100,20600
20231229,10:04:05,494.2,150,20600
20231229,10:04:08,494.95,50,20600
20231229,10:04:09,496.8,50,20600
20231229,10:04:09,497.4,50,20600
20231229,10:04:50,499.35,50,20600
20231229,10:05:02,500.0,150,20600
20231229,10:07:44,516.9,500,19900
20231229,10:07:45,519.5,50,19900
20231229,10:07:51,522.9,50,19900
20231229,10:07:56,528.8,800,19900
20231229,10:07:57,528.95,150,19900
20231229,10:07:58,529.25,100,19900
20231229,10:07:59,529.8,100,19900
20231229,10:08:26,534.15,50,20600
20231229,10:08:29,534.15,50,20600
20231229,10:08:31,533.95,100,20600
20231229,10:08:32,536.3,300,20600
20231229,10:08:33,536.1,100,20600
20231229,10:08:37,536.7,250,20600
20231229,10:09:02,538.05,100,20600
20231229,10:09:21,534.8,50,20600
20231229,10:09:28,534.2,200,20600
20231229,10:09:30,535.35,50,20600
20231229,10:09:31,536.75,100,20600
20231229,10:10:01,539.8,50,20600
20231229,10:10:02,540.4,100,20600
20231229,10:10:06,542.85,150,20600
20231229,10:10:17,548.2,50,20600
20231229,10:12:10,548.2,350,19450
20231229,10:13:10,545.3,50,19450
20231229,10:13:16,550.0,50,19450
20231229,10:14:48,563.5,50,19050
20231229,10:15:17,564.1,50,19050
20231229,10:15:18,564.1,50,19050
20231229,10:15:23,562.2,600,19050
20231229,10:17:36,549.0,50,18950
20231229,10:17:40,549.75,50,18950
20231229,10:17:50,551.4,50,18950
20231229,10:19:06,542.15,50,18950
20231229,10:19:15,538.1,50,18950
20231229,10:19:43,538.1,50,18950
20231229,10:20:07,536.35,50,18950
20231229,10:21:15,543.9,50,18900
20231229,10:21:38,531.9,50,18900
20231229,10:21:40,530.0,100,18900
20231229,10:22:06,526.0,100,18900
20231229,10:22:07,525.4,100,18900
20231229,10:23:41,526.05,150,18900
20231229,10:24:04,520.0,50,18700
20231229,10:24:30,521.8,50,18700
20231229,10:24:34,521.2,200,18700
20231229,10:24:35,519.55,50,18700
20231229,10:25:01,514.7,50,18700
20231229,10:25:18,518.35,50,18700
20231229,10:27:23,514.1,200,18550
20231229,10:27:33,510.0,50,18550
20231229,10:27:39,510.0,50,18550
20231229,10:29:21,512.15,50,18550
20231229,10:29:31,516.8,150,18650
20231229,10:32:20,500.25,50,18800
20231229,10:32:45,499.15,50,18800
20231229,10:32:46,499.85,50,18800
20231229,10:33:36,495.0,100,18800
20231229,10:33:42,493.0,50,18800
20231229,10:36:22,499.95,50,18600
20231229,10:36:54,490.0,100,18600
20231229,10:37:34,488.9,50,18600
20231229,10:38:46,496.4,50,18700
20231229,10:41:11,495.5,50,18700
20231229,10:46:35,483.15,50,18200
20231229,10:46:36,483.45,100,18200
20231229,10:46:49,478.9,100,18200
20231229,10:49:04,490.9,50,18150
20231229,10:49:06,492.25,50,18150
20231229,10:49:16,502.0,100,18150
20231229,10:50:17,487.55,50,18150
20231229,10:50:42,494.25,50,18000
20231229,10:51:16,494.9,50,18000
20231229,10:55:00,508.9,400,18000
20231229,10:55:01,508.5,50,18000
20231229,10:55:03,511.7,200,18000
20231229,10:55:05,510.9,50,18000
20231229,10:55:07,508.9,50,18000
20231229,10:56:02,505.5,50,18000
20231229,10:56:33,500.7,50,18500
20231229,11:01:09,500.9,100,18500
20231229,11:03:01,506.95,50,18500
20231229,11:04:15,512.5,650,18500
20231229,11:11:50,506.0,50,17750
20231229,11:15:03,502.6,200,17800
20231229,11:15:19,499.0,50,17800
20231229,11:16:00,497.55,300,17800
20231229,11:16:01,497.25,100,17800
20231229,11:16:02,496.05,150,17800
20231229,11:16:03,496.5,50,17800
20231229,11:16:52,494.9,100,17800
20231229,11:16:56,492.5,50,17800
20231229,11:16:59,493.6,300,17800
20231229,11:17:00,493.35,100,17800
20231229,11:17:03,494.25,300,17800
20231229,11:17:35,492.25,450,17300
20231229,11:17:38,490.0,50,17300
20231229,11:19:36,493.0,150,17300
20231229,11:20:18,485.25,50,17300
20231229,11:22:18,491.45,50,17200
20231229,11:24:37,483.5,50,17250
20231229,11:28:22,482.5,100,17250
20231229,11:30:56,480.95,50,17350
20231229,11:31:32,477.0,100,17350
20231229,11:34:29,477.2,50,17350
20231229,11:34:36,475.0,100,17450
20231229,11:34:42,472.9,50,17450
20231229,11:35:17,468.65,50,17450
20231229,11:35:19,468.4,50,17450
20231229,11:35:20,468.9,100,17450
20231229,11:35:54,464.9,250,17450
20231229,11:36:10,464.7,50,17450
20231229,11:36:28,464.7,50,17450
20231229,11:41:00,482.4,200,17600
20231229,11:41:01,482.6,150,17600
20231229,11:44:49,488.0,100,17450
20231229,11:44:55,488.0,450,17450
20231229,11:45:46,487.0,100,17450
20231229,11:48:09,489.35,50,17450
20231229,11:55:58,483.05,50,16850
20231229,11:56:31,480.0,50,16850
20231229,11:57:00,480.05,50,16850
20231229,11:57:00,479.75,250,16850
20231229,11:57:02,478.9,50,16850
20231229,11:58:58,476.0,50,16850
20231229,11:59:54,476.9,150,16900
20231229,12:00:22,475.95,150,16900
20231229,12:01:00,479.0,50,16900
20231229,12:01:01,479.05,300,16900
20231229,12:01:29,483.0,50,16900
20231229,12:04:22,472.0,50,17200
20231229,12:06:26,481.0,50,17150
20231229,12:09:29,472.0,50,17100
20231229,12:12:23,465.0,50,17150
20231229,12:14:42,470.65,50,17200
20231229,12:14:43,470.65,50,17200
20231229,12:14:47,472.55,50,17200
20231229,12:14:57,473.35,100,17200
20231229,12:14:59,473.4,100,17200
20231229,12:15:23,470.3,300,17200
20231229,12:15:41,470.45,200,17200
20231229,12:16:45,462.6,250,17200
20231229,12:19:16,460.0,50,17750
20231229,12:20:03,457.5,50,17750
20231229,12:20:53,457.5,50,17700
20231229,12:21:27,453.6,100,17700
20231229,12:21:46,450.0,150,17700
20231229,12:22:27,450.0,50,17700
20231229,12:22:53,451.0,50,17700
20231229,12:28:10,464.5,350,17500
20231229,12:30:00,471.3,300,17100
20231229,12:30:18,475.2,550,17100
20231229,12:31:00,489.55,100,17100
20231229,12:31:02,488.5,50,17100
20231229,12:31:08,486.4,100,17100
20231229,12:32:58,480.5,100,17100
20231229,12:35:12,478.0,50,17300
20231229,12:39:44,493.0,50,17250
20231229,12:40:55,491.05,100,17250
20231229,12:41:02,488.3,150,17250
20231229,12:41:20,489.3,800,17250
20231229,12:41:34,492.6,100,17250
20231229,12:43:28,497.85,100,16750
20231229,12:43:36,498.5,800,16750
20231229,12:43:53,499.25,50,16750
20231229,12:45:31,499.25,800,17600
20231229,12:49:52,488.65,100,16900
20231229,12:49:53,488.75,50,16900
20231229,12:49:56,489.05,100,16900
20231229,12:58:42,493.35,50,16600
20231229,12:59:03,497.6,150,16600
20231229,12:59:04,497.0,250,16600
20231229,12:59:56,502.0,450,16650
20231229,12:59:57,502.2,50,16650
20231229,13:04:06,486.1,50,16950
20231229,13:04:07,484.1,50,16950
20231229,13:05:01,484.1,50,16950
20231229,13:05:05,483.4,200,16950
20231229,13:06:00,484.5,150,16800
20231229,13:06:03,483.1,200,16800
20231229,13:06:18,480.0,50,16800
20231229,13:13:48,477.55,50,16550
20231229,13:14:52,476.3,50,16350
20231229,13:23:32,484.35,1000,16300
20231229,13:24:54,480.85,1000,16750
20231229,13:25:57,484.35,50,16750
20231229,13:27:58,488.75,50,15850
20231229,13:27:59,488.5,100,15850
20231229,13:29:18,492.9,50,15850
20231229,13:29:59,504.35,100,15900
20231229,13:30:07,504.2,50,15900
20231229,13:33:43,487.4,200,15950
20231229,13:34:00,488.35,200,15950
20231229,13:34:46,494.55,50,15950
20231229,13:39:01,499.65,300,15750
20231229,13:40:40,501.35,50,15750
20231229,13:41:03,497.45,50,15750
20231229,13:44:42,486.0,100,15750
20231229,13:44:42,486.4,100,16000
20231229,13:55:03,483.3,150,16100
20231229,13:55:03,483.3,200,16100
20231229,13:55:04,483.1,50,16100
20231229,13:55:18,485.8,50,16100
20231229,13:55:35,486.95,50,16100
20231229,13:56:03,483.8,300,16100
20231229,13:56:04,483.75,100,16100
20231229,14:04:07,475.15,50,16150
20231229,14:04:09,472.65,50,16150
20231229,14:04:27,476.1,50,16150
20231229,14:05:31,474.45,50,16150
20231229,14:06:06,476.65,50,16050
20231229,14:09:00,492.45,100,16100
20231229,14:09:39,487.35,50,16100
20231229,14:10:00,493.8,100,16100
20231229,14:11:04,495.4,150,16100
20231229,14:11:05,495.4,50,16100
20231229,14:11:54,489.25,50,16300
20231229,14:11:57,488.85,50,16300
20231229,14:12:03,487.85,50,16300
20231229,14:13:36,506.5,100,16300
20231229,14:13:42,504.3,200,16300
20231229,14:14:28,511.6,50,16300
20231229,14:14:47,516.5,50,16300
20231229,14:15:03,518.2,100,16000
20231229,14:15:51,516.6,550,16000
20231229,14:15:51,516.75,150,16000
20231229,14:15:53,516.0,50,16000
20231229,14:17:47,515.45,100,16000
20231229,14:20:10,519.7,50,16000
20231229,14:23:58,530.0,50,16150
20231229,14:24:45,534.35,150,16000
20231229,14:24:55,536.85,50,16000
20231229,14:31:00,514.9,50,16000
20231229,14:31:01,514.15,150,15950
20231229,14:34:44,502.45,50,15800
20231229,14:38:04,488.9,100,15750
20231229,14:38:05,489.2,50,15750
20231229,14:41:50,490.55,100,15650
20231229,14:47:04,494.55,250,15600
20231229,14:47:04,494.5,100,15600
20231229,14:48:24,489.75,100,15900
20231229,14:50:04,483.65,300,15900
20231229,14:50:05,483.15,50,15900
20231229,14:50:07,483.5,50,15900
20231229,14:50:08,484.5,150,15900
20231229,14:52:12,474.1,50,15450
20231229,14:52:36,469.9,50,15450
20231229,14:52:54,468.8,50,15450
20231229,14:53:33,480.0,100,15450
20231229,14:59:55,465.25,50,15350
20231229,15:00:06,457.2,100,15350
20231229,15:00:18,453.55,50,15350
20231229,15:02:02,444.45,50,15350
20231229,15:03:37,444.45,150,15500
20231229,15:04:03,459.05,50,15500
20231229,15:04:34,457.35,150,15500
20231229,15:05:44,456.1,50,15500
20231229,15:06:25,469.8,250,15300
20231229,15:06:59,463.0,100,15300
20231229,15:07:05,460.0,50,15300
20231229,15:08:33,466.1,50,15300
20231229,15:08:34,467.0,50,15300
20231229,15:12:55,483.85,50,15200
20231229,15:13:01,489.25,150,15200
20231229,15:15:00,479.0,100,15200
20231229,15:15:12,477.7,150,15200
20231229,15:22:53,483.95,1000,15200
20231229,15:23:30,488.05,1000,15100
20231229,15:26:10,495.65,50,14900
20231229,15:26:33,493.15,50,14900
20231229,15:26:41,493.25,50,14900
20231229,15:27:12,492.5,550,14900
20231229,15:27:19,491.4,50,14900
20231229,15:27:20,491.4,50,14900
20231229,15:27:42,486.75,100,14900
20231229,15:28:54,483.05,150,14900
20231229,15:29:30,492.2,50,14900
20240101,09:15:03,516.25,1,14900
20240101,09:15:03,516.3,150,14900
20240101,09:15:11,530.6,200,14900
20240101,09:15:13,530.6,50,14900
20240101,09:15:14,513.85,50,14900
20240101,09:15:50,513.85,50,14900
20240101,09:19:09,527.75,50,15200
20240101,09:20:19,539.15,50,15150
20240101,09:20:36,539.15,100,15150
20240101,09:21:16,537.55,50,15150
20240101,09:22:18,528.1,50,15150
20240101,09:23:20,528.7,50,15250
20240101,09:26:36,526.9,50,15250
20240101,09:29:38,531.2,50,15300
20240101,09:30:21,537.8,50,15300
20240101,09:34:10,525.7,50,15250
20240101,09:36:49,525.15,50,15250
20240101,09:42:53,533.55,50,15300
20240101,09:44:26,525.1,50,15300
20240101,09:46:32,524.65,100,15300
20240101,09:47:01,508.9,100,15300
20240101,09:49:06,505.9,50,15400
20240101,09:49:28,502.75,50,15400
20240101,09:53:06,500.65,50,15400
20240101,09:53:27,498.85,50,15450
20240101,09:56:14,488.0,50,15450
20240101,10:01:52,485.0,400,15450
20240101,10:07:43,485.0,50,15550
20240101,10:07:44,502.45,50,15550
20240101,10:10:48,506.5,400,15550
20240101,10:11:00,507.5,300,15550
20240101,10:11:50,516.0,50,15300
20240101,10:15:46,505.8,50,15300
20240101,10:15:49,506.5,50,15250
20240101,10:30:59,512.45,100,14850
20240101,10:31:00,512.25,200,14850
20240101,10:37:40,502.5,50,14700
20240101,10:37:42,503.2,50,14700
20240101,10:37:43,504.0,50,14700
20240101,10:40:00,501.4,50,14550
20240101,10:40:42,500.3,50,14550
20240101,10:47:04,490.75,50,14600
20240101,10:49:40,482.0,50,14600
20240101,11:03:59,482.0,300,14550
20240101,11:20:00,484.0,300,14700
20240101,11:25:45,485.0,100,14700
20240101,11:25:50,485.0,300,14600
20240101,11:29:35,481.3,50,14900
20240101,11:35:00,481.3,300,14900
20240101,11:39:00,496.3,50,14750
20240101,11:39:44,490.5,50,14750
20240101,12:05:03,497.65,200,14750
20240101,12:07:37,491.9,50,14750
20240101,12:07:38,491.9,100,14950
20240101,12:09:01,485.4,350,15050
20240101,12:11:46,476.9,150,15050
20240101,12:12:58,476.9,250,15050
20240101,12:14:43,465.6,200,14900
20240101,12:20:00,465.6,300,14700
20240101,12:20:02,485.45,150,14700
20240101,12:31:24,506.4,50,14750
20240101,12:40:00,488.3,200,14750
20240101,12:40:01,488.3,100,14750
20240101,12:46:10,485.4,50,14600
20240101,12:52:33,481.1,50,14600
20240101,13:02:10,473.95,1000,14600
20240101,13:11:10,478.25,350,14900
20240101,13:11:12,476.75,50,14900
20240101,13:20:00,474.7,200,14900
20240101,13:20:00,474.5,100,14550
20240101,13:22:57,469.2,50,14500
20240101,13:30:49,465.0,100,14500
20240101,13:39:01,465.0,50,14500
20240101,13:45:00,480.1,100,14350
20240101,13:46:23,471.7,100,14350
20240101,13:46:29,472.65,100,14350
20240101,13:47:19,469.8,50,14350
20240101,13:48:00,467.95,100,14250
20240101,13:51:48,468.5,50,14150
20240101,13:54:06,466.2,50,14150
20240101,13:55:49,463.4,50,14150
20240101,14:00:03,444.2,50,14200
20240101,14:02:02,426.75,50,14200
20240101,14:02:03,425.6,50,14200
20240101,14:02:14,422.4,300,14200
20240101,14:02:46,416.25,150,14200
20240101,14:03:37,416.25,50,14200
20240101,14:04:23,410.3,50,14200
20240101,14:04:39,410.3,100,14200
20240101,14:08:28,410.5,50,14300
20240101,14:08:35,410.3,50,14300
20240101,14:08:46,407.0,400,14300
20240101,14:10:41,407.0,1800,14700
20240101,14:10:45,410.45,1800,14700
20240101,14:10:49,410.05,1800,14700
20240101,14:11:15,407.0,1800,14700
20240101,14:11:19,404.6,1800,14700
20240101,14:11:32,400.85,1850,14700
20240101,14:13:08,393.85,300,14700
20240101,14:13:11,394.7,50,25000
20240101,14:13:50,390.8,50,25000
20240101,14:13:55,390.0,50,25000
20240101,14:14:09,390.0,50,25000
20240101,14:14:44,389.0,50,25000
20240101,14:15:21,389.0,50,25100
20240101,14:15:51,398.7,50,25100
20240101,14:17:36,394.15,50,25100
20240101,14:18:31,394.05,50,25150
20240101,14:21:03,393.4,50,25100
20240101,14:21:23,394.45,50,25100
20240101,14:21:42,403.1,50,25100
20240101,14:21:45,400.7,50,25100
20240101,14:22:10,400.7,800,25100
20240101,14:27:08,404.8,50,24150
20240101,14:27:59,405.3,50,24150
20240101,14:31:01,393.45,100,24050
20240101,14:32:22,400.2,50,24050
20240101,14:34:40,402.0,50,23950
20240101,14:35:15,396.9,50,23950
20240101,14:35:24,394.8,50,23950
20240101,14:37:05,395.8,50,23900
20240101,14:38:10,398.9,50,23900
20240101,14:38:37,399.2,50,23900
20240101,14:40:46,395.0,250,23950
20240101,14:40:47,395.0,50,23950
20240101,14:40:48,395.0,50,23950
20240101,14:40:49,395.0,150,23950
20240101,14:41:51,388.5,300,23950
20240101,14:42:00,383.65,50,23950
20240101,14:42:10,381.7,100,24550
20240101,14:42:24,372.7,50,24550
20240101,14:42:27,372.65,50,24550
20240101,14:42:52,365.8,50,24550
20240101,14:43:14,365.8,150,24550
20240101,14:43:24,369.6,50,24550
20240101,14:43:26,370.05,50,24550
20240101,14:43:32,366.75,500,24550
20240101,14:43:35,365.0,50,24550
20240101,14:44:01,359.4,50,24550
20240101,14:44:21,359.4,50,24550
20240101,14:44:36,356.65,50,24550
20240101,14:44:42,355.6,100,24550
20240101,14:44:49,351.55,50,24550
20240101,14:44:51,351.55,50,24550
20240101,14:45:00,354.45,50,24550
20240101,14:45:08,357.35,50,25250
20240101,14:45:12,357.7,50,25250
20240101,14:45:13,358.45,50,25250
20240101,14:45:17,358.7,100,25250
20240101,14:45:18,359.4,50,25250
20240101,14:45:19,359.85,150,25250
20240101,14:45:24,352.95,50,25250
20240101,14:45:27,352.1,150,25250
20240101,14:45:28,352.8,100,25250
20240101,14:45:31,351.6,50,25250
20240101,14:45:40,355.25,100,25250
20240101,14:45:41,355.95,50,25250
20240101,14:45:42,355.5,50,25250
20240101,14:45:45,356.85,50,25250
20240101,14:45:49,357.9,100,25250
20240101,14:46:04,356.7,50,25250
20240101,14:46:30,353.55,50,25250
20240101,14:47:17,353.9,50,25250
20240101,14:47:26,356.85,50,25250
20240101,14:47:56,357.9,50,25250
20240101,14:48:13,359.0,500,25700
20240101,14:48:16,356.0,1300,25700
20240101,14:48:18,356.0,4150,25700
20240101,14:48:31,356.0,100,25700
20240101,14:48:35,356.95,50,25700
20240101,14:49:04,356.0,50,25700
20240101,14:49:12,350.0,200,25700
20240101,14:49:15,349.05,50,25700
20240101,14:49:17,347.75,50,25700
20240101,14:50:03,338.85,600,25700
20240101,14:50:11,338.85,100,25700
20240101,14:50:34,334.5,50,25700
20240101,14:50:40,334.5,50,25700
20240101,14:50:46,337.35,200,25700
20240101,14:50:50,335.9,500,25700
20240101,14:51:05,336.0,1300,25700
20240101,14:51:06,337.95,50,31950
20240101,14:52:03,337.4,50,31950
20240101,14:52:17,343.05,250,31950
20240101,14:53:02,343.8,50,31950
20240101,14:53:23,345.0,50,31950
20240101,14:53:53,342.45,50,31950
20240101,14:55:30,345.0,50,32400
20240101,14:58:06,347.3,200,32350
20240101,14:58:27,342.0,3600,32350
20240101,15:00:18,342.15,350,33200
20240101,15:00:23,340.0,50,33200
20240101,15:00:43,338.0,50,33200
20240101,15:01:20,356.15,300,33200
20240101,15:01:31,375.8,50,33200
20240101,15:01:34,376.25,700,33200
20240101,15:01:35,375.3,50,33200
20240101,15:01:52,364.7,100,33200
20240101,15:01:53,363.75,50,33200
20240101,15:02:09,365.0,200,33200
20240101,15:02:29,369.75,50,33200
20240101,15:02:44,360.7,50,33200
20240101,15:07:27,372.6,50,30050
20240101,15:07:30,373.2,150,30050
20240101,15:08:09,399.0,450,30050
20240101,15:08:55,414.25,100,30050
20240101,15:09:03,422.25,100,30050
20240101,15:09:10,424.9,50,29750
20240101,15:10:11,437.15,50,29750
20240101,15:10:48,451.8,150,29750
20240101,15:10:50,449.8,50,29750
20240101,15:11:25,457.45,50,29750
20240101,15:11:36,454.0,150,29750
20240101,15:11:55,457.2,200,29750
20240101,15:11:57,456.6,200,29750
20240101,15:11:59,457.1,100,29750
20240101,15:12:02,452.6,100,29750
20240101,15:12:29,452.6,50,29900
20240101,15:12:40,461.95,50,29900
20240101,15:13:03,457.25,200,29900
20240101,15:13:59,474.3,50,29900
20240101,15:14:59,470.4,50,29900
20240101,15:15:07,465.5,50,29900
20240101,15:15:10,466.45,50,29750
20240101,15:17:24,461.1,300,29750
20240101,15:18:28,466.0,50,29750
20240101,15:18:30,465.4,50,29750
20240101,15:19:00,465.5,100,29750
20240101,15:20:02,464.65,50,29750
20240101,15:20:06,466.3,200,29750
20240101,15:20:26,479.95,50,29750
20240101,15:23:20,513.8,50,29500
20240101,15:23:26,518.2,200,29500
20240101,15:23:57,518.7,50,29500
20240101,15:25:04,518.4,50,29400
20240101,15:26:06,521.05,100,29400
20240101,15:26:14,520.6,500,29400
20240101,15:27:04,522.2,150,29400
20240101,15:27:05,522.65,600,29400
20240101,15:27:06,522.6,850,29400
20240101,15:27:18,522.75,200,28350
20240101,15:27:42,531.1,600,28350
20240101,15:27:59,529.7,100,28350
20240101,15:29:05,529.45,50,28350
20240102,09:15:59,524.15,1,27100
20240102,09:15:59,524.15,50,27100
20240102,09:17:12,510.0,1800,27100
20240102,09:17:16,510.0,1800,27100
20240102,09:17:25,514.45,1800,23950
20240102,09:17:49,517.2,1800,23950
20240102,09:18:00,518.95,150,23950
20240102,09:18:15,516.75,100,23950
20240102,09:18:46,512.55,100,23950
20240102,09:19:01,511.85,100,23950
20240102,09:19:16,502.3,100,23950
20240102,09:19:17,500.45,50,23950
20240102,09:19:18,500.45,50,23950
20240102,09:19:36,501.3,100,23950
20240102,09:19:42,500.05,50,23950
20240102,09:19:53,500.05,3750,23950
20240102,09:19:59,506.2,50,23950
20240102,09:20:30,505.1,100,17400
20240102,09:21:34,506.0,200,17400
20240102,09:21:35,506.6,50,17400
20240102,09:22:16,518.0,50,17400
20240102,09:22:44,520.0,3600,17400
20240102,09:22:48,520.0,1800,17400
20240102,09:22:52,520.0,1800,17400
20240102,09:23:12,522.0,1800,17400
20240102,09:23:20,522.0,50,17400
20240102,09:26:50,507.35,50,8350
20240102,09:27:59,508.8,450,8350
20240102,09:28:59,503.05,100,8350
20240102,09:29:00,502.55,50,8350
20240102,09:29:04,504.85,50,8350
20240102,09:29:07,505.8,50,8350
20240102,09:29:22,504.25,50,8350
20240102,09:35:21,509.35,200,8600
20240102,09:38:15,511.0,50,8700
20240102,09:39:19,507.05,200,8650
20240102,09:42:03,493.55,100,8550
20240102,09:44:45,486.6,50,8550
20240102,09:45:05,483.55,50,8550
20240102,09:53:00,483.55,300,8550
20240102,09:53:05,505.0,50,8550
20240102,09:53:08,505.0,50,8550
20240102,09:53:09,504.2,50,8550
20240102,09:54:05,500.05,50,8650
20240102,09:55:02,519.75,150,8650
20240102,09:55:51,523.9,200,8650
20240102,09:56:10,531.2,200,8650
20240102,09:56:11,537.3,150,8650
20240102,09:56:12,536.2,50,8650
20240102,09:56:13,539.55,50,8650
20240102,09:58:09,564.95,50,8550
20240102,09:58:24,567.35,100,8550
20240102,09:59:53,578.6,100,8500
20240102,10:01:21,591.8,300,8500
20240102,10:02:24,580.85,200,8500
20240102,10:06:12,571.6,50,8400
20240102,10:06:32,570.0,50,8400
20240102,10:07:07,555.0,50,8400
20240102,10:08:00,558.15,250,8400
20240102,10:08:38,564.0,50,8400
20240102,10:12:17,577.45,50,8300
20240102,10:14:18,567.9,50,8300
20240102,10:16:04,560.0,50,8300
20240102,10:17:16,572.0,50,8300
20240102,10:22:53,580.9,1000,8350
20240102,10:26:30,612.7,50,7700
20240102,10:26:45,613.5,100,7700
20240102,10:27:12,613.5,200,7700
20240102,10:27:38,603.45,100,7700
20240102,10:34:51,618.85,100,7850
20240102,10:36:38,638.2,50,7950
20240102,10:37:26,638.2,150,7950
20240102,10:37:35,637.5,50,7950
20240102,10:38:09,643.9,50,7950
20240102,10:38:57,654.2,200,7950
20240102,10:39:59,657.1,50,7950
20240102,10:51:06,657.1,50,7750
20240102,10:56:41,625.0,100,7750
20240102,11:00:00,608.15,50,7750
20240102,12:14:09,624.75,100,7700
20240102,12:22:13,609.1,50,7700
20240102,12:58:26,613.15,100,7650
20240102,13:04:23,629.1,50,7650
20240102,13:19:15,618.25,250,7650
20240102,13:28:32,623.7,50,7550
20240102,13:50:35,594.1,50,7550
20240102,14:09:06,579.35,500,7500
20240102,14:10:00,573.55,100,7500
20240102,14:24:34,567.4,600,7400
20240102,14:33:01,557.0,100,7800
20240102,14:35:12,561.5,100,7900
20240102,14:37:05,551.45,100,7800
20240102,14:38:19,533.15,50,7800
20240102,14:54:11,564.0,100,7800
20240102,14:55:16,572.55,600,7800
20240102,15:00:41,566.85,100,7600
20240102,15:00:42,566.3,200,7600
20240102,15:05:52,552.25,100,7500
20240102,15:07:31,586.65,100,7500
20240102,15:25:02,599.5,100,7500
20240102,15:25:58,604.9,250,7500
20240102,15:27:36,601.0,100,7650
20240102,15:27:47,602.35,100,7650
20240102,15:28:14,598.7,50,7650
20240103,09:19:46,639.25,1,7500
20240103,09:19:46,639.25,50,7500
20240103,09:20:12,629.75,250,7500
20240103,09:20:35,629.75,50,7250
20240103,09:25:02,639.05,50,7200
20240103,09:25:03,638.4,50,7200
20240103,09:26:11,644.4,50,7200
20240103,09:29:55,644.4,100,7200
20240103,09:30:02,636.7,50,7200
20240103,09:47:03,680.3,50,7200
20240103,09:49:06,680.3,50,7200
20240103,09:55:11,662.4,300,7250
20240103,09:55:13,660.8,50,7250
20240103,09:56:00,666.8,50,7250
20240103,09:56:01,666.6,100,7250
20240103,10:00:35,669.45,150,6900
20240103,10:08:10,669.0,300,6750
20240103,10:20:55,694.45,650,6750
20240103,10:23:28,694.55,50,7050
20240103,10:35:11,694.55,50,7000
20240103,12:30:13,718.3,50,6950
20240103,12:31:04,718.3,50,6950
20240103,12:32:11,720.15,50,6950
20240103,12:40:39,720.15,50,6950
20240103,12:59:25,676.75,50,6950
20240103,13:21:13,677.15,50,6950
20240103,14:05:49,675.55,300,7000
20240103,14:18:56,697.8,50,6750
20240103,14:21:09,705.45,50,6750
20240103,14:36:09,724.3,50,6750
20240103,14:39:10,731.35,50,6750
20240103,14:42:04,731.35,50,6750
20240103,15:00:25,721.1,50,6700
20240103,15:05:56,731.6,250,6700
20240103,15:07:56,748.45,100,6950
20240103,15:23:22,751.8,100,6850
20240104,09:52:35,655.0,1,6750
20240104,09:52:35,655.0,50,6750
20240104,09:57:08,645.95,50,6700
20240104,10:25:08,613.2,50,6700
20240104,10:58:15,612.0,50,6650
20240104,12:48:28,596.6,50,6650
20240104,12:54:18,594.75,50,6650
20240104,13:00:45,594.75,50,6600
20240104,13:08:04,597.3,50,6600
20240104,13:17:09,598.0,50,6600
20240104,13:27:50,599.85,50,6600
20240104,13:32:54,603.8,50,6600
20240104,13:40:02,591.15,50,6650
20240104,13:52:38,591.15,50,6650
20240104,14:26:44,607.6,50,6650
20240104,14:27:01,608.65,100,6650
20240104,14:27:43,607.0,100,6700
20240104,14:27:44,607.7,50,6700
20240104,14:57:29,606.0,50,6650
20240104,14:57:32,604.75,50,6650
20240104,15:00:40,601.95,100,6600
20240104,15:00:41,601.95,100,6600
20240104,15:06:01,600.45,50,6600
20240104,15:07:31,598.45,100,6550
20240104,15:10:35,602.7,100,6550
20240104,15:14:06,600.65,100,6550
20240104,15:14:12,600.75,150,6550
20240104,15:17:56,598.6,50,6550
20240104,15:23:07,594.2,50,6550
20240104,15:25:40,593.55,50,6550
20240104,15:28:58,592.15,50,6550
