date,time,tick_price,volume,open_interest
20240124,14:54:48,2.85,200,200
20240124,15:00:37,3.05,350,200
20240124,15:01:37,3.05,50,200
20240124,15:03:14,3.0,1550,200
20240124,15:04:34,3.05,1050,1950
20240124,15:04:42,3.0,50,1950
20240124,15:05:17,3.0,100,1950
20240124,15:05:57,3.0,100,1950
20240124,15:07:04,2.9,50,3250
20240124,15:07:21,2.95,50,3250
20240124,15:07:45,3.0,50,3250
20240124,15:07:53,3.0,100,3250
20240124,15:15:49,2.8,50,3500
20240124,15:16:32,2.75,250,3500
20240124,15:16:40,2.75,50,3500
20240124,15:20:36,2.65,100,3500
20240124,15:22:29,2.6,50,3400
20240124,15:22:52,2.6,50,3400
20240124,15:23:07,2.6,100,3400
20240124,15:23:23,2.6,200,3400
20240124,15:23:31,2.6,50,3400
20240124,15:23:39,2.6,50,3400
20240124,15:24:19,2.55,50,3400
20240124,15:24:27,2.55,50,3400
20240124,15:24:51,2.55,100,3000
20240124,15:24:59,2.55,100,3000
20240124,15:25:15,2.55,50,3000
20240124,15:25:45,2.55,250,3000
20240124,15:26:09,2.55,400,3000
20240124,15:27:28,2.5,50,3000
20240125,09:15:07,2.9,1,2850
20240125,09:15:07,2.9,100,2850
20240125,09:15:37,2.7,50,2850
20240125,09:17:32,5.4,1850,2850
20240125,09:17:32,2.45,1850,2850
20240125,09:18:00,2.6,700,4400
20240125,09:18:36,2.7,250,4400
20240125,09:19:23,2.85,500,4400
20240125,09:19:32,2.7,150,4400
20240125,09:19:41,2.75,50,4400
20240125,09:20:24,2.7,250,4400
20240125,09:21:25,2.7,100,4450
20240125,09:21:49,2.75,1050,4450
20240125,09:21:56,2.75,50,4450
20240125,09:22:04,2.75,50,4450
20240125,09:22:13,2.75,50,4450
20240125,09:22:21,2.8,50,4450
20240125,09:22:30,2.85,100,4450
20240125,09:22:39,2.85,100,4450
20240125,09:22:56,2.9,250,4450
20240125,09:23:13,2.95,100,4450
20240125,09:23:21,2.95,100,4450
20240125,09:23:47,3.05,150,4450
20240125,09:23:56,3.1,600,5100
20240125,09:24:06,3.15,600,5100
20240125,09:24:16,3.25,250,5100
20240125,09:24:25,3.25,200,5100
20240125,09:24:33,3.3,1400,5100
20240125,09:24:40,3.3,150,5100
20240125,09:24:57,3.4,350,5100
20240125,09:25:07,3.4,250,5100
20240125,09:25:26,3.4,100,5100
20240125,09:25:44,3.4,1250,5100
20240125,09:26:00,3.35,400,5100
20240125,09:26:18,3.3,100,5100
20240125,09:26:36,3.3,750,5100
20240125,09:26:45,3.3,300,5100
20240125,09:26:54,3.3,300,5100
20240125,09:27:13,3.25,300,6800
20240125,09:27:22,3.25,50,6800
20240125,09:27:32,3.2,100,6800
20240125,09:27:48,3.1,700,6800
20240125,09:27:58,3.1,1500,6800
20240125,09:28:07,3.1,50,6800
20240125,09:28:36,3.1,550,6800
20240125,09:28:45,3.0,400,6800
20240125,09:28:54,3.1,50,6800
20240125,09:29:03,3.1,250,6800
20240125,09:29:13,3.0,200,6800
20240125,09:29:22,3.0,300,6800
20240125,09:29:29,3.05,50,6800
20240125,09:29:37,3.1,50,6800
20240125,09:30:23,3.05,50,6850
20240125,09:30:31,3.0,50,6850
20240125,09:30:55,3.0,50,6850
20240125,09:31:18,3.05,1000,6850
20240125,09:31:26,2.95,100,6850
20240125,09:31:35,2.9,50,6850
20240125,09:31:53,3.0,100,6850
20240125,09:32:11,3.0,150,6850
20240125,09:32:21,3.0,100,6850
20240125,09:32:29,3.0,100,6850
20240125,09:32:37,3.0,200,6850
20240125,09:32:47,3.05,250,6850
20240125,09:32:55,3.05,400,6850
20240125,09:33:04,3.1,150,8850
20240125,09:33:13,3.1,100,8850
20240125,09:33:29,3.1,1150,8850
20240125,09:33:43,3.1,100,8850
20240125,09:34:07,3.15,50,8850
20240125,09:34:24,3.25,100,8850
20240125,09:34:33,3.2,250,8850
20240125,09:34:41,3.15,100,8850
20240125,09:34:51,3.15,450,8850
20240125,09:35:09,3.2,50,8850
20240125,09:35:27,3.1,1250,8850
20240125,09:35:36,3.15,100,8850
20240125,09:35:44,3.1,500,8850
20240125,09:36:33,3.0,50,11100
20240125,09:37:07,3.0,50,11100
20240125,09:37:16,3.1,2000,11100
20240125,09:37:49,3.0,1250,11100
20240125,09:38:03,3.0,50,11100
20240125,09:38:12,2.95,700,11100
20240125,09:38:29,2.95,500,11100
20240125,09:38:53,3.0,100,11100
20240125,09:39:10,2.95,500,14750
20240125,09:39:25,3.05,100,14750
20240125,09:39:34,2.95,150,14750
20240125,09:39:42,2.95,200,14750
20240125,09:39:52,2.95,200,14750
20240125,09:40:48,3.05,50,14750
20240125,09:43:18,3.0,800,15200
20240125,09:44:30,3.05,150,15200
20240125,09:44:49,3.05,1050,15200
20240125,09:45:07,3.05,50,15250
20240125,09:45:33,3.1,1450,15250
20240125,09:45:42,3.1,500,15250
20240125,09:45:52,3.15,600,15250
20240125,09:46:00,3.1,300,15250
20240125,09:46:09,3.1,50,15250
20240125,09:46:28,3.05,100,15250
20240125,09:47:23,3.0,500,15250
20240125,09:47:31,3.1,50,15250
20240125,09:47:40,3.1,50,15250
20240125,09:47:49,3.2,750,15250
20240125,09:49:26,3.05,100,16300
20240125,09:49:35,3.1,150,16300
20240125,09:49:52,3.15,50,16300
20240125,09:51:29,3.2,100,16300
20240125,09:51:36,3.15,750,16300
20240125,09:51:52,3.1,150,16300
20240125,09:52:00,3.1,50,16300
20240125,09:53:40,3.2,50,16300
20240125,09:53:54,3.25,1900,16300
20240125,09:54:02,3.15,600,17200
20240125,09:54:56,3.2,100,17200
20240125,09:55:15,3.25,100,17200
20240125,09:55:33,3.25,200,17200
20240125,09:55:42,3.25,50,17200
20240125,09:56:07,3.3,50,17200
20240125,09:56:38,3.25,400,17200
20240125,09:56:54,3.3,50,17200
20240125,09:57:01,3.3,150,17200
20240125,09:57:16,3.3,100,17200
20240125,09:57:55,3.3,50,17200
20240125,09:58:11,3.3,150,17200
20240125,09:58:18,3.3,50,17200
20240125,09:58:25,3.35,350,17200
20240125,09:58:48,3.3,50,17200
20240125,09:59:14,3.3,200,17200
20240125,09:59:29,3.3,100,17200
20240125,10:00:18,3.4,50,17600
20240125,10:00:26,3.4,50,17600
20240125,10:00:40,3.35,50,17600
20240125,10:00:48,3.35,50,17600
20240125,10:01:26,3.35,50,17600
20240125,10:01:35,3.35,50,17600
20240125,10:02:00,3.35,50,17600
20240125,10:02:08,3.4,1000,17600
20240125,10:02:15,3.4,500,17600
20240125,10:03:58,3.3,50,17800
20240125,10:04:14,3.3,50,17800
20240125,10:05:25,3.3,350,17800
20240125,10:05:33,3.25,350,17800
20240125,10:05:58,3.3,50,17800
20240125,10:06:07,3.3,100,18300
20240125,10:06:15,3.3,100,18300
20240125,10:06:31,3.3,50,18300
20240125,10:06:39,3.3,150,18300
20240125,10:07:37,3.3,200,18300
20240125,10:07:44,3.25,250,18300
20240125,10:07:51,3.25,350,18300
20240125,10:08:20,3.25,3850,18300
20240125,10:08:49,3.25,50,18300
20240125,10:09:42,3.35,500,21000
20240125,10:09:58,3.3,100,21000
20240125,10:10:07,3.2,450,21000
20240125,10:10:25,3.2,200,21000
20240125,10:10:34,3.2,50,21000
20240125,10:10:43,3.25,200,21000
20240125,10:11:07,3.25,50,21000
20240125,10:11:50,3.25,300,21000
20240125,10:12:06,3.25,50,21050
20240125,10:12:15,3.25,1200,21050
20240125,10:12:31,3.25,100,21050
20240125,10:12:48,3.25,200,21050
20240125,10:12:56,3.25,100,21050
20240125,10:13:04,3.25,50,21050
20240125,10:13:19,3.25,50,21050
20240125,10:13:34,3.25,200,21050
20240125,10:13:50,3.25,50,21050
20240125,10:14:21,3.2,100,21050
20240125,10:16:39,3.2,150,21300
20240125,10:16:49,3.15,50,21300
20240125,10:17:06,3.2,250,21300
20240125,10:17:15,3.2,100,21300
20240125,10:17:23,3.2,100,21300
20240125,10:18:14,3.2,50,21200
20240125,10:18:53,3.25,50,21200
20240125,10:19:33,3.25,50,21200
20240125,10:19:40,3.3,50,21200
20240125,10:20:31,3.3,50,21200
20240125,10:20:48,3.25,100,21200
20240125,10:20:57,3.25,250,21200
20240125,10:21:25,3.25,50,21000
20240125,10:21:34,3.25,50,21000
20240125,10:21:53,3.2,100,21000
20240125,10:22:02,3.15,250,21000
20240125,10:23:03,3.2,50,21000
20240125,10:23:55,3.2,150,21000
20240125,10:24:13,3.25,350,20950
20240125,10:25:20,3.3,150,20950
20240125,10:25:44,3.25,350,20950
20240125,10:25:53,3.2,300,20950
20240125,10:26:11,3.25,300,20950
20240125,10:26:21,3.2,500,20950
20240125,10:26:29,3.2,50,20950
20240125,10:26:47,3.15,450,20950
20240125,10:27:13,3.1,100,20250
20240125,10:27:30,3.1,100,20250
20240125,10:27:38,3.1,100,20250
20240125,10:28:17,3.1,200,20250
20240125,10:28:26,3.1,1650,20250
20240125,10:28:34,3.0,600,20250
20240125,10:29:08,3.05,50,20250
20240125,10:29:25,2.9,200,20250
20240125,10:30:33,2.9,50,18150
20240125,10:31:39,2.9,50,18150
20240125,10:31:47,2.9,100,18150
20240125,10:32:31,2.9,100,18150
20240125,10:32:48,2.85,550,18150
20240125,10:32:57,2.85,500,18150
20240125,10:33:05,2.8,400,17450
20240125,10:34:32,2.9,200,17450
20240125,10:34:58,2.95,100,17450
20240125,10:35:07,2.9,100,17450
20240125,10:35:57,2.95,50,17450
20240125,10:36:05,2.95,150,17350
20240125,10:36:38,3.0,50,17350
20240125,10:37:37,3.1,100,17350
20240125,10:37:46,3.05,50,17350
20240125,10:38:11,3.0,50,17350
20240125,10:39:25,3.1,50,17300
20240125,10:40:13,3.1,400,17300
20240125,10:40:29,3.1,50,17300
20240125,10:40:37,3.05,50,17300
20240125,10:40:45,3.05,50,17300
20240125,10:41:20,3.05,550,17300
20240125,10:41:29,3.05,50,17300
20240125,10:41:37,3.0,50,17300
20240125,10:41:46,3.05,150,17300
20240125,10:41:54,3.05,50,17300
20240125,10:42:11,3.05,300,17700
20240125,10:42:19,3.1,600,17700
20240125,10:42:28,3.15,1500,17700
20240125,10:42:37,3.1,50,17700
20240125,10:42:46,3.15,1900,17700
20240125,10:42:55,3.25,1800,17700
20240125,10:43:04,3.2,100,17700
20240125,10:43:12,3.15,1050,17700
20240125,10:43:21,3.2,100,17700
20240125,10:43:29,3.2,50,17700
20240125,10:43:37,3.25,100,17700
20240125,10:43:47,3.2,150,17700
20240125,10:43:56,3.25,4400,17700
20240125,10:44:05,3.3,1800,17700
20240125,10:44:39,3.2,50,17700
20240125,10:46:21,3.25,50,25100
20240125,10:48:08,3.2,50,25100
20240125,10:48:15,3.2,50,25150
20240125,10:48:21,3.2,150,25150
20240125,10:48:42,3.15,150,25150
20240125,10:49:04,3.05,250,25150
20240125,10:49:19,3.1,300,25150
20240125,10:49:32,3.1,150,25150
20240125,10:50:23,3.1,50,25150
20240125,10:52:21,3.1,250,25600
20240125,10:52:29,3.05,150,25600
20240125,10:52:36,3.05,50,25600
20240125,10:53:10,3.05,400,25600
20240125,10:53:23,3.05,150,25600
20240125,10:53:32,3.05,100,25600
20240125,10:54:33,3.05,50,26000
20240125,10:55:16,3.05,150,26000
20240125,10:55:25,3.05,200,26000
20240125,10:56:08,3.1,600,26000
20240125,10:56:25,3.05,100,26000
20240125,10:56:50,3.1,100,26000
20240125,10:57:21,3.05,500,26800
20240125,10:57:38,3.15,100,26800
20240125,10:58:26,3.1,400,26800
20240125,10:59:45,3.2,50,26800
20240125,11:00:18,3.2,50,26900
20240125,11:00:42,3.2,150,26900
20240125,11:01:07,3.15,150,26900
20240125,11:01:41,3.2,2600,26900
20240125,11:01:50,3.15,250,26900
20240125,11:02:06,3.15,1100,26900
20240125,11:02:24,3.2,100,26900
20240125,11:02:42,3.1,50,26900
20240125,11:02:50,3.1,50,26900
20240125,11:03:16,3.1,3000,29100
20240125,11:03:26,3.1,50,29100
20240125,11:03:44,3.1,50,29100
20240125,11:04:10,3.1,500,29100
20240125,11:04:35,3.15,650,29100
20240125,11:04:44,3.2,200,29100
20240125,11:05:01,3.2,50,29100
20240125,11:05:34,3.2,50,29100
20240125,11:06:41,3.15,100,29700
20240125,11:06:58,3.2,50,29700
20240125,11:07:23,3.2,50,29700
20240125,11:08:39,3.15,1550,29700
20240125,11:08:47,3.05,1500,29700
20240125,11:08:54,3.05,1500,29700
20240125,11:09:01,3.1,1650,29700
20240125,11:09:09,3.05,50,29700
20240125,11:09:16,3.1,50,25800
20240125,11:09:32,3.05,100,25800
20240125,11:09:48,3.0,3000,25800
20240125,11:10:12,3.0,100,25800
20240125,11:10:20,3.0,100,25800
20240125,11:10:35,3.0,50,25800
20240125,11:11:37,3.0,350,25800
20240125,11:11:53,2.95,150,25800
20240125,11:14:01,3.0,800,23200
20240125,11:14:10,2.95,400,23200
20240125,11:14:33,3.0,300,23200
20240125,11:15:18,3.0,100,23750
20240125,11:16:27,3.0,50,23750
20240125,11:18:34,2.9,150,23900
20240125,11:18:52,2.9,250,23900
20240125,11:19:00,2.9,250,23900
20240125,11:19:08,2.85,50,23900
20240125,11:20:19,2.9,50,23900
20240125,11:21:08,2.9,800,23900
20240125,11:21:16,2.85,150,23500
20240125,11:21:25,2.8,50,23500
20240125,11:21:33,2.8,200,23500
20240125,11:21:42,2.8,50,23500
20240125,11:21:50,2.8,100,23500
20240125,11:21:59,2.75,100,23500
20240125,11:22:09,2.8,50,23500
20240125,11:22:18,2.8,100,23500
20240125,11:22:35,2.8,100,23500
20240125,11:22:44,2.75,50,23500
20240125,11:23:03,2.8,150,23500
20240125,11:23:30,2.85,100,23500
20240125,11:27:18,2.95,150,22750
20240125,11:27:27,2.95,150,22750
20240125,11:27:45,2.95,50,22750
20240125,11:28:11,2.95,150,22750
20240125,11:28:52,3.0,50,22750
20240125,11:28:59,3.0,50,22750
20240125,11:29:56,2.95,50,22750
20240125,11:30:53,2.95,50,22450
20240125,11:31:01,2.95,100,22450
20240125,11:31:10,2.95,100,22450
20240125,11:31:19,2.95,1000,22450
20240125,11:31:28,2.95,150,22450
20240125,11:31:37,2.9,100,22450
20240125,11:32:09,2.85,100,22450
20240125,11:32:34,2.85,50,22450
20240125,11:34:41,2.8,50,22450
20240125,11:35:22,2.85,100,22450
20240125,11:35:48,2.8,50,22450
20240125,11:36:30,2.75,300,22650
20240125,11:37:40,2.7,650,22650
20240125,11:39:01,2.7,50,22650
20240125,11:39:10,2.65,100,22650
20240125,11:39:20,2.65,150,22550
20240125,11:39:47,2.7,1150,22550
20240125,11:40:05,2.65,400,22550
20240125,11:40:24,2.65,150,22550
20240125,11:40:34,2.6,1250,22550
20240125,11:40:43,2.6,300,22550
20240125,11:40:52,2.55,700,22550
20240125,11:41:02,2.6,150,22550
20240125,11:41:11,2.6,200,22550
20240125,11:41:28,2.6,50,22550
20240125,11:41:37,2.6,50,22550
20240125,11:42:11,2.65,200,22550
20240125,11:42:19,2.65,50,21550
20240125,11:42:37,2.6,150,21550
20240125,11:43:02,2.55,50,21550
20240125,11:43:10,2.55,100,21550
20240125,11:43:28,2.55,50,21550
20240125,11:43:45,2.5,300,21550
20240125,11:43:54,2.45,250,21550
20240125,11:44:13,2.45,350,21550
20240125,11:44:21,2.4,3050,21550
20240125,11:44:39,2.45,150,21550
20240125,11:47:09,2.45,550,21150
20240125,11:48:07,2.5,100,21150
20240125,11:48:14,2.5,150,21150
20240125,11:49:15,2.5,150,21550
20240125,11:49:24,2.5,50,21550
20240125,11:49:33,2.45,600,21550
20240125,11:50:24,2.45,50,21550
20240125,11:50:50,2.45,150,21550
20240125,11:50:59,2.4,50,21550
20240125,11:51:08,2.45,150,21550
20240125,11:51:17,2.45,50,21550
20240125,11:51:25,2.45,50,21200
20240125,11:51:33,2.5,50,21200
20240125,11:51:41,2.5,1950,21200
20240125,11:51:49,2.55,100,21200
20240125,11:51:58,2.55,50,21200
20240125,11:53:11,2.5,50,21200
20240125,11:55:06,2.45,50,21150
20240125,11:55:13,2.45,50,21150
20240125,11:55:21,2.5,1050,21150
20240125,11:55:29,2.5,2600,21150
20240125,11:55:46,2.5,50,21150
20240125,11:56:01,2.45,50,21150
20240125,11:56:17,2.5,100,21150
20240125,11:57:32,2.5,5600,21150
20240125,11:58:13,2.5,250,21150
20240125,11:58:37,2.5,500,21150
20240125,11:59:01,2.5,900,21150
20240125,11:59:26,2.45,800,21150
20240125,11:59:42,2.45,50,21150
20240125,12:00:29,2.45,250,24850
20240125,12:01:34,2.5,50,24850
20240125,12:02:17,2.45,250,24850
20240125,12:04:55,2.5,1250,24300
20240125,12:05:09,2.5,50,24300
20240125,12:05:17,2.5,250,24300
20240125,12:05:56,2.5,300,24300
20240125,12:06:18,2.5,250,25500
20240125,12:06:26,2.5,50,25500
20240125,12:06:50,2.55,450,25500
20240125,12:08:25,2.6,150,25500
20240125,12:08:33,2.6,500,25500
20240125,12:08:50,2.55,1800,25500
20240125,12:11:41,2.5,300,26300
20240125,12:11:49,2.5,50,26300
20240125,12:12:11,2.55,100,26300
20240125,12:12:40,2.55,1650,26650
20240125,12:13:11,2.55,500,26650
20240125,12:13:18,2.55,50,26650
20240125,12:13:38,2.55,100,26650
20240125,12:14:24,2.55,50,26650
20240125,12:15:40,2.55,50,26700
20240125,12:15:48,2.55,50,26700
20240125,12:16:04,2.55,100,26700
20240125,12:16:40,2.6,400,26700
20240125,12:16:48,2.55,50,26700
20240125,12:17:10,2.6,50,26700
20240125,12:18:49,2.55,200,26700
20240125,12:21:03,2.5,1700,26700
20240125,12:22:12,2.5,1000,27800
20240125,12:22:19,2.55,250,27800
20240125,12:22:41,2.5,50,27800
20240125,12:23:02,2.55,350,27800
20240125,12:23:09,2.55,450,27800
20240125,12:23:47,2.6,150,27800
20240125,12:24:01,2.55,50,27800
20240125,12:24:38,2.5,500,27800
20240125,12:24:46,2.65,400,27800
20240125,12:25:16,2.5,500,27800
20240125,12:25:32,2.5,50,27800
20240125,12:27:19,2.45,50,27800
20240125,12:27:43,2.45,50,27800
20240125,12:28:07,2.45,50,27800
20240125,12:29:26,2.45,300,27800
20240125,12:29:40,2.45,250,27800
20240125,12:32:28,2.45,1400,27800
20240125,12:32:36,2.45,300,27800
20240125,12:32:50,2.45,1250,27800
20240125,12:32:58,2.45,50,27800
20240125,12:33:18,2.45,50,27800
20240125,12:33:51,2.5,150,27800
20240125,12:34:07,2.45,50,27800
20240125,12:36:35,2.45,250,27900
20240125,12:37:15,2.45,400,27900
20240125,12:38:16,2.5,50,27900
20240125,12:38:31,2.4,250,27900
20240125,12:38:39,2.45,500,27900
20240125,12:39:53,2.45,50,27800
20240125,12:40:24,2.4,2500,27800
20240125,12:40:53,2.4,100,27800
20240125,12:41:10,2.45,50,27800
20240125,12:41:17,2.45,50,27800
20240125,12:41:33,2.45,50,27800
20240125,12:42:02,2.4,150,27800
20240125,12:43:02,2.4,1500,30400
20240125,12:45:11,2.4,4700,30400
20240125,12:45:19,2.4,4300,30400
20240125,12:45:32,2.4,1150,40600
20240125,12:45:45,2.45,300,40600
20240125,12:47:26,2.4,100,40600
20240125,12:48:10,2.4,300,40600
20240125,12:48:32,2.4,250,42050
20240125,12:49:01,2.4,250,42050
20240125,12:50:13,2.45,800,42050
20240125,12:54:52,2.45,50,42550
20240125,12:59:10,2.45,200,42600
20240125,13:00:47,2.4,250,42700
20240125,13:02:21,2.4,100,42700
20240125,13:05:00,2.4,800,42700
20240125,13:05:58,2.4,100,42800
20240125,13:06:06,2.4,500,42800
20240125,13:06:13,2.4,250,42800
20240125,13:10:08,2.4,50,44450
20240125,13:10:26,2.4,100,44450
20240125,13:10:33,2.4,50,44450
20240125,13:10:39,2.4,100,44450
20240125,13:11:12,2.4,50,44450
20240125,13:11:48,2.45,1600,44450
20240125,13:12:02,2.45,750,44450
20240125,13:12:08,2.45,2550,44450
20240125,13:12:14,2.45,250,44450
20240125,13:13:11,2.5,50,45550
20240125,13:20:01,2.4,50,45550
20240125,13:20:14,2.4,250,45550
20240125,13:20:34,2.4,350,45550
20240125,13:22:09,2.4,50,46200
20240125,13:22:16,2.4,150,46200
20240125,13:22:31,2.4,250,46200
20240125,13:23:12,2.45,50,46200
20240125,13:24:13,2.45,50,46200
20240125,13:24:39,2.45,50,46500
20240125,13:25:36,2.45,250,46500
20240125,13:26:18,2.5,7800,46500
20240125,13:27:35,2.55,350,51850
20240125,13:31:39,2.55,550,51850
20240125,13:34:28,2.55,50,52300
20240125,13:35:03,2.55,50,52300
20240125,13:35:42,2.55,50,52300
20240125,13:36:23,2.55,250,52300
20240125,13:36:49,2.55,300,52300
20240125,13:37:36,2.55,250,52300
20240125,13:40:13,2.55,50,52300
20240125,13:41:50,2.55,50,52300
20240125,13:41:57,2.55,50,52300
20240125,13:42:17,2.6,1950,52300
20240125,13:42:30,2.65,100,53600
20240125,13:42:48,2.65,50,53600
20240125,13:43:00,2.65,500,53600
20240125,13:44:00,2.7,100,53600
20240125,13:44:07,2.7,3150,53600
20240125,13:45:07,2.7,800,53600
20240125,13:45:14,2.7,250,53600
20240125,13:45:21,2.7,150,53600
20240125,13:45:42,2.7,350,56400
20240125,13:46:54,2.75,2500,56400
20240125,13:48:41,2.75,100,58350
20240125,13:50:38,2.8,800,58350
20240125,13:50:53,2.8,100,58350
20240125,13:51:32,2.8,50,58350
20240125,13:51:49,2.8,50,58350
20240125,13:52:15,2.8,50,58350
20240125,13:53:45,2.85,50,58350
20240125,13:54:08,2.85,100,58350
20240125,13:54:15,2.85,50,58350
20240125,13:54:49,2.85,50,58400
20240125,13:56:59,2.85,50,58400
20240125,13:57:06,2.85,200,58400
20240125,14:03:02,2.9,650,58400
20240125,14:03:18,2.9,50,58400
20240125,14:04:03,2.9,800,58650
20240125,14:04:18,2.9,2950,58650
20240125,14:09:31,2.8,50,60250
20240125,14:09:44,2.8,50,60250
20240125,14:09:52,2.8,300,60250
20240125,14:10:06,2.8,150,60250
20240125,14:10:12,2.8,50,60250
20240125,14:13:17,2.85,3300,60300
20240125,14:13:38,2.85,4350,60300
20240125,14:14:13,2.85,4550,60300
20240125,14:14:22,2.85,1550,60300
20240125,14:14:51,2.85,900,60300
20240125,14:15:34,2.85,50,60300
20240125,14:16:01,2.85,2950,66950
20240125,14:16:14,2.9,500,66950
20240125,14:16:34,2.9,2800,66950
20240125,14:17:00,2.9,200,66950
20240125,14:18:08,2.8,1000,66950
20240125,14:18:39,2.85,50,71250
20240125,14:20:25,2.9,2700,71250
20240125,14:20:31,2.9,3600,71250
20240125,14:20:44,2.85,50,71250
20240125,14:21:30,2.85,50,71250
20240125,14:22:44,2.85,50,77250
20240125,14:22:51,2.8,2550,77250
20240125,14:23:05,2.8,3050,77250
20240125,14:23:44,2.8,500,77250
20240125,14:26:47,2.75,50,81650
20240125,14:26:54,2.75,100,81650
20240125,14:27:08,2.75,450,81650
20240125,14:28:01,2.75,250,81300
20240125,14:28:32,2.7,6700,81300
20240125,14:28:39,2.7,1300,81300
20240125,14:28:58,2.7,450,81300
20240125,14:29:04,2.7,6600,81300
20240125,14:29:20,2.65,100,81300
20240125,14:29:47,2.6,2450,81300
20240125,14:29:54,2.65,1750,81300
20240125,14:30:01,2.65,100,81300
20240125,14:30:29,2.6,250,81300
20240125,14:30:37,2.6,500,78350
20240125,14:30:44,2.6,750,78350
20240125,14:30:51,2.6,900,78350
20240125,14:31:04,2.55,1050,78350
20240125,14:31:11,2.6,250,78350
20240125,14:31:31,2.55,50,78350
20240125,14:31:38,2.55,750,78350
20240125,14:31:45,2.55,450,78350
20240125,14:31:59,2.55,300,78350
20240125,14:32:13,2.5,1750,78350
20240125,14:32:20,2.5,700,78350
20240125,14:32:26,2.5,1300,78350
20240125,14:32:55,2.5,2000,78350
20240125,14:33:14,2.5,100,78350
20240125,14:33:21,2.55,2150,78350
20240125,14:33:46,2.6,1800,82700
20240125,14:33:57,2.55,700,82700
20240125,14:34:11,2.55,400,82700
20240125,14:34:17,2.55,200,82700
20240125,14:34:37,2.55,400,82700
20240125,14:34:57,2.6,750,82700
20240125,14:35:10,2.6,2100,82700
20240125,14:35:51,2.65,200,82700
20240125,14:36:18,2.6,3800,82700
20240125,14:36:25,2.6,50,82700
20240125,14:36:32,2.55,200,82700
20240125,14:36:38,2.55,250,89400
20240125,14:36:45,2.55,350,89400
20240125,14:36:51,2.55,3250,89400
20240125,14:36:58,2.55,3050,89400
20240125,14:37:05,2.5,3800,89400
20240125,14:37:24,2.55,250,89400
20240125,14:37:54,2.55,50,89400
20240125,14:38:12,2.55,3300,89400
20240125,14:38:36,2.55,200,89400
20240125,14:39:34,2.55,400,89400
20240125,14:40:52,2.6,100,98650
20240125,14:41:50,2.55,250,98650
20240125,14:41:57,2.55,3450,98650
20240125,14:42:04,2.55,250,98650
20240125,14:42:18,2.55,100,98650
20240125,14:42:25,2.55,50,98650
20240125,14:43:10,2.55,50,99750
20240125,14:43:54,2.5,250,99750
20240125,14:44:10,2.55,700,99750
20240125,14:44:17,2.55,50,99750
20240125,14:44:24,2.5,150,99750
20240125,14:44:31,2.55,50,99750
20240125,14:44:38,2.55,1250,99750
20240125,14:44:57,2.55,1900,99750
20240125,14:45:29,2.55,950,99750
20240125,14:45:36,2.6,5150,99750
20240125,14:45:42,2.6,400,99750
20240125,14:45:48,2.55,4800,104600
20240125,14:46:01,2.6,2150,104600
20240125,14:46:08,2.55,1550,104600
20240125,14:46:14,2.55,2600,104600
20240125,14:46:21,2.5,1250,104600
20240125,14:46:27,2.55,2350,104600
20240125,14:46:33,2.55,200,104600
20240125,14:46:40,2.55,2200,104600
20240125,14:46:47,2.55,1050,104600
20240125,14:46:53,2.55,2550,104600
20240125,14:47:04,2.55,1000,104600
20240125,14:47:31,2.55,2800,104600
20240125,14:47:42,2.55,500,104600
20240125,14:47:58,2.5,250,104600
20240125,14:48:03,2.55,700,104600
20240125,14:48:15,2.5,1350,104600
20240125,14:48:22,2.55,1800,104600
20240125,14:48:27,2.5,250,104600
20240125,14:48:50,2.5,50,122300
20240125,14:48:57,2.5,500,122300
20240125,14:49:03,2.5,750,122300
20240125,14:49:15,2.5,150,122300
20240125,14:49:33,2.5,3800,122300
20240125,14:50:19,2.55,21800,122300
20240125,14:50:25,2.6,2850,122300
20240125,14:51:22,2.65,200,122300
20240125,14:51:39,2.6,50,143650
20240125,14:51:57,2.65,150,143650
20240125,14:52:25,2.65,50,143650
20240125,14:52:49,2.65,50,143650
20240125,14:52:54,2.6,50,143650
20240125,14:53:22,2.65,2050,143650
20240125,14:53:45,2.6,500,143650
20240125,14:53:51,2.6,50,143650
20240125,14:54:04,2.6,100,143650
20240125,14:54:10,2.6,1000,143650
20240125,14:54:43,2.6,550,145700
20240125,14:54:50,2.6,50,145700
20240125,14:55:16,2.5,200,145700
20240125,14:55:23,2.6,2550,145700
20240125,14:55:56,2.6,50,145700
20240125,14:57:13,2.55,500,145700
20240125,14:59:30,2.55,350,147650
20240125,15:00:50,2.5,500,147400
20240125,15:00:58,2.5,650,147400
20240125,15:01:31,2.45,2500,147400
20240125,15:01:46,2.5,19950,147400
20240125,15:02:02,2.5,10450,147400
20240125,15:02:09,2.55,50,147400
20240125,15:03:32,2.5,200,147400
20240125,15:04:03,2.5,3050,169000
20240125,15:04:20,2.5,50,169000
20240125,15:04:27,2.5,100,169000
20240125,15:04:34,2.45,150,169000
20240125,15:04:43,2.45,5500,169000
20240125,15:04:59,2.45,13350,169000
20240125,15:05:08,2.45,3250,169000
20240125,15:05:17,2.45,700,169000
20240125,15:05:26,2.45,2050,169000
20240125,15:05:34,2.5,350,169000
20240125,15:06:09,2.4,100,169000
20240125,15:06:17,2.45,100,169000
20240125,15:06:26,2.45,750,169000
20240125,15:06:33,2.45,650,169000
20240125,15:06:41,2.45,150,169000
20240125,15:06:56,2.4,5550,190250
20240125,15:07:04,2.45,50,190250
20240125,15:07:20,2.45,100,190250
20240125,15:07:27,2.45,150,190250
20240125,15:07:42,2.45,50,190250
20240125,15:07:50,2.5,200,190250
20240125,15:08:05,2.45,500,190250
20240125,15:08:12,2.45,50,190250
20240125,15:08:19,2.45,450,190250
20240125,15:08:33,2.45,900,190250
20240125,15:08:40,2.45,250,190250
20240125,15:08:48,2.45,300,190250
20240125,15:08:55,2.4,350,190250
20240125,15:09:13,2.45,150,190250
20240125,15:09:22,2.45,450,190250
20240125,15:09:32,2.45,650,190250
20240125,15:09:40,2.45,400,193900
20240125,15:09:48,2.45,500,193900
20240125,15:10:05,2.45,250,193900
20240125,15:10:12,2.45,50,193900
20240125,15:10:19,2.45,200,193900
20240125,15:10:27,2.45,100,193900
20240125,15:10:35,2.4,1200,193900
20240125,15:11:21,2.45,1800,193900
20240125,15:11:37,2.45,5150,193900
20240125,15:11:44,2.45,1950,193900
20240125,15:11:59,2.5,24200,193900
20240125,15:12:08,2.5,2050,193900
20240125,15:12:33,2.45,9500,193900
20240125,15:12:42,2.45,1500,193900
20240125,15:13:00,2.45,300,204750
20240125,15:13:17,2.45,50,204750
20240125,15:14:06,2.4,13750,204750
20240125,15:14:14,2.4,3600,204750
20240125,15:14:22,2.5,5200,204750
20240125,15:14:41,2.55,2000,204750
20240125,15:15:31,2.5,17700,204750
20240125,15:15:57,2.45,850,213650
20240125,15:16:07,2.45,750,213650
20240125,15:16:15,2.45,1750,213650
20240125,15:16:24,2.45,200,213650
20240125,15:16:31,2.45,2850,213650
20240125,15:17:02,2.45,100,213650
20240125,15:17:10,2.4,4450,213650
20240125,15:17:17,2.4,6850,213650
20240125,15:18:12,2.4,1500,213650
20240125,15:18:26,2.4,250,213650
20240125,15:18:39,2.4,250,213650
20240125,15:18:46,2.4,500,222050
20240125,15:18:54,2.35,1500,222050
20240125,15:19:25,2.35,21650,222050
20240125,15:19:32,2.35,10750,222050
20240125,15:19:38,2.4,950,222050
20240125,15:21:04,2.35,4500,222050
20240125,15:21:38,2.35,1800,222050
20240125,15:21:45,2.35,3050,222050
20240125,15:22:04,2.35,50,245300
20240125,15:22:11,2.35,1800,245300
20240125,15:22:17,2.35,50,245300
20240125,15:22:35,2.35,800,245300
20240125,15:22:42,2.35,1850,245300
20240125,15:22:49,2.35,1600,245300
20240125,15:23:02,2.35,5900,245300
20240125,15:23:14,2.35,1000,245300
20240125,15:23:21,2.3,1800,245300
20240125,15:23:28,2.3,250,245300
20240125,15:23:35,2.3,50,245300
20240125,15:23:43,2.3,3200,245300
20240125,15:24:22,2.35,500,245300
20240125,15:24:54,2.35,1250,245300
20240125,15:25:13,2.35,1800,257900
20240125,15:25:20,2.35,3050,257900
20240125,15:25:34,2.35,150,257900
20240125,15:25:41,2.3,2200,257900
20240125,15:25:48,2.3,1550,257900
20240125,15:25:57,2.3,2400,257900
20240125,15:26:04,2.3,550,257900
20240125,15:26:11,2.35,100,257900
20240125,15:26:17,2.35,300,257900
20240125,15:26:25,2.35,550,257900
20240125,15:26:33,2.35,4300,257900
20240125,15:26:40,2.35,1700,257900
20240125,15:26:48,2.3,10000,257900
20240125,15:26:55,2.3,3300,257900
20240125,15:27:03,2.35,150,257900
20240125,15:27:10,2.35,3950,257900
20240125,15:27:18,2.35,550,257900
20240125,15:27:27,2.35,2250,257900
20240125,15:27:36,2.35,350,257900
20240125,15:27:44,2.4,2300,257900
20240125,15:27:52,2.35,5250,266150
20240125,15:28:01,2.45,6650,266150
20240125,15:28:09,2.8,9750,266150
20240125,15:28:17,3.5,20500,266150
20240125,15:28:26,3.85,24700,266150
20240125,15:28:35,3.4,6500,266150
20240125,15:28:43,3.25,1100,266150
20240125,15:28:51,3.1,5850,266150
20240125,15:28:58,3.1,2250,266150
20240125,15:29:05,3.1,800,266150
20240125,15:29:12,3.05,4150,266150
20240125,15:29:20,3.0,800,266150
20240125,15:29:28,2.9,8500,266150
20240125,15:29:35,2.8,100,266150
20240125,15:29:41,2.85,200,266150
20240125,15:29:49,3.6,9300,266150
20240125,15:29:57,3.2,400,266150
20240129,09:15:00,4.5,1,306600
20240129,09:15:00,3.5,750,306600
20240129,09:15:02,2.7,2000,306600
20240129,09:15:03,2.1,3400,306600
20240129,09:15:04,2.1,500,306600
20240129,09:15:05,2.55,950,306600
20240129,09:15:06,2.55,500,306600
20240129,09:15:07,2.55,3650,306600
20240129,09:15:08,2.45,2700,306600
20240129,09:15:09,2.5,400,306600
20240129,09:15:10,2.55,100,306600
20240129,09:15:11,2.55,50,306600
20240129,09:15:12,2.5,750,306600
20240129,09:15:14,2.5,5800,306600
20240129,09:15:16,2.2,1600,306600
20240129,09:15:23,2.1,650,306600
20240129,09:15:24,2.1,1600,306600
20240129,09:15:24,2.3,1050,306600
20240129,09:15:25,2.1,1550,306600
20240129,09:15:27,2.15,50,306600
20240129,09:15:30,2.3,1900,306600
20240129,09:15:32,2.25,700,306600
20240129,09:15:34,2.2,200,306600
20240129,09:15:34,2.15,300,306600
20240129,09:15:35,2.15,100,306600
20240129,09:15:37,2.0,2650,306600
20240129,09:15:38,2.05,150,306600
20240129,09:15:39,2.05,650,306600
20240129,09:15:40,2.1,100,306600
20240129,09:15:42,2.1,1900,306600
20240129,09:15:43,2.15,250,306600
20240129,09:15:44,2.15,250,306600
20240129,09:15:48,2.15,200,306600
20240129,09:15:49,2.15,50,306600
20240129,09:15:58,2.1,600,306600
20240129,09:16:00,2.05,2050,306600
20240129,09:16:02,2.1,750,306600
20240129,09:16:03,2.1,250,306600
20240129,09:16:04,2.1,2500,306600
20240129,09:16:05,2.1,100,306600
20240129,09:16:06,2.1,1900,306600
20240129,09:16:07,2.1,1100,306600
20240129,09:16:08,2.1,300,306600
20240129,09:16:11,2.15,150,306600
20240129,09:16:13,2.05,2900,306600
20240129,09:16:14,2.1,850,306600
20240129,09:16:15,2.0,6000,306600
20240129,09:16:16,2.1,1100,306600
20240129,09:16:18,2.1,100,306600
20240129,09:16:19,2.1,2650,306600
20240129,09:16:22,2.15,50,306600
20240129,09:16:25,2.1,300,306600
20240129,09:16:26,2.1,900,306600
20240129,09:16:27,2.1,100,306600
20240129,09:16:30,2.05,500,306600
20240129,09:16:32,2.05,250,306600
20240129,09:16:34,2.05,1150,306600
20240129,09:16:34,2.0,1800,306600
20240129,09:16:35,2.0,500,306600
20240129,09:16:37,2.05,50,306600
20240129,09:16:38,2.0,500,306600
20240129,09:16:40,2.05,50,306600
20240129,09:16:40,2.0,1600,306600
20240129,09:16:41,2.0,7350,306600
20240129,09:16:42,2.0,1950,306600
20240129,09:16:43,2.0,150,306600
20240129,09:16:45,1.95,1550,306600
20240129,09:16:47,1.95,1250,306600
20240129,09:16:48,1.9,650,306600
20240129,09:16:52,1.95,500,306600
20240129,09:16:53,1.95,500,306600
20240129,09:16:56,1.95,50,306600
20240129,09:16:59,1.95,50,306600
20240129,09:17:00,1.95,100,306600
20240129,09:17:02,2.0,250,306600
20240129,09:17:04,2.0,1800,306600
20240129,09:17:06,2.0,2100,321650
20240129,09:17:09,2.0,2200,321650
20240129,09:17:10,2.0,1900,321650
20240129,09:17:11,2.05,50,321650
20240129,09:17:14,2.0,300,321650
20240129,09:17:15,2.05,500,321650
20240129,09:17:17,2.05,250,321650
20240129,09:17:18,2.05,3750,321650
20240129,09:17:22,2.05,250,321650
20240129,09:17:23,2.05,2050,321650
20240129,09:17:27,2.05,400,321650
20240129,09:17:28,2.1,150,321650
20240129,09:17:29,2.1,50,321650
20240129,09:17:30,2.1,50,321650
20240129,09:17:31,2.1,500,321650
20240129,09:17:33,2.1,1900,321650
20240129,09:17:34,2.1,6000,321650
20240129,09:17:34,2.1,2100,321650
20240129,09:17:36,2.1,1800,321650
20240129,09:17:37,2.1,3500,321650
20240129,09:17:40,2.1,50,321650
20240129,09:17:48,2.1,1500,321650
20240129,09:17:49,2.05,250,321650
20240129,09:17:57,2.05,650,321650
20240129,09:17:59,2.05,500,321650
20240129,09:18:01,2.05,250,321650
20240129,09:18:09,2.05,250,321650
20240129,09:18:09,2.1,2400,321650
20240129,09:18:13,2.1,5050,321650
20240129,09:18:15,2.1,1550,321650
20240129,09:18:35,2.1,250,321650
20240129,09:18:38,2.1,1500,321650
20240129,09:18:39,2.15,1000,321650
20240129,09:18:43,2.1,200,321650
20240129,09:18:43,2.1,350,321650
20240129,09:18:46,2.1,2450,321650
20240129,09:18:52,2.1,150,321650
20240129,09:18:56,2.1,500,321650
20240129,09:19:05,2.15,50,321650
20240129,09:19:11,2.15,200,321650
20240129,09:19:12,2.1,50,321650
20240129,09:19:13,2.1,250,321650
20240129,09:19:16,2.1,1800,321650
20240129,09:19:20,2.1,3700,321650
20240129,09:19:25,2.1,250,321650
20240129,09:19:27,2.1,500,321650
20240129,09:19:33,2.1,50,321650
20240129,09:19:42,2.1,1800,321650
20240129,09:19:45,2.1,3100,321650
20240129,09:19:51,2.15,2000,321650
20240129,09:19:56,2.1,1850,321650
20240129,09:19:58,2.1,450,321650
20240129,09:19:59,2.1,50,321650
20240129,09:20:00,2.05,200,321650
20240129,09:20:07,2.1,200,321200
20240129,09:20:10,2.1,100,321200
20240129,09:20:14,2.1,50,321200
20240129,09:20:16,2.05,250,321200
20240129,09:20:17,2.1,100,321200
20240129,09:20:21,2.1,250,321200
20240129,09:20:22,2.1,250,321200
20240129,09:20:23,2.1,500,321200
20240129,09:20:25,2.05,650,321200
20240129,09:20:25,2.1,250,321200
20240129,09:20:27,2.1,200,321200
20240129,09:20:29,2.1,1950,321200
20240129,09:20:33,2.1,600,321200
20240129,09:20:35,2.1,50,321200
20240129,09:20:39,2.15,250,321200
20240129,09:20:40,2.15,250,321200
20240129,09:20:42,2.15,250,321200
20240129,09:20:43,2.2,2300,321200
20240129,09:20:46,2.25,9700,321200
20240129,09:20:46,2.25,4600,321200
20240129,09:20:47,2.25,1000,321200
20240129,09:20:49,2.25,850,321200
20240129,09:20:49,2.25,400,321200
20240129,09:20:50,2.25,4400,321200
20240129,09:20:56,2.25,1950,321200
20240129,09:20:57,2.3,1950,321200
20240129,09:21:05,2.25,800,321200
20240129,09:21:07,2.25,750,321200
20240129,09:21:09,2.25,1500,321200
20240129,09:21:09,2.3,500,321200
20240129,09:21:11,2.3,1900,321200
20240129,09:21:12,2.3,1950,321200
20240129,09:21:14,2.35,2300,321200
20240129,09:21:18,2.3,1500,321200
20240129,09:21:20,2.35,9450,321200
20240129,09:21:32,2.4,400,321200
20240129,09:21:34,2.35,550,321200
20240129,09:21:36,2.4,600,321200
20240129,09:21:37,2.35,1800,321200
20240129,09:21:39,2.35,50,321200
20240129,09:21:40,2.35,400,321200
20240129,09:21:45,2.35,450,321200
20240129,09:21:47,2.3,50,321200
20240129,09:21:50,2.3,1100,321200
20240129,09:21:51,2.3,450,321200
20240129,09:21:54,2.25,250,321200
20240129,09:21:55,2.3,3500,321200
20240129,09:21:56,2.3,3350,321200
20240129,09:22:00,2.3,1800,321200
20240129,09:22:04,2.35,100,321200
20240129,09:22:05,2.3,250,321200
20240129,09:22:06,2.3,500,321200
20240129,09:22:07,2.3,4000,321200
20240129,09:22:08,2.3,50,321200
20240129,09:22:33,2.25,850,321200
20240129,09:22:45,2.3,50,321200
20240129,09:22:46,2.25,50,321200
20240129,09:22:51,2.25,50,321200
20240129,09:22:56,2.25,250,321200
20240129,09:22:57,2.25,200,321200
20240129,09:23:00,2.25,200,321200
20240129,09:23:02,2.25,200,321200
20240129,09:23:06,2.25,500,321200
20240129,09:23:07,2.3,100,321200
20240129,09:23:10,2.25,1000,331400
20240129,09:23:15,2.25,1500,331400
20240129,09:23:16,2.2,900,331400
20240129,09:23:17,2.25,2500,331400
20240129,09:23:18,2.25,300,331400
20240129,09:23:34,2.25,200,331400
20240129,09:23:41,2.25,600,331400
20240129,09:23:42,2.25,300,331400
20240129,09:23:55,2.25,350,331400
20240129,09:24:00,2.25,300,331400
20240129,09:24:01,2.25,2550,331400
20240129,09:24:02,2.25,2800,331400
20240129,09:24:09,2.3,50,331400
20240129,09:24:36,2.25,200,331400
20240129,09:25:07,2.3,800,331400
20240129,09:25:08,2.3,300,331400
20240129,09:25:10,2.3,1800,331400
20240129,09:25:12,2.3,1000,331400
20240129,09:25:13,2.35,250,331400
20240129,09:25:14,2.35,450,331400
20240129,09:25:15,2.35,900,331400
20240129,09:25:17,2.35,200,331400
20240129,09:25:19,2.35,200,331400
20240129,09:25:20,2.4,250,331400
20240129,09:25:21,2.35,200,331400
20240129,09:25:22,2.35,1000,331400
20240129,09:25:24,2.35,200,331400
20240129,09:25:28,2.35,1800,331400
20240129,09:25:30,2.35,1250,331400
20240129,09:25:39,2.35,150,331400
20240129,09:25:40,2.4,100,331400
20240129,09:25:42,2.35,1000,331400
20240129,09:25:45,2.35,3900,331400
20240129,09:25:46,2.35,350,331400
20240129,09:25:50,2.35,250,331400
20240129,09:25:53,2.35,1250,331400
20240129,09:26:02,2.35,1800,331400
20240129,09:26:05,2.35,1800,331400
20240129,09:26:10,2.35,4000,339950
20240129,09:26:18,2.3,1250,339950
20240129,09:26:19,2.35,2000,339950
20240129,09:26:21,2.35,900,339950
20240129,09:26:22,2.3,100,339950
20240129,09:26:23,2.35,500,339950
20240129,09:26:25,2.3,1800,339950
20240129,09:26:33,2.35,1800,339950
20240129,09:26:44,2.3,1500,339950
20240129,09:26:45,2.3,1000,339950
20240129,09:26:52,2.35,2000,339950
20240129,09:26:54,2.3,500,339950
20240129,09:27:11,2.3,600,339950
20240129,09:27:13,2.35,250,339950
20240129,09:27:18,2.35,1800,339950
20240129,09:27:21,2.35,1800,339950
20240129,09:27:27,2.3,500,339950
20240129,09:27:33,2.35,250,339950
20240129,09:27:39,2.35,50,339950
20240129,09:27:44,2.35,5800,339950
20240129,09:27:45,2.35,1400,339950
20240129,09:27:46,2.35,550,339950
20240129,09:27:47,2.35,1250,339950
20240129,09:27:48,2.4,1500,339950
20240129,09:27:59,2.35,500,339950
20240129,09:28:00,2.35,250,339950
20240129,09:28:06,2.35,50,339950
20240129,09:28:16,2.35,150,339950
20240129,09:28:17,2.35,50,339950
20240129,09:28:18,2.35,550,339950
20240129,09:28:19,2.3,300,339950
20240129,09:28:24,2.3,250,339950
20240129,09:28:25,2.3,500,339950
20240129,09:28:26,2.3,250,339950
20240129,09:28:28,2.3,2000,339950
20240129,09:28:29,2.3,100,339950
20240129,09:28:30,2.3,1150,339950
20240129,09:28:31,2.3,100,339950
20240129,09:28:32,2.3,50,339950
20240129,09:28:41,2.3,50,339950
20240129,09:28:48,2.25,50,339950
20240129,09:28:50,2.3,50,339950
20240129,09:28:59,2.25,300,339950
20240129,09:29:00,2.25,1550,339950
20240129,09:29:02,2.25,300,339950
20240129,09:29:03,2.25,300,339950
20240129,09:29:04,2.25,1550,339950
20240129,09:29:05,2.25,1800,339950
20240129,09:29:17,2.3,50,356650
20240129,09:29:19,2.3,50,356650
20240129,09:29:27,2.3,100,356650
20240129,09:29:32,2.3,1800,356650
20240129,09:29:42,2.3,50,356650
20240129,09:29:44,2.25,1700,356650
20240129,09:29:48,2.25,250,356650
20240129,09:29:51,2.25,50,356650
20240129,09:30:01,2.25,1350,356650
20240129,09:30:05,2.2,3900,356650
20240129,09:30:09,2.15,600,356650
20240129,09:30:14,2.2,500,356650
20240129,09:30:23,2.15,50,356650
20240129,09:30:23,2.15,2100,356650
20240129,09:30:24,2.15,350,356650
20240129,09:30:25,2.15,1700,356650
20240129,09:30:26,2.15,950,356650
20240129,09:30:27,2.15,200,356650
20240129,09:30:29,2.15,50,356650
20240129,09:30:30,2.15,1800,356650
20240129,09:30:31,2.15,1750,356650
20240129,09:30:32,2.15,1250,356650
20240129,09:30:39,2.15,1000,356650
20240129,09:30:42,2.15,50,356650
20240129,09:30:47,2.15,750,356650
20240129,09:30:53,2.15,200,356650
20240129,09:30:54,2.1,2450,356650
20240129,09:30:55,2.1,200,356650
20240129,09:30:57,2.1,800,356650
20240129,09:30:58,2.1,850,356650
20240129,09:30:58,2.1,50,356650
20240129,09:30:59,2.1,1800,356650
20240129,09:31:01,2.15,1350,356650
20240129,09:31:26,2.1,500,356650
20240129,09:31:28,2.1,600,356650
20240129,09:31:31,2.1,50,356650
20240129,09:31:39,2.1,1800,356650
20240129,09:31:40,2.1,1800,356650
20240129,09:31:41,2.1,1000,356650
20240129,09:31:47,2.15,250,356650
20240129,09:32:01,2.15,650,356650
20240129,09:32:02,2.1,600,356650
20240129,09:32:05,2.1,50,356650
20240129,09:32:05,2.1,1200,356650
20240129,09:32:06,2.1,250,356650
20240129,09:32:08,2.1,250,356650
20240129,09:32:16,2.05,500,361000
20240129,09:32:16,2.1,1800,361000
20240129,09:32:33,2.1,1800,361000
20240129,09:32:35,2.05,2000,361000
20240129,09:32:47,2.1,1000,361000
20240129,09:32:57,2.05,1750,361000
20240129,09:32:58,2.1,300,361000
20240129,09:33:01,2.05,250,361000
20240129,09:33:02,2.1,3250,361000
20240129,09:33:12,2.1,1950,361000
20240129,09:33:14,2.05,2550,361000
20240129,09:33:15,2.05,3600,361000
20240129,09:33:21,2.05,900,361000
20240129,09:33:22,2.05,300,361000
20240129,09:33:24,2.05,100,361000
20240129,09:33:25,2.05,200,361000
20240129,09:33:33,2.05,250,361000
20240129,09:33:48,2.1,1750,361000
20240129,09:33:57,2.05,500,361000
20240129,09:34:01,2.1,3250,361000
20240129,09:34:08,2.1,2550,361000
20240129,09:34:09,2.1,600,361000
20240129,09:34:14,2.15,3000,361000
20240129,09:34:20,2.15,2150,361000
20240129,09:34:26,2.2,500,361000
20240129,09:34:38,2.2,50,361000
20240129,09:34:40,2.15,150,361000
20240129,09:34:45,2.15,1750,361000
20240129,09:34:47,2.15,50,361000
20240129,09:34:48,2.2,450,361000
20240129,09:34:49,2.15,50,361000
20240129,09:34:50,2.15,50,361000
20240129,09:34:52,2.2,50,361000
20240129,09:35:00,2.15,3200,361000
20240129,09:35:01,2.15,650,361000
20240129,09:35:03,2.15,300,361000
20240129,09:35:24,2.1,50,366250
20240129,09:35:29,2.1,1800,366250
20240129,09:35:47,2.1,250,366250
20240129,09:36:16,2.1,300,366250
20240129,09:36:33,2.05,250,366250
20240129,09:36:42,2.05,3600,366250
20240129,09:36:43,2.05,300,366250
20240129,09:36:44,2.05,350,366250
20240129,09:36:46,2.05,350,366250
20240129,09:36:47,2.05,300,366250
20240129,09:36:55,2.05,50,366250
20240129,09:36:58,2.1,2450,366250
20240129,09:37:02,2.1,800,366250
20240129,09:37:04,2.05,100,366250
20240129,09:37:10,2.1,200,366250
20240129,09:37:18,2.05,250,366250
20240129,09:37:28,2.1,50,366250
20240129,09:37:48,2.1,250,366250
20240129,09:37:54,2.05,250,366250
20240129,09:37:58,2.1,250,366250
20240129,09:38:14,2.05,1950,365800
20240129,09:38:15,2.05,3600,365800
20240129,09:38:16,2.05,2850,365800
20240129,09:38:17,2.05,300,365800
20240129,09:38:24,2.0,100,365800
20240129,09:39:45,2.0,50,365800
20240129,09:39:47,2.0,1800,365800
20240129,09:39:47,2.05,2050,365800
20240129,09:39:48,2.0,1800,365800
20240129,09:39:49,2.0,3600,365800
20240129,09:39:50,2.0,1000,365800
20240129,09:39:51,2.05,1900,365800
20240129,09:39:56,2.0,900,365800
20240129,09:40:00,2.05,1800,365800
20240129,09:40:01,2.05,50,365800
20240129,09:40:04,2.05,350,365800
20240129,09:40:10,2.05,1800,365800
20240129,09:40:11,2.05,50,365800
20240129,09:40:14,2.05,1800,365800
20240129,09:40:15,2.05,1800,365800
20240129,09:40:17,2.05,1900,365800
20240129,09:40:18,2.05,3600,365800
20240129,09:40:19,2.05,1400,365800
20240129,09:40:26,2.1,50,365800
20240129,09:40:28,2.1,100,365800
20240129,09:40:36,2.1,100,365800
20240129,09:40:38,2.05,50,365800
20240129,09:40:44,2.05,300,365800
20240129,09:40:52,2.05,3800,365800
20240129,09:40:54,2.05,350,365800
20240129,09:40:55,2.1,1800,365800
20240129,09:41:01,2.1,750,365800
20240129,09:41:15,2.05,300,365800
20240129,09:41:46,2.1,3600,381000
20240129,09:41:48,2.15,750,381000
20240129,09:41:49,2.1,250,381000
20240129,09:41:54,2.1,50,381000
20240129,09:41:57,2.1,50,381000
20240129,09:42:01,2.15,1300,381000
20240129,09:42:05,2.1,50,381000
20240129,09:42:13,2.1,200,381000
20240129,09:42:18,2.1,2100,381000
20240129,09:42:20,2.1,1700,381000
20240129,09:42:23,2.1,50,381000
20240129,09:42:27,2.15,50,381000
20240129,09:42:33,2.1,1000,381000
20240129,09:42:37,2.1,700,381000
20240129,09:42:39,2.1,250,381000
20240129,09:42:43,2.1,250,381000
20240129,09:43:02,2.05,400,381000
20240129,09:43:05,2.05,1800,381000
20240129,09:43:08,2.05,1800,381000
20240129,09:43:21,2.1,1800,381000
20240129,09:43:25,2.1,1800,381000
20240129,09:43:30,2.1,1950,381000
20240129,09:43:32,2.1,1450,381000
20240129,09:43:32,2.15,1800,381000
20240129,09:43:34,2.1,1800,381000
20240129,09:43:35,2.1,5800,381000
20240129,09:43:36,2.1,3600,381000
20240129,09:43:37,2.1,300,381000
20240129,09:43:41,2.1,1000,381000
20240129,09:43:48,2.15,3600,381000
20240129,09:43:51,2.1,750,381000
20240129,09:44:04,2.15,1800,381000
20240129,09:44:22,2.15,50,405250
20240129,09:44:23,2.15,250,405250
20240129,09:44:26,2.2,1800,405250
20240129,09:45:01,2.2,650,405250
20240129,09:45:05,2.15,7200,405250
20240129,09:45:06,2.2,3600,405250
20240129,09:45:11,2.2,1800,405250
20240129,09:45:23,2.2,1800,405250
20240129,09:45:41,2.15,50,405250
20240129,09:45:42,2.15,50,405250
20240129,09:45:44,2.2,250,405250
20240129,09:45:46,2.2,100,405250
20240129,09:45:48,2.2,500,405250
20240129,09:46:00,2.2,1800,405250
20240129,09:46:01,2.2,650,405250
20240129,09:46:09,2.15,1800,405250
20240129,09:46:13,2.15,1800,405250
20240129,09:46:21,2.2,1800,405250
20240129,09:46:23,2.15,500,405250
20240129,09:46:34,2.15,150,405250
20240129,09:46:38,2.15,50,405250
20240129,09:46:45,2.15,50,405250
20240129,09:46:46,2.15,50,405250
20240129,09:46:48,2.2,500,405250
20240129,09:46:50,2.2,50,405250
20240129,09:47:01,2.2,1300,405250
20240129,09:47:34,2.2,250,405250
20240129,09:47:45,2.25,50,412850
20240129,09:47:46,2.2,1800,412850
20240129,09:47:47,2.2,200,412850
20240129,09:47:53,2.2,1800,412850
20240129,09:47:56,2.25,200,412850
20240129,09:48:02,2.2,100,412850
20240129,09:48:09,2.2,1550,412850
20240129,09:48:15,2.2,50,412850
20240129,09:48:31,2.25,300,412850
20240129,09:48:38,2.2,50,412850
20240129,09:48:54,2.25,1500,412850
20240129,09:48:58,2.25,50,412850
20240129,09:49:18,2.2,300,412850
20240129,09:49:29,2.2,200,412850
20240129,09:49:35,2.2,100,412850
20240129,09:49:36,2.2,100,412850
20240129,09:49:37,2.2,2250,412850
20240129,09:49:47,2.25,250,412850
20240129,09:50:05,2.25,7350,412850
20240129,09:50:08,2.25,11700,412850
20240129,09:50:10,2.25,50,412850
20240129,09:50:12,2.25,50,423800
20240129,09:50:14,2.25,100,423800
20240129,09:50:16,2.25,50,423800
20240129,09:50:21,2.25,200,423800
20240129,09:50:22,2.3,10750,423800
20240129,09:50:23,2.25,1800,423800
20240129,09:50:27,2.3,1800,423800
20240129,09:50:32,2.3,1800,423800
20240129,09:50:36,2.3,4850,423800
20240129,09:50:36,2.3,250,423800
20240129,09:50:37,2.3,1000,423800
20240129,09:50:45,2.25,50,423800
20240129,09:50:46,2.25,100,423800
20240129,09:50:47,2.25,50,423800
20240129,09:50:48,2.25,100,423800
20240129,09:50:49,2.25,50,423800
20240129,09:50:51,2.25,50,423800
20240129,09:50:53,2.25,3450,423800
20240129,09:51:16,2.35,13400,423800
20240129,09:51:17,2.3,250,423800
20240129,09:51:22,2.35,7700,423800
20240129,09:51:23,2.35,2200,423800
20240129,09:51:24,2.35,600,423800
20240129,09:51:27,2.3,50,423800
20240129,09:51:51,2.35,1800,423800
20240129,09:52:00,2.3,500,423800
20240129,09:52:04,2.3,400,423800
20240129,09:52:14,2.3,50,423800
20240129,09:52:22,2.35,1800,423800
20240129,09:52:35,2.3,1850,423800
20240129,09:52:36,2.3,1900,423800
20240129,09:52:51,2.35,12550,423800
20240129,09:52:52,2.4,1800,423800
20240129,09:53:02,2.35,50,423800
20240129,09:53:29,2.35,50,424500
20240129,09:53:31,2.35,100,424500
20240129,09:53:50,2.35,250,424500
20240129,09:54:02,2.35,1800,424500
20240129,09:54:20,2.35,450,424500
20240129,09:54:21,2.3,400,424500
20240129,09:54:43,2.3,13700,424500
20240129,09:54:48,2.3,100,424500
20240129,09:54:49,2.3,50,424500
20240129,09:54:51,2.35,100,424500
20240129,09:54:52,2.3,50,424500
20240129,09:55:05,2.35,50,424500
20240129,09:55:07,2.3,1800,424500
20240129,09:55:08,2.35,350,424500
20240129,09:55:21,2.35,4850,424500
20240129,09:55:50,2.35,50,424500
20240129,09:56:26,2.35,1700,427000
20240129,09:56:31,2.4,200,427000
20240129,09:56:42,2.4,100,427000
20240129,09:57:03,2.35,2150,427000
20240129,09:57:04,2.35,1400,427000
20240129,09:57:12,2.4,50,427000
20240129,09:57:36,2.35,250,427000
20240129,09:57:41,2.35,2900,427000
20240129,09:57:44,2.4,400,427000
20240129,09:57:48,2.35,1800,427000
20240129,09:58:04,2.4,16550,427000
20240129,09:58:07,2.4,6150,427000
20240129,09:58:11,2.4,1800,427000
20240129,09:58:12,2.35,1200,427000
20240129,09:58:34,2.35,500,427000
20240129,09:58:36,2.35,50,427000
20240129,09:58:38,2.3,7850,427000
20240129,09:58:39,2.35,50,427000
20240129,09:58:40,2.35,100,427000
20240129,09:58:41,2.35,50,427000
20240129,09:58:57,2.3,3200,427000
20240129,09:59:01,2.3,1750,427000
20240129,09:59:07,2.3,100,427000
20240129,09:59:08,2.3,350,427000
20240129,09:59:09,2.3,100,427000
20240129,09:59:13,2.3,500,428300
20240129,09:59:15,2.3,2200,428300
20240129,09:59:17,2.3,400,428300
20240129,09:59:34,2.25,4650,428300
20240129,09:59:35,2.25,250,428300
20240129,09:59:37,2.25,250,428300
20240129,09:59:38,2.25,500,428300
20240129,09:59:45,2.25,3100,428300
20240129,09:59:46,2.25,1800,428300
20240129,09:59:47,2.25,1800,428300
20240129,09:59:48,2.25,1800,428300
20240129,09:59:49,2.25,3600,428300
20240129,09:59:50,2.25,1800,428300
20240129,09:59:51,2.25,25250,428300
20240129,09:59:54,2.25,1800,428300
20240129,09:59:57,2.25,1800,428300
20240129,10:00:00,2.25,1800,428300
20240129,10:00:01,2.25,50,428300
20240129,10:00:02,2.25,2250,428300
20240129,10:00:04,2.25,400,428300
20240129,10:00:05,2.25,700,428300
20240129,10:00:06,2.3,700,428300
20240129,10:00:08,2.3,350,428300
20240129,10:00:10,2.3,700,428300
20240129,10:00:11,2.3,150,428300
20240129,10:00:12,2.3,350,428300
20240129,10:00:14,2.35,10800,428300
20240129,10:00:16,2.35,700,428300
20240129,10:00:19,2.35,1950,428300
20240129,10:00:20,2.35,2450,428300
20240129,10:00:23,2.4,150,428300
20240129,10:00:25,2.4,1600,428300
20240129,10:00:26,2.4,6400,428300
20240129,10:00:27,2.4,2350,428300
20240129,10:00:48,2.4,250,428300
20240129,10:01:06,2.4,1800,428300
20240129,10:01:14,2.35,5000,428300
20240129,10:01:28,2.35,50,428300
20240129,10:01:47,2.35,350,428300
20240129,10:01:48,2.35,1600,428300
20240129,10:01:49,2.35,300,428300
20240129,10:01:50,2.35,150,428300
20240129,10:01:51,2.35,100,428300
20240129,10:01:52,2.35,100,428300
20240129,10:01:53,2.35,50,428300
20240129,10:01:54,2.35,150,428300
20240129,10:01:55,2.35,300,428300
20240129,10:01:56,2.35,100,428300
20240129,10:01:57,2.35,50,428300
20240129,10:01:58,2.35,100,428300
20240129,10:02:01,2.35,50,428300
20240129,10:02:07,2.35,650,428300
20240129,10:02:08,2.35,450,428300
20240129,10:02:09,2.35,150,428300
20240129,10:02:10,2.35,150,428300
20240129,10:02:11,2.35,50,428300
20240129,10:02:12,2.35,150,428300
20240129,10:02:13,2.4,2350,435100
20240129,10:02:14,2.4,5150,435100
20240129,10:02:15,2.4,35550,435100
20240129,10:02:16,2.4,50,435100
20240129,10:02:17,2.4,50,435100
20240129,10:02:34,2.4,14000,435100
20240129,10:02:41,2.4,1450,435100
20240129,10:02:42,2.4,550,435100
20240129,10:02:43,2.4,150,435100
20240129,10:02:44,2.4,50,435100
20240129,10:02:45,2.4,100,435100
20240129,10:02:46,2.4,150,435100
20240129,10:02:47,2.4,100,435100
20240129,10:02:49,2.4,150,435100
20240129,10:02:49,2.4,50,435100
20240129,10:02:50,2.4,100,435100
20240129,10:02:52,2.45,50,435100
20240129,10:03:07,2.4,1800,435100
20240129,10:03:08,2.4,3600,435100
20240129,10:03:09,2.4,3600,435100
20240129,10:03:10,2.4,1050,435100
20240129,10:03:13,2.4,1800,435100
20240129,10:03:14,2.4,1800,435100
20240129,10:03:15,2.4,4350,435100
20240129,10:03:19,2.4,50,435100
20240129,10:03:20,2.35,50,435100
20240129,10:03:21,2.4,50,435100
20240129,10:03:32,2.35,1200,435100
20240129,10:03:33,2.4,1800,435100
20240129,10:03:34,2.35,1000,435100
20240129,10:03:35,2.35,1500,435100
20240129,10:03:36,2.35,850,435100
20240129,10:03:37,2.35,150,435100
20240129,10:03:38,2.35,150,435100
20240129,10:03:39,2.35,100,435100
20240129,10:03:40,2.35,100,435100
20240129,10:03:41,2.35,100,435100
20240129,10:03:42,2.35,100,435100
20240129,10:03:43,2.35,100,435100
20240129,10:03:44,2.35,150,435100
20240129,10:03:51,2.4,150,435100
20240129,10:04:04,2.35,350,435100
20240129,10:04:04,2.35,500,435100
20240129,10:04:06,2.35,300,435100
20240129,10:04:07,2.35,50,435100
20240129,10:04:08,2.35,150,435100
20240129,10:04:08,2.35,100,435100
20240129,10:04:09,2.35,100,435100
20240129,10:04:11,2.35,150,435100
20240129,10:04:12,2.35,100,435100
20240129,10:04:13,2.35,100,435100
20240129,10:04:13,2.35,50,435100
20240129,10:04:37,2.35,50,435100
20240129,10:04:48,2.4,50,435100
20240129,10:04:51,2.35,100,435100
20240129,10:04:54,2.4,50,435100
20240129,10:04:55,2.35,400,435100
20240129,10:05:02,2.35,100,435100
20240129,10:05:04,2.35,1800,435100
20240129,10:05:07,2.35,400,435100
20240129,10:05:09,2.4,250,435100
20240129,10:05:14,2.35,150,452150
20240129,10:05:18,2.4,250,452150
20240129,10:05:22,2.35,1800,452150
20240129,10:05:23,2.35,5700,452150
20240129,10:05:26,2.35,100,452150
20240129,10:05:27,2.35,1750,452150
20240129,10:05:28,2.4,200,452150
20240129,10:05:30,2.35,350,452150
20240129,10:05:36,2.35,200,452150
20240129,10:05:47,2.35,450,452150
20240129,10:05:48,2.35,100,452150
20240129,10:05:50,2.35,200,452150
20240129,10:05:57,2.35,50,452150
20240129,10:06:03,2.35,200,452150
20240129,10:06:08,2.4,50,452150
20240129,10:06:15,2.35,200,452150
20240129,10:06:20,2.35,500,452150
20240129,10:06:25,2.35,150,452150
20240129,10:06:27,2.35,750,452150
20240129,10:06:30,2.35,500,452150
20240129,10:06:34,2.35,1200,452150
20240129,10:06:49,2.3,200,452150
20240129,10:06:50,2.3,50,452150
20240129,10:06:52,2.3,150,452150
20240129,10:07:02,2.3,50,452150
20240129,10:07:07,2.35,350,452150
20240129,10:07:18,2.35,50,452150
20240129,10:07:22,2.3,1000,452150
20240129,10:07:32,2.3,50,452150
20240129,10:07:37,2.35,50,452150
20240129,10:08:22,2.3,1800,460500
20240129,10:08:23,2.35,5200,460500
20240129,10:08:24,2.3,1800,460500
20240129,10:08:32,2.3,2800,460500
20240129,10:08:33,2.3,1850,460500
20240129,10:08:38,2.3,1800,460500
20240129,10:08:40,2.3,450,460500
20240129,10:08:43,2.3,2450,460500
20240129,10:08:46,2.3,50,460500
20240129,10:08:50,2.3,1750,460500
20240129,10:08:59,2.3,50,460500
20240129,10:09:02,2.3,50,460500
20240129,10:09:20,2.3,2100,460500
20240129,10:09:46,2.25,300,460500
20240129,10:09:51,2.3,50,460500
20240129,10:09:55,2.3,50,460500
20240129,10:10:18,2.3,250,460500
20240129,10:10:20,2.3,300,460500
20240129,10:10:29,2.3,300,460500
20240129,10:10:41,2.3,250,460500
20240129,10:10:42,2.3,50,460500
20240129,10:10:45,2.3,50,460500
20240129,10:10:48,2.25,300,460500
20240129,10:10:57,2.25,9650,460500
20240129,10:10:59,2.25,550,460500
20240129,10:11:01,2.3,650,460500
20240129,10:11:05,2.3,50,460500
20240129,10:11:06,2.25,50,460500
20240129,10:11:30,2.25,4050,460500
20240129,10:11:55,2.2,50,472450
20240129,10:13:01,2.25,150,472450
20240129,10:13:11,2.25,250,472450
20240129,10:13:17,2.25,3600,472450
20240129,10:13:17,2.25,300,472450
20240129,10:13:18,2.25,250,472450
20240129,10:13:22,2.25,100,472450
20240129,10:13:40,2.2,100,472450
20240129,10:13:42,2.25,50,472450
20240129,10:14:01,2.2,450,472450
20240129,10:14:13,2.25,300,472450
20240129,10:14:34,2.2,1800,467200
20240129,10:14:49,2.25,50,467200
20240129,10:15:01,2.25,150,467200
20240129,10:15:02,2.25,150,467200
20240129,10:15:11,2.25,150,467200
20240129,10:15:23,2.25,500,467200
20240129,10:15:27,2.2,1800,467200
20240129,10:15:31,2.2,2200,467200
20240129,10:16:10,2.2,1650,467200
20240129,10:16:14,2.15,50,467200
20240129,10:16:34,2.2,50,467200
20240129,10:17:10,2.2,1850,467200
20240129,10:17:48,2.2,50,470850
20240129,10:17:52,2.2,50,470850
20240129,10:17:56,2.2,50,470850
20240129,10:18:04,2.2,50,470850
20240129,10:18:20,2.15,10400,470850
20240129,10:18:21,2.15,6750,470850
20240129,10:18:34,2.15,1800,470850
20240129,10:18:46,2.15,1800,470850
20240129,10:19:12,2.15,50,470850
20240129,10:20:23,2.15,1800,472600
20240129,10:20:25,2.2,150,472600
20240129,10:20:30,2.15,450,472600
20240129,10:20:31,2.15,50,472600
20240129,10:20:36,2.15,9300,472600
20240129,10:20:39,2.15,1550,472600
20240129,10:20:39,2.15,500,472600
20240129,10:20:46,2.15,1800,472600
20240129,10:20:47,2.15,1800,472600
20240129,10:20:49,2.15,1800,472600
20240129,10:20:50,2.15,3350,472600
20240129,10:22:00,2.2,100,472600
20240129,10:22:06,2.2,100,472600
20240129,10:22:11,2.2,100,472600
20240129,10:22:13,2.2,50,472600
20240129,10:22:15,2.2,50,472600
20240129,10:22:53,2.2,200,472600
20240129,10:23:01,2.2,50,472600
20240129,10:24:10,2.15,50,469100
20240129,10:24:49,2.2,100,469100
20240129,10:24:50,2.2,200,469100
20240129,10:25:00,2.2,150,469100
20240129,10:25:05,2.2,300,469100
20240129,10:25:47,2.2,650,469100
20240129,10:26:00,2.2,50,469100
20240129,10:26:32,2.2,500,468100
20240129,10:26:54,2.2,300,468100
20240129,10:27:10,2.2,100,468100
20240129,10:27:11,2.2,50,468100
20240129,10:27:57,2.15,500,468100
20240129,10:27:59,2.15,250,468100
20240129,10:29:05,2.2,350,468100
20240129,10:29:08,2.2,300,468100
20240129,10:29:29,2.15,250,468100
20240129,10:29:48,2.2,100,468750
20240129,10:30:01,2.15,100,468750
20240129,10:30:02,2.2,700,468750
20240129,10:30:05,2.2,1000,468750
20240129,10:30:13,2.2,150,468750
20240129,10:30:15,2.2,150,468750
20240129,10:30:20,2.2,1800,468750
20240129,10:30:23,2.15,150,468750
20240129,10:30:24,2.2,50,468750
20240129,10:30:25,2.2,50,468750
20240129,10:30:27,2.2,500,468750
20240129,10:30:29,2.2,500,468750
20240129,10:31:02,2.15,50,468750
20240129,10:31:23,2.15,250,468750
20240129,10:31:38,2.15,2100,468750
20240129,10:31:44,2.15,1750,468750
20240129,10:31:48,2.15,1800,468750
20240129,10:31:50,2.15,3800,468750
20240129,10:32:16,2.15,550,468750
20240129,10:32:17,2.1,50,468750
20240129,10:32:45,2.15,1800,470800
20240129,10:32:52,2.15,100,470800
20240129,10:33:13,2.15,150,470800
20240129,10:33:15,2.15,1800,470800
20240129,10:33:20,2.15,600,470800
20240129,10:33:25,2.2,1150,470800
20240129,10:33:52,2.15,1800,470800
20240129,10:34:40,2.15,1700,470800
20240129,10:35:09,2.15,200,470800
20240129,10:35:14,2.15,350,470800
20240129,10:35:16,2.15,400,470800
20240129,10:35:20,2.15,350,476050
20240129,10:35:23,2.15,150,476050
20240129,10:36:19,2.15,1800,476050
20240129,10:36:21,2.15,100,476050
20240129,10:36:26,2.15,200,476050
20240129,10:36:27,2.1,1000,476050
20240129,10:36:29,2.15,1150,476050
20240129,10:36:44,2.15,400,476050
20240129,10:36:51,2.15,50,476050
20240129,10:37:39,2.2,950,476050
20240129,10:38:03,2.15,350,476050
20240129,10:38:16,2.15,1800,476050
20240129,10:38:19,2.15,600,472850
20240129,10:38:23,2.15,1350,472850
20240129,10:38:28,2.15,50,472850
20240129,10:38:29,2.15,150,472850
20240129,10:38:40,2.15,1000,472850
20240129,10:38:43,2.15,50,472850
20240129,10:38:43,2.2,50,472850
20240129,10:38:45,2.15,900,472850
20240129,10:39:15,2.1,50,472850
20240129,10:39:46,2.15,50,472850
20240129,10:39:47,2.15,50,472850
20240129,10:39:48,2.1,400,472850
20240129,10:39:49,2.15,800,472850
20240129,10:39:50,2.15,50,472850
20240129,10:40:07,2.15,150,472850
20240129,10:40:13,2.15,150,472850
20240129,10:40:15,2.15,150,472850
20240129,10:40:24,2.15,350,472850
20240129,10:40:27,2.15,50,472850
20240129,10:40:28,2.15,50,472850
20240129,10:40:30,2.15,50,472850
20240129,10:40:33,2.15,1600,472850
20240129,10:40:37,2.15,50,472850
20240129,10:40:43,2.15,50,472850
20240129,10:41:01,2.15,950,472850
20240129,10:41:18,2.2,1000,472850
20240129,10:41:39,2.2,500,472600
20240129,10:41:42,2.15,100,472600
20240129,10:41:43,2.15,50,472600
20240129,10:41:46,2.2,50,472600
20240129,10:41:49,2.15,50,472600
20240129,10:41:50,2.2,50,472600
20240129,10:42:00,2.2,50,472600
20240129,10:42:50,2.2,50,472600
20240129,10:42:55,2.15,50,472600
20240129,10:43:57,2.2,1200,472600
20240129,10:44:13,2.15,600,472600
20240129,10:44:23,2.15,50,470250
20240129,10:44:59,2.15,500,470250
20240129,10:45:03,2.2,1000,470250
20240129,10:45:07,2.15,150,470250
20240129,10:45:12,2.2,350,470250
20240129,10:45:25,2.15,50,470250
20240129,10:45:27,2.2,200,470250
20240129,10:45:29,2.15,200,470250
20240129,10:45:30,2.15,50,470250
20240129,10:46:25,2.15,50,470250
20240129,10:47:00,2.2,100,470250
20240129,10:47:02,2.15,2050,470250
20240129,10:48:23,2.15,50,470250
20240129,10:48:24,2.2,50,468750
20240129,10:49:35,2.2,250,468750
20240129,10:51:51,2.2,500,468750
20240129,10:52:47,2.15,50,468700
20240129,10:52:51,2.15,500,468700
20240129,10:53:11,2.2,1800,468700
20240129,10:53:12,2.2,1800,468700
20240129,10:53:14,2.2,1800,468700
20240129,10:53:15,2.2,1800,468700
20240129,10:53:16,2.2,1800,468700
20240129,10:53:19,2.2,600,468700
20240129,10:54:50,2.15,200,464550
20240129,10:55:05,2.15,150,464550
20240129,10:55:18,2.15,750,464550
20240129,10:55:23,2.15,150,464550
20240129,10:55:35,2.15,200,464550
20240129,10:56:13,2.2,100,464550
20240129,10:57:31,2.15,50,464550
20240129,10:57:48,2.2,50,463150
20240129,10:58:14,2.2,50,463150
20240129,10:58:47,2.15,50,463150
20240129,11:00:15,2.15,150,463150
20240129,11:00:25,2.15,150,463100
20240129,11:00:26,2.2,350,463100
20240129,11:00:26,2.2,1900,463100
20240129,11:00:29,2.2,10950,463100
20240129,11:00:30,2.2,750,463100
20240129,11:00:36,2.2,1800,463100
20240129,11:00:41,2.2,50,463100
20240129,11:00:51,2.2,50,463100
20240129,11:00:56,2.2,50,463100
20240129,11:01:30,2.2,50,463100
20240129,11:01:47,2.2,2050,463100
20240129,11:01:49,2.2,5400,463100
20240129,11:01:50,2.2,1600,463100
20240129,11:02:26,2.2,100,463100
20240129,11:02:31,2.2,50,470400
20240129,11:02:34,2.25,1800,470400
20240129,11:02:35,2.25,1800,470400
20240129,11:02:36,2.25,1800,470400
20240129,11:02:38,2.25,800,470400
20240129,11:04:19,2.2,50,470400
20240129,11:04:50,2.2,50,470400
20240129,11:05:53,2.2,100,464300
20240129,11:06:43,2.25,50,464300
20240129,11:07:02,2.2,250,464300
20240129,11:07:46,2.2,3600,464300
20240129,11:07:47,2.2,16850,464300
20240129,11:07:51,2.2,1800,464300
20240129,11:07:52,2.2,550,464300
20240129,11:07:59,2.2,400,464300
20240129,11:08:00,2.2,400,464300
20240129,11:08:00,2.2,1000,464300
20240129,11:08:05,2.2,1700,464300
20240129,11:08:06,2.2,250,464300
20240129,11:08:19,2.2,3900,464300
20240129,11:08:22,2.2,3600,481750
20240129,11:08:23,2.2,250,481750
20240129,11:09:53,2.2,50,481750
20240129,11:10:03,2.2,1400,481750
20240129,11:10:08,2.2,50,481750
20240129,11:10:21,2.2,200,481750
20240129,11:10:42,2.2,50,481750
20240129,11:12:40,2.15,100,482750
20240129,11:12:54,2.15,50,482750
20240129,11:13:25,2.15,100,482750
20240129,11:13:43,2.2,50,482750
20240129,11:14:48,2.2,400,482750
20240129,11:15:01,2.2,850,482900
20240129,11:15:05,2.2,200,482900
20240129,11:15:50,2.2,250,482900
20240129,11:15:51,2.2,250,482900
20240129,11:16:50,2.2,50,482900
20240129,11:17:13,2.2,1900,482900
20240129,11:19:08,2.15,1500,482900
20240129,11:19:10,2.15,1500,482800
20240129,11:19:11,2.15,1500,482800
20240129,11:19:23,2.15,50,482800
20240129,11:19:27,2.15,200,482800
20240129,11:19:35,2.15,200,482800
20240129,11:19:42,2.15,400,482800
20240129,11:19:47,2.2,1250,482800
20240129,11:19:48,2.2,950,482800
20240129,11:19:49,2.2,1200,482800
20240129,11:19:50,2.2,2600,482800
20240129,11:19:52,2.2,10850,482800
20240129,11:19:58,2.25,50,482800
20240129,11:19:59,2.25,50,482800
20240129,11:20:01,2.25,850,482800
20240129,11:20:03,2.25,800,482800
20240129,11:20:03,2.25,5750,482800
20240129,11:20:04,2.25,2550,482800
20240129,11:20:05,2.25,2000,482800
20240129,11:20:06,2.25,500,482800
20240129,11:20:07,2.25,300,482800
20240129,11:20:08,2.25,3300,482800
20240129,11:20:11,2.25,12650,482800
20240129,11:20:12,2.25,1200,482800
20240129,11:20:13,2.25,2300,482800
20240129,11:20:45,2.25,100,499300
20240129,11:20:56,2.25,200,499300
20240129,11:21:28,2.2,800,499300
20240129,11:21:31,2.2,7200,499300
20240129,11:21:34,2.2,2050,499300
20240129,11:22:17,2.15,50,499300
20240129,11:22:22,2.15,500,499300
20240129,11:22:42,2.15,50,499300
20240129,11:22:44,2.2,50,499300
20240129,11:23:34,2.2,50,500200
20240129,11:24:00,2.2,50,500200
20240129,11:24:43,2.2,200,500200
20240129,11:25:01,2.15,150,500200
20240129,11:25:03,2.15,150,500200
20240129,11:25:11,2.15,150,500200
20240129,11:26:00,2.2,50,500200
20240129,11:26:06,2.15,50,500200
20240129,11:27:30,2.15,50,500050
20240129,11:27:37,2.15,50,500050
20240129,11:27:41,2.15,1800,500050
20240129,11:27:41,2.15,2100,500050
20240129,11:27:53,2.1,400,500050
20240129,11:27:53,2.1,800,500050
20240129,11:28:25,2.1,5550,500050
20240129,11:28:38,2.1,50,500050
20240129,11:29:00,2.1,100,500050
20240129,11:29:10,2.05,6600,500050
20240129,11:29:21,2.05,1300,500050
20240129,11:29:21,2.0,50,500050
20240129,11:29:25,2.0,50,502650
20240129,11:29:28,2.05,300,502650
20240129,11:30:00,2.0,4100,502650
20240129,11:30:05,2.0,200,502650
20240129,11:30:07,2.0,400,502650
20240129,11:30:09,2.0,200,502650
20240129,11:30:11,2.0,200,502650
20240129,11:30:14,2.0,500,502650
20240129,11:30:25,2.0,200,502650
20240129,11:30:29,2.0,350,502650
20240129,11:30:35,1.95,3250,502650
20240129,11:30:41,1.95,500,502650
20240129,11:30:42,1.95,500,502650
20240129,11:30:50,1.95,1500,502650
20240129,11:31:01,1.95,1950,502650
20240129,11:31:11,1.95,550,502650
20240129,11:31:15,1.95,1800,502650
20240129,11:31:17,1.95,250,502650
20240129,11:31:21,1.95,550,502650
20240129,11:31:30,1.95,700,502650
20240129,11:31:45,1.95,1950,502650
20240129,11:31:48,1.95,4150,502650
20240129,11:31:53,1.95,1950,502650
20240129,11:32:00,1.95,1800,502650
20240129,11:32:27,1.9,1600,497200
20240129,11:33:05,1.95,750,497200
20240129,11:33:05,1.95,100,497200
20240129,11:33:09,1.95,100,497200
20240129,11:33:42,1.9,250,497200
20240129,11:33:48,1.95,50,497200
20240129,11:34:27,1.9,1000,497200
20240129,11:35:01,1.95,450,497200
20240129,11:35:07,1.9,200,497200
20240129,11:35:15,1.95,200,497200
20240129,11:35:25,1.95,200,497200
20240129,11:35:48,1.95,50,497000
20240129,11:36:11,1.95,50,497000
20240129,11:36:16,1.95,1600,497000
20240129,11:36:21,1.95,50,497000
20240129,11:36:38,1.95,650,497000
20240129,11:36:41,1.95,1000,497000
20240129,11:36:42,1.95,50,497000
20240129,11:37:07,1.95,500,497000
20240129,11:37:13,1.9,250,497000
20240129,11:37:22,1.95,1800,497000
20240129,11:37:23,1.95,8250,497000
20240129,11:37:24,1.95,500,497000
20240129,11:37:25,1.95,900,497000
20240129,11:37:26,1.95,300,497000
20240129,11:37:31,1.95,450,497000
20240129,11:37:35,1.95,450,497000
20240129,11:37:54,1.95,50,497000
20240129,11:37:55,1.95,600,497000
20240129,11:37:57,1.95,250,497000
20240129,11:38:04,1.95,550,497000
20240129,11:38:11,1.95,550,497000
20240129,11:38:20,1.95,550,497000
20240129,11:38:21,1.95,1100,497000
20240129,11:38:22,1.95,250,497000
20240129,11:38:23,1.95,500,497000
20240129,11:38:36,1.95,550,487700
20240129,11:39:34,1.95,1550,487700
20240129,11:39:48,1.95,1400,487700
20240129,11:39:49,2.0,400,487700
20240129,11:39:56,1.95,1000,487700
20240129,11:40:01,2.0,1700,487700
20240129,11:40:29,1.95,500,487700
20240129,11:40:32,1.95,500,487700
20240129,11:40:43,1.95,500,487700
20240129,11:41:14,1.95,1800,487700
20240129,11:42:27,1.95,500,482550
20240129,11:42:50,1.95,2800,482550
20240129,11:42:51,1.95,1800,482550
20240129,11:42:51,2.0,400,482550
20240129,11:42:52,2.0,1850,482550
20240129,11:43:02,1.95,50,482550
20240129,11:43:05,1.95,400,482550
20240129,11:43:08,2.0,50,482550
20240129,11:43:44,2.0,50,482550
20240129,11:43:59,1.95,1500,482550
20240129,11:44:01,1.95,1500,482550
20240129,11:44:20,1.95,2300,482550
20240129,11:44:21,1.95,200,482550
20240129,11:44:23,1.95,50,482550
20240129,11:44:23,1.95,1500,482550
20240129,11:44:31,1.95,1600,483000
20240129,11:44:34,1.95,600,483000
20240129,11:44:38,1.95,1500,483000
20240129,11:44:44,1.95,1800,483000
20240129,11:44:50,1.95,150,483000
20240129,11:44:54,1.95,1500,483000
20240129,11:45:04,1.95,50,483000
20240129,11:45:11,1.9,200,483000
20240129,11:45:16,1.95,1800,483000
20240129,11:45:28,1.95,350,483000
20240129,11:45:43,1.95,1500,483000
20240129,11:45:48,1.9,100,483000
20240129,11:46:18,1.95,50,483000
20240129,11:46:25,1.95,14400,483000
20240129,11:46:45,1.95,50,483000
20240129,11:46:56,1.95,1800,483000
20240129,11:47:07,1.95,550,483000
20240129,11:47:09,1.95,1350,483000
20240129,11:47:10,1.95,3600,483000
20240129,11:47:12,2.0,4000,483000
20240129,11:47:14,2.0,500,483000
20240129,11:47:34,2.0,50,458050
20240129,11:48:20,2.0,2200,458050
20240129,11:49:04,2.0,150,458050
20240129,11:49:29,2.0,100,458050
20240129,11:50:31,2.05,50,458050
20240129,11:50:31,2.05,50,458550
20240129,11:50:36,2.0,400,458550
20240129,11:51:13,2.0,50,458550
20240129,11:52:17,2.0,50,458550
20240129,11:52:50,2.0,50,458550
20240129,11:53:04,2.0,50,458550
20240129,11:53:05,2.0,50,458550
20240129,11:54:29,2.0,50,458700
20240129,11:54:37,2.0,150,458700
20240129,11:54:39,2.05,50,458700
20240129,11:54:50,2.05,100,458700
20240129,11:54:52,2.05,100,458700
20240129,11:55:01,2.05,200,458700
20240129,11:55:01,2.05,250,458700
20240129,11:55:04,2.05,1800,458700
20240129,11:55:05,2.05,1800,458700
20240129,11:55:07,2.05,200,458700
20240129,11:55:12,2.05,200,458700
20240129,11:55:17,2.05,400,458700
20240129,11:55:23,2.05,200,458700
20240129,11:55:33,2.05,250,458700
20240129,11:56:27,2.05,50,458700
20240129,11:57:50,2.05,50,456900
20240129,11:58:44,2.05,50,456900
20240129,11:58:50,2.05,100,456900
20240129,11:59:05,2.0,50,456900
20240129,11:59:08,2.05,50,456900
20240129,12:00:03,2.05,200,456900
20240129,12:00:18,2.05,50,456800
20240129,12:00:25,2.05,200,456800
20240129,12:00:27,2.05,200,456800
20240129,12:00:27,2.05,500,456800
20240129,12:00:38,2.0,300,456800
20240129,12:07:03,2.0,100,456800
20240129,12:07:12,2.0,100,456500
20240129,12:07:21,2.0,100,456500
20240129,12:07:40,2.05,50,456500
20240129,12:08:03,2.0,100,456500
20240129,12:08:12,2.0,100,456500
20240129,12:08:33,2.0,100,457000
20240129,12:08:42,2.0,150,457000
20240129,12:08:49,2.0,50,457000
20240129,12:08:56,2.0,100,457000
20240129,12:09:05,2.0,150,457000
20240129,12:09:10,2.0,50,457000
20240129,12:09:11,2.0,100,457000
20240129,12:09:30,2.0,100,457000
20240129,12:09:31,2.0,100,457000
20240129,12:09:42,2.0,100,457000
20240129,12:10:05,2.0,2100,457000
20240129,12:10:58,2.0,50,457000
20240129,12:11:03,2.0,250,457000
20240129,12:11:06,2.0,100,457000
20240129,12:11:11,2.0,250,457000
20240129,12:11:12,2.0,50,457000
20240129,12:11:17,2.0,50,457000
20240129,12:11:32,2.0,550,457000
20240129,12:11:33,2.0,250,457350
20240129,12:11:35,2.05,50,457350
20240129,12:12:53,2.0,50,457350
20240129,12:13:07,2.0,250,457350
20240129,12:14:01,2.0,50,457350
20240129,12:14:48,2.05,400,457350
20240129,12:15:01,2.05,850,458450
20240129,12:15:07,2.0,750,458450
20240129,12:15:11,2.0,100,458450
20240129,12:15:21,2.0,1850,458450
20240129,12:15:31,2.0,100,458450
20240129,12:15:33,2.0,850,458450
20240129,12:15:34,2.0,1650,458450
20240129,12:15:34,2.0,1250,458450
20240129,12:15:41,1.95,50,458450
20240129,12:15:50,1.95,50,458450
20240129,12:15:56,1.95,1800,458450
20240129,12:15:57,1.95,600,458450
20240129,12:15:57,1.95,1800,458450
20240129,12:15:58,1.95,600,458450
20240129,12:16:03,1.95,250,458450
20240129,12:16:04,1.95,50,458450
20240129,12:16:06,1.95,1400,458450
20240129,12:16:13,1.95,150,458450
20240129,12:16:15,1.95,50,458450
20240129,12:16:16,1.95,50,458450
20240129,12:16:22,1.95,50,458450
20240129,12:16:36,1.9,250,458450
20240129,12:16:56,1.95,50,458450
20240129,12:16:57,1.9,50,458450
20240129,12:18:02,1.95,1800,458450
20240129,12:18:04,1.95,1800,461950
20240129,12:18:10,1.95,1150,461950
20240129,12:18:12,1.95,500,461950
20240129,12:18:13,2.0,50,461950
20240129,12:18:32,1.95,150,461950
20240129,12:18:41,1.95,150,461950
20240129,12:18:50,1.95,500,461950
20240129,12:18:52,1.95,150,461950
20240129,12:19:06,2.0,500,461950
20240129,12:19:08,1.95,200,461950
20240129,12:19:14,1.95,200,461950
20240129,12:19:25,2.0,50,461950
20240129,12:19:26,1.95,50,461950
20240129,12:19:42,1.95,200,461950
20240129,12:19:48,2.0,400,461950
20240129,12:20:01,2.0,850,461950
20240129,12:20:19,2.0,200,461950
20240129,12:20:21,2.0,200,461950
20240129,12:20:22,2.0,350,461950
20240129,12:20:24,2.0,350,461950
20240129,12:20:26,2.0,350,461950
20240129,12:20:33,1.95,50,461950
20240129,12:20:34,2.0,50,462050
20240129,12:21:10,1.95,50,462050
20240129,12:21:11,2.0,50,462050
20240129,12:21:23,1.95,1500,462050
20240129,12:22:01,1.95,50,462050
20240129,12:22:18,1.95,5150,462050
20240129,12:22:20,1.9,200,462050
20240129,12:22:26,1.9,50,462050
20240129,12:22:31,1.9,200,462050
20240129,12:22:49,1.95,50,462050
20240129,12:22:50,1.9,50,462050
20240129,12:22:52,1.9,50,462050
20240129,12:22:54,1.9,1800,462050
20240129,12:22:55,1.9,1800,462050
20240129,12:22:56,1.9,1800,462050
20240129,12:22:57,1.9,1800,462050
20240129,12:23:02,1.9,1800,462050
20240129,12:23:26,1.9,1000,462050
20240129,12:23:28,1.9,1000,462050
20240129,12:23:34,1.95,50,468700
20240129,12:23:35,1.9,50,468700
20240129,12:24:44,1.9,750,468700
20240129,12:24:45,1.9,250,468700
20240129,12:24:48,1.95,400,468700
20240129,12:25:01,1.95,850,468700
20240129,12:26:03,1.9,4850,468700
20240129,12:26:05,1.9,1750,468700
20240129,12:26:07,1.85,600,468700
20240129,12:26:15,1.85,100,468700
20240129,12:27:00,1.9,450,475550
20240129,12:27:04,1.9,2750,475550
20240129,12:29:47,1.9,400,475550
20240129,12:30:01,1.9,850,473400
20240129,12:30:08,1.9,50,473400
20240129,12:30:22,1.85,150,473400
20240129,12:30:40,1.9,50,473400
20240129,12:30:47,1.85,600,473400
20240129,12:30:49,1.85,1800,473400
20240129,12:30:51,1.85,1800,473400
20240129,12:30:53,1.85,1300,473400
20240129,12:30:59,1.85,200,473400
20240129,12:31:00,1.85,750,473400
20240129,12:31:18,1.85,50,473400
20240129,12:31:46,1.8,50,473400
20240129,12:31:48,1.8,50,473400
20240129,12:32:05,1.8,50,473400
20240129,12:32:56,1.8,300,473400
20240129,12:33:03,1.8,1250,474800
20240129,12:34:48,1.85,400,474800
20240129,12:34:53,1.85,1800,474800
20240129,12:34:55,1.85,1800,474800
20240129,12:35:01,1.85,850,474800
20240129,12:35:06,1.85,100,474800
20240129,12:35:10,1.85,1800,474800
20240129,12:35:11,1.85,6900,474800
20240129,12:35:21,1.85,50,474800
20240129,12:35:22,1.85,50,474800
20240129,12:35:25,1.9,50,474800
20240129,12:35:26,1.85,50,474800
20240129,12:35:32,1.9,50,474800
20240129,12:37:13,1.9,100,473600
20240129,12:37:25,1.9,150,473600
20240129,12:37:54,1.9,100,473600
20240129,12:38:08,1.9,600,473600
20240129,12:38:46,1.85,100,473450
20240129,12:42:16,1.85,350,473550
20240129,12:42:56,1.9,50,473550
20240129,12:43:33,1.85,100,473550
20240129,12:45:01,1.9,850,473550
20240129,12:45:42,1.85,50,473500
20240129,12:45:55,1.9,100,473500
20240129,12:47:20,1.9,50,473500
20240129,12:49:09,1.85,100,473500
20240129,12:49:45,1.85,50,473350
20240129,12:49:47,1.9,400,473350
20240129,12:50:31,1.9,500,473350
20240129,12:51:24,1.9,50,473350
20240129,12:52:16,1.9,250,472900
20240129,12:52:29,1.9,250,472900
20240129,12:52:31,1.9,250,472900
20240129,12:52:39,1.9,1250,472900
20240129,12:52:40,1.9,350,472900
20240129,12:52:41,1.9,750,472900
20240129,12:52:43,1.9,450,472900
20240129,12:52:44,1.9,350,472900
20240129,12:52:45,1.9,800,472900
20240129,12:52:59,1.9,500,472900
20240129,12:53:00,1.9,500,472900
20240129,12:53:01,1.9,300,472900
20240129,12:53:02,1.9,300,472900
20240129,12:53:03,1.9,600,472900
20240129,12:53:30,1.95,900,472900
20240129,12:53:32,1.95,500,472900
20240129,12:53:34,1.95,300,472900
20240129,12:54:27,1.9,50,466700
20240129,12:54:57,1.95,50,466700
20240129,12:58:08,1.95,300,466400
20240129,12:58:59,1.95,250,466400
20240129,12:59:03,1.95,250,466400
20240129,12:59:21,1.9,50,466400
20240129,12:59:32,1.9,1000,466400
20240129,13:00:14,1.95,250,464900
20240129,13:00:38,1.95,250,464900
20240129,13:03:02,1.9,50,464900
20240129,13:03:20,1.95,1800,464400
20240129,13:04:40,1.9,200,464400
20240129,13:05:28,1.9,1800,464400
20240129,13:05:34,1.9,7200,464400
20240129,13:05:38,1.9,1250,469450
20240129,13:06:14,1.9,1800,469450
20240129,13:06:15,1.9,1800,469450
20240129,13:06:19,1.9,2300,469450
20240129,13:06:26,1.95,300,469450
20240129,13:07:34,1.95,50,469450
20240129,13:07:56,1.95,3000,469450
20240129,13:08:20,1.95,1000,469450
20240129,13:09:48,1.9,100,470900
20240129,13:10:20,1.9,400,470900
20240129,13:10:30,1.9,100,470900
20240129,13:10:32,1.95,50,470900
20240129,13:10:43,1.9,100,470900
20240129,13:10:47,1.95,50,470900
20240129,13:11:19,1.95,500,470900
20240129,13:11:54,1.9,50,470900
20240129,13:11:59,1.9,150,471550
20240129,13:12:42,1.9,50,471550
20240129,13:14:04,1.95,50,471550
20240129,13:14:14,1.9,50,471550
20240129,13:15:30,1.9,50,471350
20240129,13:17:23,1.9,150,471350
20240129,13:17:56,1.95,250,471150
20240129,13:19:23,1.9,1800,471150
20240129,13:19:52,1.95,50,471150
20240129,13:21:03,1.9,1500,471450
20240129,13:21:08,1.9,1800,471450
20240129,13:21:08,1.9,9000,471450
20240129,13:21:21,1.9,600,471450
20240129,13:21:37,1.9,300,471450
20240129,13:21:45,1.9,300,471450
20240129,13:21:51,1.9,300,471450
20240129,13:22:04,1.9,9200,471450
20240129,13:22:18,1.9,1800,471450
20240129,13:22:21,1.9,1800,471450
20240129,13:22:22,1.9,1500,471450
20240129,13:22:23,1.9,1550,471450
20240129,13:23:36,1.9,50,471450
20240129,13:24:42,1.9,50,471450
20240129,13:25:00,1.9,750,492350
20240129,13:25:01,1.9,250,492350
20240129,13:25:05,1.9,1800,492350
20240129,13:25:07,1.9,1800,492350
20240129,13:25:17,1.9,50,492350
20240129,13:25:30,1.9,50,492350
20240129,13:25:36,1.9,250,492350
20240129,13:25:42,1.9,1800,492350
20240129,13:25:43,1.9,250,492350
20240129,13:25:45,1.9,1800,492350
20240129,13:25:50,1.9,250,492350
20240129,13:25:51,1.9,700,492350
20240129,13:26:13,1.9,200,492350
20240129,13:26:46,1.85,50,484250
20240129,13:29:36,1.9,2150,484250
20240129,13:29:41,1.9,1800,482850
20240129,13:29:46,1.9,200,482850
20240129,13:30:58,1.9,50,482850
20240129,13:31:25,1.85,50,482850
20240129,13:33:16,1.9,200,480850
20240129,13:33:17,1.9,50,480850
20240129,13:34:02,1.85,50,480850
20240129,13:34:28,1.9,50,480850
20240129,13:34:43,1.85,50,480850
20240129,13:34:47,1.85,1250,480850
20240129,13:34:48,1.85,100,480850
20240129,13:36:20,1.85,50,480850
20240129,13:36:38,1.85,50,480700
20240129,13:37:38,1.85,50,480700
20240129,13:38:29,1.85,50,480700
20240129,13:39:02,1.85,50,480900
20240129,13:39:21,1.85,250,480900
20240129,13:40:08,1.85,50,480900
20240129,13:40:24,1.85,50,480900
20240129,13:40:46,1.85,50,480900
20240129,13:41:45,1.9,200,480900
20240129,13:42:24,1.85,50,481050
20240129,13:44:24,1.9,50,481050
20240129,13:44:32,1.85,50,481050
20240129,13:45:55,1.9,200,481050
20240129,13:46:55,1.85,50,481050
20240129,13:47:35,1.85,50,481050
20240129,13:48:35,1.85,50,480950
20240129,13:51:18,1.85,16900,480950
20240129,13:51:28,1.85,50,480950
20240129,13:52:06,1.9,3000,480950
20240129,13:52:08,1.9,1500,480950
20240129,13:52:12,1.9,1500,480950
20240129,13:53:11,1.9,50,480950
20240129,13:53:14,1.9,1500,480950
20240129,13:53:16,1.9,1500,480950
20240129,13:53:18,1.9,1500,480950
20240129,13:53:22,1.9,1150,480950
20240129,13:54:37,1.85,250,480950
20240129,13:55:31,1.85,250,483700
20240129,13:55:39,1.9,50,483700
20240129,13:55:53,1.9,1950,483700
20240129,13:56:00,1.9,50,483700
20240129,13:56:00,1.85,50,483700
20240129,13:56:14,1.85,50,483700
20240129,13:56:24,1.85,200,483700
20240129,13:56:35,1.85,200,483700
20240129,13:56:56,1.85,200,481800
20240129,13:57:07,1.9,100,481800
20240129,13:58:17,1.85,400,481800
20240129,13:58:24,1.85,250,481800
20240129,13:58:37,1.9,50,481800
20240129,13:58:38,1.9,50,481800
20240129,13:59:01,1.85,15300,481800
20240129,13:59:04,1.85,7950,481800
20240129,13:59:18,1.85,150,481800
20240129,13:59:19,1.85,500,481800
20240129,13:59:28,1.85,200,481800
20240129,13:59:48,1.85,150,479600
20240129,14:00:16,1.85,400,479600
20240129,14:00:30,1.9,250,479600
20240129,14:01:32,1.9,800,479600
20240129,14:03:36,1.9,900,480350
20240129,14:03:47,1.9,2500,480350
20240129,14:05:34,1.9,100,480350
20240129,14:06:15,1.85,250,480850
20240129,14:07:07,1.9,50,480850
20240129,14:07:41,1.85,50,480850
20240129,14:07:49,1.85,1800,480850
20240129,14:07:50,1.85,1500,480850
20240129,14:08:25,1.85,1800,480850
20240129,14:08:27,1.85,1500,480850
20240129,14:08:28,1.85,2000,480850
20240129,14:08:29,1.85,1550,480850
20240129,14:09:06,1.9,750,486100
20240129,14:09:35,1.85,450,486100
20240129,14:09:46,1.9,50,486100
20240129,14:09:48,1.85,400,486100
20240129,14:09:49,1.85,2200,486100
20240129,14:09:51,1.85,8500,486100
20240129,14:09:52,1.85,300,486100
20240129,14:09:53,1.8,4750,486100
20240129,14:09:54,1.85,100,486100
20240129,14:09:55,1.85,50,486100
20240129,14:09:56,1.85,50,486100
20240129,14:10:23,1.85,50,486100
20240129,14:10:26,1.85,50,486100
20240129,14:10:30,1.85,500,486100
20240129,14:10:41,1.85,100,486100
20240129,14:10:59,1.8,50,486100
20240129,14:11:09,1.85,100,486100
20240129,14:12:01,1.8,1800,485200
20240129,14:12:35,1.8,350,485200
20240129,14:12:37,1.8,350,485200
20240129,14:12:41,1.8,350,485200
20240129,14:12:48,1.8,250,485200
20240129,14:12:53,1.8,1800,485200
20240129,14:12:55,1.8,1800,485200
20240129,14:12:56,1.8,1800,485200
20240129,14:12:57,1.8,1800,485200
20240129,14:12:58,1.8,3900,485200
20240129,14:12:59,1.8,50,485200
20240129,14:13:00,1.8,50,485200
20240129,14:13:01,1.75,650,485200
20240129,14:13:02,1.75,50,485200
20240129,14:13:22,1.8,200,485200
20240129,14:13:45,1.8,50,485200
20240129,14:14:21,1.8,50,485200
20240129,14:15:49,1.8,50,485200
20240129,14:18:14,1.8,500,478500
20240129,14:18:17,1.8,850,478500
20240129,14:19:17,1.75,1800,478500
20240129,14:20:02,1.8,50,478500
20240129,14:20:09,1.75,50,478500
20240129,14:20:11,1.75,300,478500
20240129,14:20:12,1.75,350,478500
20240129,14:20:13,1.75,150,478500
20240129,14:20:19,1.8,300,478500
20240129,14:21:03,1.75,250,477800
20240129,14:21:04,1.75,1800,477800
20240129,14:22:01,1.8,350,477800
20240129,14:22:52,1.75,50,477800
20240129,14:23:38,1.75,1800,477800
20240129,14:23:39,1.75,14650,477800
20240129,14:23:40,1.75,12700,477800
20240129,14:23:50,1.75,500,488450
20240129,14:24:10,1.75,50,488450
20240129,14:24:12,1.75,7050,488450
20240129,14:24:15,1.75,50,488450
20240129,14:24:18,1.75,2200,488450
20240129,14:24:19,1.75,2050,488450
20240129,14:24:21,1.75,1450,488450
20240129,14:24:22,1.75,750,488450
20240129,14:24:34,1.75,250,488450
20240129,14:24:34,1.75,900,488450
20240129,14:24:52,1.75,100,488450
20240129,14:24:53,1.75,50,488450
20240129,14:25:08,1.75,200,488450
20240129,14:25:11,1.7,200,488450
20240129,14:25:12,1.7,350,488450
20240129,14:25:14,1.7,350,488450
20240129,14:25:48,1.7,100,488450
20240129,14:26:15,1.7,50,488450
20240129,14:26:47,1.7,50,488450
20240129,14:26:48,1.7,250,488450
20240129,14:27:39,1.75,1250,482000
20240129,14:27:42,1.75,1650,482000
20240129,14:27:43,1.75,11350,482000
20240129,14:27:46,1.75,1800,482000
20240129,14:27:56,1.75,350,482000
20240129,14:28:43,1.75,1300,482000
20240129,14:29:48,1.7,400,482000
20240129,14:30:01,1.7,850,484500
20240129,14:30:13,1.7,150,484500
20240129,14:30:14,1.7,350,484500
20240129,14:30:21,1.7,400,484500
20240129,14:30:22,1.7,700,484500
20240129,14:30:49,1.7,250,484500
20240129,14:30:55,1.7,2000,484500
20240129,14:31:01,1.7,650,484500
20240129,14:31:03,1.75,500,484500
20240129,14:31:50,1.75,50,484500
20240129,14:32:01,1.7,650,484500
20240129,14:32:16,1.7,50,484500
20240129,14:32:23,1.7,1000,484500
20240129,14:32:48,1.75,50,484500
20240129,14:33:54,1.7,5650,484500
20240129,14:33:58,1.7,50,479850
20240129,14:34:01,1.7,1300,479850
20240129,14:34:07,1.7,250,479850
20240129,14:34:10,1.7,50,479850
20240129,14:34:10,1.75,50,479850
20240129,14:34:16,1.7,50,479850
20240129,14:34:45,1.7,50,479850
20240129,14:34:48,1.7,400,479850
20240129,14:35:01,1.7,850,479850
20240129,14:35:13,1.7,250,479850
20240129,14:35:15,1.7,150,479850
20240129,14:35:16,1.7,350,479850
20240129,14:35:17,1.7,200,479850
20240129,14:35:18,1.7,250,479850
20240129,14:35:23,1.7,200,479850
20240129,14:35:25,1.7,200,479850
20240129,14:35:26,1.7,350,479850
20240129,14:35:35,1.7,50,479850
20240129,14:35:48,1.7,250,479850
20240129,14:35:51,1.7,50,479850
20240129,14:36:15,1.75,100,469400
20240129,14:37:14,1.7,50,469400
20240129,14:37:24,1.75,50,469400
20240129,14:37:42,1.75,300,469400
20240129,14:37:51,1.7,50,469400
20240129,14:38:48,1.7,500,469400
20240129,14:39:11,1.75,1500,468200
20240129,14:39:25,1.75,1500,468200
20240129,14:39:30,1.75,1000,468200
20240129,14:39:35,1.75,50,468200
20240129,14:39:41,1.7,50,468200
20240129,14:39:48,1.7,400,468200
20240129,14:40:01,1.7,1500,468200
20240129,14:40:15,1.7,200,468200
20240129,14:40:17,1.7,350,468200
20240129,14:40:23,1.75,400,468200
20240129,14:40:23,1.75,1000,468200
20240129,14:40:27,1.7,200,468200
20240129,14:40:28,1.7,350,468200
20240129,14:41:25,1.75,1000,468200
20240129,14:42:23,1.75,300,459250
20240129,14:42:44,1.75,1000,459250
20240129,14:43:06,1.75,1000,459250
20240129,14:43:12,1.75,500,459250
20240129,14:43:19,1.75,10950,459250
20240129,14:43:20,1.75,50,459250
20240129,14:43:21,1.75,250,459250
20240129,14:43:22,1.8,200,459250
20240129,14:43:23,1.75,2250,459250
20240129,14:43:29,1.75,200,459250
20240129,14:43:41,1.75,1800,459250
20240129,14:44:02,1.75,1800,459250
20240129,14:44:03,1.75,200,459250
20240129,14:44:05,1.75,3600,459250
20240129,14:44:06,1.75,3600,459250
20240129,14:44:07,1.75,50,459250
20240129,14:44:48,1.75,750,459250
20240129,14:44:49,1.75,50,459250
20240129,14:44:55,1.8,100,459250
20240129,14:45:01,1.75,1000,450900
20240129,14:45:02,1.75,350,450900
20240129,14:45:17,1.75,200,450900
20240129,14:45:19,1.75,350,450900
20240129,14:45:20,1.75,650,450900
20240129,14:45:24,1.75,350,450900
20240129,14:45:51,1.75,50,450900
20240129,14:46:01,1.75,650,450900
20240129,14:46:28,1.75,50,450900
20240129,14:46:29,1.8,50,450900
20240129,14:49:21,1.8,1800,450900
20240129,14:49:23,1.8,250,451100
20240129,14:49:37,1.8,5600,451100
20240129,14:49:41,1.8,50,451100
20240129,14:49:44,1.8,500,451100
20240129,14:49:48,1.75,400,451100
20240129,14:49:50,1.75,100,451100
20240129,14:49:51,1.75,100,451100
20240129,14:50:01,1.75,850,451100
20240129,14:50:03,1.75,200,451100
20240129,14:50:04,1.75,350,451100
20240129,14:50:05,1.75,200,451100
20240129,14:50:06,1.75,400,451100
20240129,14:50:07,1.75,200,451100
20240129,14:50:18,1.75,250,451100
20240129,14:50:25,1.75,200,451100
20240129,14:50:26,1.75,350,451100
20240129,14:50:47,1.8,50,451100
20240129,14:51:07,1.8,50,448600
20240129,14:51:47,1.75,50,448600
20240129,14:51:47,1.75,300,448600
20240129,14:51:54,1.75,200,448600
20240129,14:52:13,1.8,50,448600
20240129,14:54:01,1.8,150,448650
20240129,14:54:08,1.8,5300,448650
20240129,14:54:43,1.8,100,448650
20240129,14:54:48,1.75,400,448650
20240129,14:55:00,1.8,50,448650
20240129,14:55:01,1.75,850,448650
20240129,14:55:04,1.8,750,448650
20240129,14:55:06,1.8,750,448650
20240129,14:55:08,1.75,350,448650
20240129,14:55:09,1.75,200,448650
20240129,14:55:10,1.75,350,448650
20240129,14:55:22,1.8,50,448650
20240129,14:55:23,1.75,250,448650
20240129,14:55:24,1.75,350,448650
20240129,14:55:25,1.8,100,448650
20240129,14:55:27,1.75,200,448650
20240129,14:55:29,1.75,300,448650
20240129,14:55:48,1.8,100,448650
20240129,14:57:01,1.75,650,448650
20240129,14:57:10,1.8,50,447000
20240129,14:57:45,1.8,50,447000
20240129,14:57:48,1.75,250,447000
20240129,14:58:01,1.75,650,447000
20240129,14:58:07,1.8,50,447000
20240129,14:58:23,1.75,250,447000
20240129,14:58:35,1.8,250,447000
20240129,14:58:39,1.75,250,447000
20240129,14:58:59,1.8,250,447000
20240129,14:59:07,1.8,150,447000
20240129,14:59:16,1.75,900,447000
20240129,14:59:20,1.75,650,447000
20240129,14:59:23,1.75,4900,447000
20240129,14:59:35,1.75,1000,447000
20240129,14:59:48,1.7,9950,447000
20240129,14:59:50,1.7,1000,447000
20240129,15:00:01,1.7,1700,447000
20240129,15:00:04,1.75,100,440400
20240129,15:00:05,1.7,150,440400
20240129,15:00:07,1.7,200,440400
20240129,15:00:28,1.7,350,440400
20240129,15:00:28,1.75,500,440400
20240129,15:00:31,1.75,100,440400
20240129,15:00:33,1.75,1250,440400
20240129,15:00:34,1.75,2200,440400
20240129,15:00:35,1.75,1800,440400
20240129,15:00:40,1.75,5100,440400
20240129,15:00:41,1.75,3800,440400
20240129,15:00:42,1.75,50,440400
20240129,15:00:57,1.8,50,440400
20240129,15:01:11,1.75,1150,440400
20240129,15:01:37,1.75,1400,440400
20240129,15:01:45,1.75,100,440400
20240129,15:02:09,1.75,250,440400
20240129,15:02:12,1.75,250,440400
20240129,15:02:13,1.75,250,440400
20240129,15:02:14,1.75,250,440400
20240129,15:02:16,1.8,4150,440400
20240129,15:02:17,1.8,3300,440400
20240129,15:02:22,1.75,500,440400
20240129,15:02:23,1.75,850,440400
20240129,15:02:24,1.8,1000,440400
20240129,15:02:40,1.75,250,440400
20240129,15:02:53,1.8,150,440400
20240129,15:03:25,1.8,200,440400
20240129,15:03:47,1.75,50,437300
20240129,15:03:59,1.75,50,437300
20240129,15:04:01,1.75,2500,437300
20240129,15:04:07,1.75,250,437300
20240129,15:04:08,1.75,450,437300
20240129,15:04:09,1.75,1200,437300
20240129,15:04:10,1.75,50,437300
20240129,15:04:23,1.75,50,437300
20240129,15:04:36,1.75,50,437300
20240129,15:04:48,1.75,50,437300
20240129,15:04:49,1.75,1500,437300
20240129,15:04:52,1.75,1800,437300
20240129,15:05:01,1.75,250,437300
20240129,15:05:03,1.75,150,437300
20240129,15:05:04,1.75,500,437300
20240129,15:05:05,1.75,1800,437300
20240129,15:05:06,1.75,4000,437300
20240129,15:05:07,1.75,250,437300
20240129,15:05:08,1.75,750,437300
20240129,15:05:09,1.75,7850,437300
20240129,15:05:13,1.75,500,437300
20240129,15:05:24,1.7,100,437300
20240129,15:05:45,1.75,1850,437300
20240129,15:05:56,1.75,1800,439950
20240129,15:06:02,1.7,50,439950
20240129,15:06:48,1.7,250,439950
20240129,15:07:02,1.7,1800,439950
20240129,15:07:08,1.7,400,439950
20240129,15:07:42,1.75,400,439950
20240129,15:07:43,1.75,100,439950
20240129,15:09:27,1.7,200,439950
20240129,15:09:48,1.7,400,439950
20240129,15:10:01,1.7,850,439950
20240129,15:10:08,1.7,350,439950
20240129,15:10:09,1.7,200,439950
20240129,15:10:27,1.75,13850,439950
20240129,15:10:27,1.75,250,439950
20240129,15:10:31,1.75,250,439950
20240129,15:10:43,1.75,850,439950
20240129,15:10:48,1.75,250,439950
20240129,15:11:06,1.75,250,439950
20240129,15:11:08,1.75,250,439950
20240129,15:11:10,1.75,250,439950
20240129,15:11:11,1.75,250,439950
20240129,15:11:13,1.75,250,439950
20240129,15:11:48,1.75,250,439950
20240129,15:11:56,1.75,1300,443500
20240129,15:12:01,1.75,900,443500
20240129,15:12:40,1.75,500,443500
20240129,15:12:44,1.75,400,443500
20240129,15:12:55,1.75,4900,443500
20240129,15:12:56,1.75,5300,443500
20240129,15:13:16,1.7,150,443500
20240129,15:13:33,1.7,100,443500
20240129,15:14:00,1.7,50,443500
20240129,15:14:01,1.7,100,443500
20240129,15:14:02,1.7,100,443500
20240129,15:14:03,1.7,50,443500
20240129,15:14:19,1.7,50,443500
20240129,15:14:49,1.7,100,443500
20240129,15:14:50,1.7,150,443500
20240129,15:14:53,1.7,100,443500
20240129,15:14:54,1.7,50,443500
20240129,15:15:01,1.7,450,443500
20240129,15:15:02,1.7,350,453500
20240129,15:15:06,1.7,350,453500
20240129,15:15:27,1.75,50,453500
20240129,15:15:28,1.75,250,453500
20240129,15:15:30,1.7,350,453500
20240129,15:16:33,1.75,50,453500
20240129,15:17:31,1.75,1500,453500
20240129,15:17:37,1.75,50,453500
20240129,15:17:42,1.75,1450,453500
20240129,15:17:53,1.75,50,453500
20240129,15:18:45,1.75,100,453500
20240129,15:19:31,1.7,1700,453950
20240129,15:19:50,1.7,650,453950
20240129,15:19:52,1.7,50,453950
20240129,15:20:01,1.75,10400,453950
20240129,15:20:04,1.7,350,453950
20240129,15:20:09,1.7,200,453950
20240129,15:20:10,1.7,350,453950
20240129,15:20:24,1.75,50,453950
20240129,15:20:30,1.7,350,453950
20240129,15:20:48,1.7,500,453950
20240129,15:20:57,1.75,600,441200
20240129,15:20:58,1.7,500,441200
20240129,15:21:00,1.7,250,441200
20240129,15:21:01,1.7,1950,441200
20240129,15:21:48,1.7,500,441200
20240129,15:22:00,1.75,150,441200
20240129,15:22:01,1.7,1350,441200
20240129,15:22:07,1.7,350,441200
20240129,15:22:09,1.7,650,441200
20240129,15:22:21,1.7,50,441200
20240129,15:22:25,1.7,50,441200
20240129,15:22:47,1.7,750,441200
20240129,15:23:01,1.7,1950,441200
20240129,15:23:34,1.7,4700,441200
20240129,15:23:34,1.7,500,441200
20240129,15:23:36,1.7,2950,441200
20240129,15:23:47,1.65,4700,441200
20240129,15:23:48,1.65,50,441200
20240129,15:23:49,1.65,50,441200
20240129,15:23:52,1.7,350,441200
20240129,15:24:00,1.7,50,437150
20240129,15:24:01,1.65,1950,437150
20240129,15:24:03,1.65,250,437150
20240129,15:24:11,1.65,50,437150
20240129,15:24:19,1.7,7250,437150
20240129,15:24:33,1.65,300,437150
20240129,15:24:35,1.65,250,437150
20240129,15:24:42,1.65,250,437150
20240129,15:24:45,1.65,50,437150
20240129,15:24:47,1.65,500,437150
20240129,15:25:01,1.65,2800,437150
20240129,15:25:02,1.65,100,437150
20240129,15:25:04,1.7,250,437150
20240129,15:25:08,1.7,1600,437150
20240129,15:25:08,1.7,12600,437150
20240129,15:25:09,1.7,10000,437150
20240129,15:25:21,1.65,1500,437150
20240129,15:25:27,1.65,2000,437150
20240129,15:25:29,1.65,600,437150
20240129,15:25:41,1.65,1800,437150
20240129,15:25:42,1.65,3600,437150
20240129,15:25:44,1.7,250,437150
20240129,15:25:47,1.65,2300,437150
20240129,15:25:49,1.6,400,437150
20240129,15:25:53,1.6,100,437150
20240129,15:25:54,1.6,50,437150
20240129,15:26:00,1.6,550,437150
20240129,15:26:02,1.65,6700,437150
20240129,15:26:03,1.65,3900,437150
20240129,15:26:04,1.65,1500,437150
20240129,15:26:14,1.6,250,437150
20240129,15:26:17,1.6,500,437150
20240129,15:26:19,1.65,5000,437150
20240129,15:26:40,1.65,1100,437150
20240129,15:26:44,1.6,500,437150
20240129,15:26:48,1.65,2600,437150
20240129,15:27:01,1.65,5900,437150
20240129,15:27:07,1.65,1800,448250
20240129,15:27:08,1.65,3400,448250
20240129,15:27:19,1.6,1150,448250
20240129,15:27:25,1.65,5000,448250
20240129,15:27:34,1.65,150,448250
20240129,15:27:39,1.65,3150,448250
20240129,15:27:41,1.7,50,448250
20240129,15:27:52,1.7,1800,448250
20240129,15:27:53,1.7,3950,448250
20240129,15:27:55,1.65,350,448250
20240129,15:28:01,1.7,450,448250
20240129,15:28:05,1.65,2250,448250
20240129,15:28:06,1.7,1200,448250
20240129,15:28:28,1.7,100,448250
20240129,15:28:37,1.65,400,448250
20240129,15:28:39,1.65,50,448250
20240129,15:28:40,1.7,1200,448250
20240129,15:28:41,1.7,2000,448250
20240129,15:28:42,1.7,1200,448250
20240129,15:28:43,1.75,1000,448250
20240129,15:28:46,1.75,950,448250
20240129,15:28:46,1.75,50,448250
20240129,15:28:51,1.7,300,448250
20240129,15:28:52,1.7,1200,448250
20240129,15:28:54,1.7,1900,448250
20240129,15:29:13,1.65,300,448250
20240129,15:29:20,1.65,300,448250
20240129,15:29:21,1.65,100,448250
20240129,15:29:24,1.7,350,448250
20240129,15:29:25,1.6,100,448250
20240129,15:29:28,1.6,250,448250
20240129,15:29:29,1.6,150,448250
20240129,15:29:36,1.7,800,448250
20240129,15:29:54,1.6,50,448250
20240129,15:29:55,1.6,750,448250
20240129,15:29:56,1.6,50,448250
20240130,09:15:02,1.6,1,458650
20240130,09:15:02,1.7,550,458650
20240130,09:15:03,2.15,100,458650
20240130,09:15:05,2.15,100,458650
20240130,09:15:06,1.7,700,458650
20240130,09:15:07,1.75,100,458650
20240130,09:15:08,1.75,850,458650
20240130,09:15:09,1.75,50,458650
20240130,09:15:10,1.75,300,458650
20240130,09:15:11,1.8,750,458650
20240130,09:15:14,1.65,50,458650
20240130,09:15:19,1.55,950,458650
20240130,09:15:20,1.45,1950,458650
20240130,09:15:25,1.45,1800,458650
20240130,09:15:42,1.6,1550,458650
20240130,09:15:50,1.6,50,458650
20240130,09:15:57,1.55,100,458650
20240130,09:16:00,1.5,450,458650
20240130,09:16:02,1.55,100,458650
20240130,09:16:04,1.55,50,458650
20240130,09:16:05,1.55,50,458650
20240130,09:16:13,1.55,250,458650
20240130,09:16:26,1.5,200,458650
20240130,09:16:28,1.5,50,458650
20240130,09:16:32,1.5,100,458650
20240130,09:16:42,1.5,350,458650
20240130,09:16:44,1.5,200,458650
20240130,09:16:48,1.45,250,458650
20240130,09:16:53,1.5,900,458650
20240130,09:16:58,1.5,100,458650
20240130,09:17:13,1.5,100,458650
20240130,09:17:21,1.45,150,461050
20240130,09:17:25,1.5,1000,461050
20240130,09:17:27,1.5,450,461050
20240130,09:17:28,1.5,250,461050
20240130,09:17:36,1.5,2350,461050
20240130,09:17:37,1.5,200,461050
20240130,09:17:42,1.5,400,461050
20240130,09:17:43,1.5,200,461050
20240130,09:17:49,1.45,3050,461050
20240130,09:17:54,1.4,3400,461050
20240130,09:17:57,1.4,600,461050
20240130,09:17:59,1.4,2500,461050
20240130,09:18:00,1.45,50,461050
20240130,09:18:01,1.4,150,461050
20240130,09:18:04,1.5,500,461050
20240130,09:18:08,1.5,50,461050
20240130,09:18:09,1.5,250,461050
20240130,09:18:11,1.45,300,461050
20240130,09:18:15,1.5,50,461050
20240130,09:18:16,1.45,50,461050
20240130,09:19:35,1.45,1850,461050
20240130,09:20:01,1.45,200,461050
20240130,09:20:02,1.45,250,461050
20240130,09:20:09,1.5,650,461050
20240130,09:20:09,1.5,450,461050
20240130,09:20:10,1.5,2850,461050
20240130,09:20:12,1.45,250,461050
20240130,09:20:17,1.45,500,461050
20240130,09:20:21,1.45,250,461050
20240130,09:20:24,1.45,650,461050
20240130,09:20:27,1.45,250,461050
20240130,09:20:28,1.5,1400,461050
20240130,09:20:35,1.5,200,461050
20240130,09:20:43,1.45,1150,461050
20240130,09:20:46,1.45,250,461050
20240130,09:20:48,1.45,250,461050
20240130,09:20:50,1.45,500,461050
20240130,09:20:53,1.45,250,461050
20240130,09:21:01,1.45,4950,461050
20240130,09:21:13,1.45,1150,461050
20240130,09:21:13,1.45,100,461050
20240130,09:21:20,1.45,1800,461050
20240130,09:21:20,1.45,300,461050
20240130,09:21:22,1.45,250,461050
20240130,09:21:37,1.4,250,461050
