date,time,tick_price,volume,open_interest
20240202,09:23:30,497.65,50,50
20240202,09:25:22,498.0,50,50
20240202,09:58:07,516.6,50,50
20240202,10:01:43,524.25,50,50
20240202,10:05:47,528.7,50,50
20240202,10:06:01,529.65,50,100
20240202,10:12:51,535.25,100,200
20240202,10:47:28,515.65,100,300
20240202,11:51:22,609.7,100,400
20240202,13:40:03,492.85,50,500
20240202,15:00:08,477.4,50,500
20240202,15:16:27,474.9,50,550
20240202,15:26:31,473.0,50,600
20240205,09:48:24,511.75,1,550
20240205,09:48:24,511.95,1,550
20240205,09:48:24,511.7,350,550
20240205,09:52:13,525.6,50,900
20240205,09:53:44,534.8,100,900
20240205,12:10:29,534.8,50,1000
20240205,12:56:02,492.65,50,1000
20240205,13:44:44,501.25,150,1000
20240205,13:46:12,504.45,50,1000
20240205,14:25:21,480.0,50,1200
20240205,14:25:41,480.0,50,1200
20240205,14:26:01,480.0,50,1200
20240205,14:53:43,394.85,50,1350
20240205,15:13:18,390.0,50,1400
20240205,15:25:41,390.0,100,1450
20240206,11:50:29,464.95,1,1200
20240206,11:50:29,464.95,50,1200
20240206,11:54:12,479.5,200,1200
20240206,12:16:00,493.95,300,1400
20240206,12:32:03,485.5,150,1700
20240206,13:38:10,484.6,300,1850
20240206,13:59:25,504.65,500,2150
20240206,14:13:42,485.9,50,2650
20240206,14:13:53,484.6,100,2650
20240206,14:56:15,485.0,50,2800
20240206,15:16:57,485.0,100,2850
20240206,15:25:27,500.75,50,2750
20240207,14:08:48,500.0,1,2750
20240207,14:08:48,500.0,50,2750
20240208,11:05:26,446.0,1,2550
20240208,11:05:26,446.0,50,2550
20240208,11:06:02,392.6,50,2550
20240208,11:06:24,392.6,50,2550
20240208,11:09:55,396.85,100,2650
20240208,11:10:30,389.4,200,2650
20240208,11:14:31,409.85,50,2750
20240208,11:26:09,408.65,50,2800
20240208,11:31:17,413.5,50,2850
20240208,11:31:37,407.0,50,2850
20240208,11:39:52,416.0,50,2950
20240208,12:01:38,416.0,50,3000
20240208,12:04:51,414.75,50,3050
20240208,12:05:09,422.75,50,3050
20240208,12:11:15,419.45,250,3050
20240208,12:16:12,421.45,50,3300
20240208,12:16:41,419.45,50,3300
20240208,12:42:35,424.25,50,3300
20240208,12:43:19,423.8,50,3400
20240208,12:44:10,415.85,50,3400
20240208,13:08:34,412.65,50,3450
20240208,13:19:25,421.85,50,3450
20240208,13:27:56,415.0,50,3500
20240208,13:39:30,414.3,50,3550
20240208,13:54:42,400.0,50,3500
20240208,13:58:07,401.2,50,3550
20240208,13:58:55,400.55,50,3550
20240208,14:09:09,392.0,50,3550
20240208,14:13:58,390.0,50,3600
20240208,14:14:21,385.0,100,3600
20240208,14:35:58,385.0,50,3750
20240208,14:38:02,385.0,50,3750
20240208,14:42:18,381.0,50,3850
20240208,14:51:01,381.0,50,3800
20240208,15:11:14,394.5,50,3850
20240208,15:11:37,391.5,50,3850
20240208,15:26:36,393.75,50,3950
20240209,09:31:13,389.8,1,3950
20240209,09:31:13,389.8,50,3950
20240209,09:34:42,385.65,100,4000
20240209,09:35:01,384.4,50,4000
20240209,09:48:05,369.45,100,4100
20240209,09:48:15,369.75,100,4100
20240209,09:48:24,363.3,2800,4100
20240209,09:51:49,360.0,100,5600
20240209,10:00:22,348.65,50,5700
20240209,10:02:28,348.65,50,5650
20240209,10:03:26,348.65,50,5650
20240209,10:03:56,352.8,250,5650
20240209,10:05:04,361.85,800,5500
20240209,10:05:52,361.7,50,5500
20240209,10:06:21,361.7,50,5500
20240209,10:07:02,361.55,50,5500
20240209,10:07:13,361.3,450,5500
20240209,10:10:51,365.8,50,5750
20240209,10:12:27,365.05,50,5750
20240209,10:13:14,365.25,50,5750
20240209,10:13:32,373.7,100,5750
20240209,10:26:53,355.8,50,5800
20240209,10:27:02,355.85,50,5800
20240209,10:27:30,355.5,350,5800
20240209,10:27:39,357.1,100,5800
20240209,10:27:49,356.8,50,5800
20240209,10:28:07,360.9,50,5800
20240209,10:29:01,361.05,150,6250
20240209,10:29:11,361.2,50,6250
20240209,10:29:20,361.65,150,6250
20240209,10:29:45,359.85,300,6250
20240209,10:29:53,358.55,300,6250
20240209,10:30:02,357.25,250,6250
20240209,10:30:11,357.0,50,6250
20240209,10:30:53,358.9,50,6250
20240209,10:31:01,358.9,50,6250
20240209,10:31:27,354.0,150,6250
20240209,10:31:35,353.1,100,7450
20240209,10:32:01,353.0,200,7450
20240209,10:33:36,351.95,250,7450
20240209,10:44:32,351.95,100,7800
20240209,10:50:42,343.4,100,7900
20240209,11:02:37,337.45,50,7800
20240209,11:03:31,332.65,50,7800
20240209,11:03:40,332.65,50,7800
20240209,11:06:51,320.85,550,7900
20240209,11:07:01,320.85,50,7900
20240209,11:07:13,321.9,250,7900
20240209,11:08:14,324.1,1850,8750
20240209,11:19:00,334.35,50,9550
20240209,11:19:25,335.6,100,9550
20240209,11:19:32,335.7,50,9550
20240209,11:25:24,327.0,50,9600
20240209,11:58:48,360.75,50,9650
20240209,12:01:19,370.5,150,9700
20240209,12:09:32,374.55,250,9700
20240209,12:09:42,374.7,50,9700
20240209,12:10:01,375.65,200,9700
20240209,12:10:40,376.0,250,9700
20240209,12:11:00,376.0,100,9800
20240209,12:11:09,376.7,50,9800
20240209,12:31:28,376.85,50,9800
20240209,12:33:52,386.95,150,9800
20240209,12:34:52,383.05,150,9800
20240209,12:35:01,382.35,600,9800
20240209,12:35:11,381.8,150,9800
20240209,12:35:21,377.6,150,9800
20240209,12:35:30,379.95,1000,9800
20240209,12:35:39,378.0,800,9800
20240209,12:35:49,379.05,300,9800
20240209,12:36:08,376.45,250,9800
20240209,12:36:18,376.45,50,9800
20240209,12:36:28,375.4,600,9800
20240209,12:36:37,375.55,600,9800
20240209,12:36:46,375.15,300,9800
20240209,12:37:03,378.8,50,9800
20240209,12:37:31,377.15,400,9800
20240209,12:38:08,369.15,250,12800
20240209,12:38:26,372.7,750,12800
20240209,12:38:35,377.9,700,12800
20240209,12:38:44,378.4,200,12800
20240209,12:38:53,379.55,50,12800
20240209,12:40:04,379.2,150,12800
20240209,12:41:06,376.15,400,14150
20240209,12:41:32,378.0,250,14150
20240209,12:41:42,379.3,300,14150
20240209,12:42:26,381.15,950,14150
20240209,12:42:35,381.3,650,14150
20240209,12:43:02,378.95,150,14150
20240209,12:43:10,379.3,250,14150
20240209,12:43:18,379.05,250,14150
20240209,12:43:35,378.05,50,14150
20240209,12:43:44,379.6,250,14150
20240209,12:43:53,380.6,350,17050
20240209,12:44:02,381.1,350,17050
20240209,12:44:10,381.85,100,17050
20240209,12:44:19,381.05,200,17050
20240209,12:44:27,379.65,200,17050
20240209,12:44:35,380.2,50,17050
20240209,12:44:44,384.05,350,17050
20240209,12:44:53,383.3,250,17050
20240209,12:45:02,382.9,350,17050
20240209,12:45:11,382.3,50,17050
20240209,12:45:29,380.85,500,17050
20240209,12:45:38,383.3,100,17050
20240209,12:45:47,383.1,50,17050
20240209,12:45:55,383.35,50,17050
20240209,12:46:12,385.15,200,17050
20240209,12:46:39,380.7,950,17050
20240209,12:46:48,384.1,350,17050
20240209,12:46:56,380.7,200,17050
20240209,12:47:14,383.25,200,20750
20240209,12:47:49,383.4,50,20750
20240209,12:47:58,384.4,100,20750
20240209,12:48:07,385.0,200,20750
20240209,12:48:16,386.0,250,20750
20240209,12:48:25,385.7,100,20750
20240209,12:48:43,386.85,150,20750
20240209,12:48:52,387.65,350,20750
20240209,12:49:57,385.2,50,21950
20240209,12:50:05,384.95,250,21950
20240209,12:50:31,380.25,50,21950
20240209,12:50:57,380.3,250,21950
20240209,12:51:28,378.55,50,21950
20240209,12:51:43,381.15,100,21950
20240209,12:51:51,381.35,50,21950
20240209,12:51:59,382.7,250,21950
20240209,12:52:14,381.8,300,21950
20240209,12:52:37,380.5,300,21950
20240209,12:52:45,380.95,100,21950
20240209,12:53:08,380.3,100,23300
20240209,12:53:23,380.45,100,23300
20240209,12:54:03,378.8,150,23300
20240209,12:54:11,379.25,150,23300
20240209,12:55:19,377.2,50,23300
20240209,12:57:17,371.0,50,23850
20240209,12:57:35,374.05,450,23850
20240209,12:57:45,375.4,200,23850
20240209,12:57:54,375.5,550,23850
20240209,12:58:13,377.4,300,23850
20240209,12:58:22,378.05,50,23850
20240209,12:58:32,378.9,400,23850
20240209,12:58:50,379.0,1300,23850
20240209,13:04:06,380.4,600,26700
20240209,13:04:49,383.6,250,26700
20240209,13:04:58,381.55,550,27600
20240209,13:10:41,377.0,150,27650
20240209,13:13:16,381.25,500,27550
20240209,13:23:21,367.95,150,28050
20240209,13:23:30,368.65,1250,28050
20240209,13:23:39,368.85,250,28050
20240209,13:24:06,369.75,800,28050
20240209,13:24:14,371.35,50,28050
20240209,13:24:31,371.65,100,28050
20240209,13:24:40,370.15,300,28050
20240209,13:24:57,369.4,150,28050
20240209,13:25:05,369.5,700,28050
20240209,13:25:13,371.3,2450,28050
20240209,13:25:22,371.35,250,28050
20240209,13:25:31,372.9,250,28050
20240209,13:25:40,373.15,250,28050
20240209,13:26:06,373.4,250,32300
20240209,13:26:15,370.4,650,32300
20240209,13:26:24,371.85,300,32300
20240209,13:26:33,371.85,200,32300
20240209,13:28:48,378.25,50,32300
20240209,13:29:21,371.3,150,33400
20240209,13:29:38,373.8,150,33400
20240209,13:29:46,373.6,50,33400
20240209,13:29:55,373.9,50,33400
20240209,13:30:27,376.15,50,33400
20240209,13:31:26,371.35,550,33400
20240209,13:31:35,372.35,250,33400
20240209,13:32:02,369.3,50,34050
20240209,13:35:53,359.4,50,34050
20240209,13:36:03,359.9,50,34050
20240209,13:36:13,358.75,50,34050
20240209,13:36:23,358.75,50,34050
20240209,13:39:44,358.05,50,34050
20240209,13:40:01,359.35,50,34050
20240209,13:40:11,359.25,100,34050
20240209,13:40:20,359.25,50,34050
20240209,13:41:07,356.9,400,34050
20240209,13:41:55,356.9,150,34050
20240209,13:42:05,356.0,50,34050
20240209,13:42:15,354.85,100,34050
20240209,13:42:24,352.7,150,34050
20240209,13:42:35,352.9,350,34050
20240209,13:43:23,366.55,250,34050
20240209,13:44:10,366.55,50,34350
20240209,13:49:01,367.55,250,34400
20240209,13:56:18,378.1,250,34650
20240209,14:04:23,378.0,50,34900
20240209,14:05:36,380.15,50,34850
20240209,14:07:36,381.1,250,34850
20240209,14:07:54,380.25,700,34850
20240209,14:08:05,379.3,50,34850
20240209,14:08:08,380.35,250,35750
20240209,14:08:09,380.4,500,35750
20240209,14:09:16,382.25,800,35750
20240209,14:09:25,382.9,500,35750
20240209,14:09:34,382.6,250,35750
20240209,14:10:10,379.2,100,35750
20240209,14:10:18,380.6,700,35750
20240209,14:10:55,376.25,50,35750
20240209,14:11:04,379.8,50,35750
20240209,14:12:38,387.05,300,38850
20240209,14:12:51,385.2,200,38850
20240209,14:14:59,385.2,50,39100
20240209,14:15:09,389.5,500,39100
20240209,14:17:20,386.65,500,39650
20240209,14:18:45,389.5,50,39650
20240209,14:19:16,399.55,1650,39650
20240209,14:19:40,401.25,250,39650
20240209,14:25:37,401.25,100,39900
20240209,14:29:50,392.25,800,40000
20240209,14:30:16,392.9,250,40000
20240209,14:30:25,394.35,250,40000
20240209,14:31:00,394.35,500,40000
20240209,14:31:18,395.3,300,40000
20240209,14:34:10,397.6,100,41800
20240209,14:35:42,385.45,50,41800
20240209,14:36:00,385.8,50,41800
20240209,14:36:09,386.55,50,41800
20240209,14:39:53,394.8,50,41800
20240209,14:40:14,393.95,50,41800
20240209,14:41:25,391.45,300,41800
20240209,14:41:35,393.0,350,41800
20240209,14:41:46,393.15,50,41800
20240209,14:41:56,392.85,250,41800
20240209,14:54:13,389.35,100,41800
20240209,14:58:08,389.45,250,41900
20240209,14:58:17,389.95,150,41900
20240209,14:58:27,390.2,250,41900
20240209,15:00:25,393.3,100,42100
20240209,15:01:10,376.6,1050,42100
20240209,15:02:02,385.0,500,42100
20240209,15:06:12,385.5,150,42200
20240209,15:06:41,382.85,50,42200
20240209,15:08:17,395.35,100,42200
20240209,15:08:37,397.15,50,42200
20240209,15:10:43,399.95,50,42200
20240209,15:10:47,400.0,200,42200
20240209,15:11:00,400.05,300,42200
20240209,15:11:01,400.0,300,42200
20240209,15:11:14,397.2,500,42200
20240209,15:18:28,385.05,50,43050
20240209,15:24:00,380.0,500,43050
20240209,15:26:26,380.0,50,42750
20240209,15:27:22,387.8,50,42750
20240209,15:27:31,386.7,50,42750
20240209,15:28:34,389.85,50,42750
20240209,15:29:18,388.55,50,42800
20240209,15:29:31,383.0,100,42800
20240209,15:29:48,383.55,100,42800
20240209,15:29:49,383.0,250,42800
20240212,09:16:00,389.15,1,42400
20240212,09:16:00,389.15,100,42400
20240212,09:16:18,392.3,50,42400
20240212,09:17:00,392.3,50,42400
20240212,09:17:54,391.2,50,42400
20240212,09:23:45,391.2,100,42450
20240212,09:24:16,400.55,50,42450
20240212,09:25:31,400.55,50,42550
20240212,09:29:19,404.65,50,42600
20240212,09:29:39,404.65,50,42600
20240212,09:34:05,391.9,50,42600
20240212,09:40:45,380.0,50,42600
20240212,09:40:57,375.05,50,42600
20240212,09:42:23,375.05,50,42600
20240212,09:43:05,387.2,50,42700
20240212,09:43:25,385.45,100,42700
20240212,09:46:07,377.95,100,42850
20240212,09:46:59,375.0,50,42850
20240212,09:47:32,374.0,50,42850
20240212,09:48:02,374.0,50,42850
20240212,09:54:39,379.4,50,42800
20240212,10:00:30,360.5,50,42750
20240212,10:02:56,357.0,100,42800
20240212,10:03:06,357.0,50,42800
20240212,10:09:22,358.5,50,42850
20240212,10:09:41,358.9,50,42850
20240212,10:09:51,351.0,50,42950
20240212,10:10:02,350.0,50,42950
20240212,10:12:09,348.7,250,42950
20240212,10:13:04,348.7,150,43300
20240212,10:21:11,348.7,100,43450
20240212,10:26:33,324.4,50,43550
20240212,10:26:54,324.4,50,43550
20240212,10:27:25,324.4,250,43550
20240212,10:27:48,324.4,50,43900
20240212,10:28:21,324.4,50,43900
20240212,10:29:30,333.9,50,43900
20240212,10:32:22,333.9,150,44050
20240212,10:33:21,333.9,100,44050
20240212,10:33:50,330.0,500,44000
20240212,10:37:25,335.0,500,44500
20240212,10:44:55,340.05,50,44000
20240212,10:45:34,334.0,50,44000
20240212,10:46:03,332.25,50,44050
20240212,10:47:32,339.6,50,44050
20240212,10:49:10,332.0,50,44100
20240212,10:53:24,330.0,50,44100
20240212,11:01:21,342.0,50,44200
20240212,11:02:13,342.0,150,44200
20240212,11:02:23,337.15,50,44200
20240212,11:08:39,340.0,500,43950
20240212,11:09:29,345.0,250,43950
20240212,11:13:27,350.0,500,44200
20240212,11:16:51,357.7,100,43700
20240212,11:18:15,352.05,100,43700
20240212,11:24:37,352.05,100,43700
20240212,11:26:31,349.9,100,43700
20240212,11:38:58,342.5,150,43600
20240212,11:47:20,340.45,100,43750
20240212,11:47:30,340.7,150,43750
20240212,11:47:50,340.0,50,43750
20240212,11:49:02,342.55,50,43850
20240212,11:49:22,343.0,50,43850
20240212,11:49:31,342.75,50,43850
20240212,11:56:36,340.65,150,44000
20240212,11:57:18,330.0,250,44000
20240212,11:59:19,337.25,50,44350
20240212,11:59:39,337.95,50,44350
20240212,11:59:48,337.65,100,44350
20240212,11:59:57,338.55,50,44350
20240212,12:04:34,324.0,50,44600
20240212,12:04:55,321.75,150,44600
20240212,12:05:08,320.0,150,44600
20240212,12:05:31,316.4,350,44600
20240212,12:05:45,316.4,50,44600
20240212,12:06:30,315.85,50,44600
20240212,12:06:42,315.45,50,44600
20240212,12:08:29,311.6,50,44800
20240212,12:09:07,305.55,150,44800
20240212,12:09:20,304.55,100,44800
20240212,12:09:42,304.55,200,44800
20240212,12:10:50,312.85,50,45000
20240212,12:11:54,310.0,50,45000
20240212,12:13:43,319.0,50,45050
20240212,12:16:05,321.0,300,45100
20240212,12:16:35,322.35,200,45100
20240212,12:19:35,329.95,50,45000
20240212,12:20:02,330.0,150,45000
20240212,12:25:37,330.0,50,44900
20240212,12:26:49,329.6,50,44900
20240212,12:35:24,332.5,50,45000
20240212,12:36:16,332.25,50,45000
20240212,12:44:08,335.0,150,45000
20240212,12:47:24,332.3,50,44950
20240212,12:48:25,331.85,50,44950
20240212,12:55:41,325.65,50,45050
20240212,12:58:22,324.0,50,45100
20240212,13:00:41,320.1,200,45100
20240212,13:01:53,311.0,50,45350
20240212,13:02:06,309.85,50,45350
20240212,13:02:39,309.7,50,45350
20240212,13:03:01,305.75,150,45350
20240212,13:03:11,303.0,50,45350
20240212,13:05:06,303.0,50,45550
20240212,13:07:30,316.0,1050,45600
20240212,13:14:40,312.7,200,45600
20240212,13:16:29,318.55,50,45600
20240212,13:16:37,317.0,50,45600
20240212,13:17:02,317.95,50,45600
20240212,13:17:11,318.0,1000,45600
20240212,13:18:53,309.35,50,45600
20240212,13:21:33,315.35,50,45650
20240212,13:25:30,315.35,100,45650
20240212,13:27:17,317.25,50,45700
20240212,13:28:58,321.0,550,45750
20240212,13:32:57,325.0,500,45750
20240212,13:33:36,330.6,100,45750
20240212,13:33:55,332.9,50,45750
20240212,13:34:05,332.8,200,45750
20240212,13:34:15,332.8,500,45950
20240212,13:34:42,332.0,50,45950
20240212,13:35:07,333.0,550,45950
20240212,13:35:33,335.0,300,45950
20240212,13:40:39,324.85,100,46150
20240212,13:42:01,324.7,50,46150
20240212,13:42:56,326.8,350,46150
20240212,13:43:05,326.4,100,46150
20240212,13:43:13,326.9,200,46150
20240212,13:43:38,324.95,50,46750
20240212,13:43:46,325.8,50,46750
20240212,13:45:03,324.6,50,46750
20240212,13:46:22,328.95,200,46900
20240212,13:46:31,329.85,400,46900
20240212,13:46:40,327.95,50,46900
20240212,13:47:26,331.65,50,46900
20240212,13:48:09,330.35,100,46900
20240212,13:49:11,334.0,250,46900
20240212,13:49:20,333.75,50,46900
20240212,13:49:29,332.65,100,47900
20240212,13:49:38,334.15,250,47900
20240212,13:49:47,334.9,350,47900
20240212,13:50:04,334.55,150,47900
20240212,13:50:20,334.0,100,47900
20240212,13:50:37,334.0,50,47900
20240212,13:51:27,334.75,150,47900
20240212,13:51:35,334.65,50,47900
20240212,13:51:44,332.9,100,47900
20240212,13:53:03,327.0,50,49150
20240212,13:53:22,328.2,200,49150
20240212,13:53:31,327.6,50,49150
20240212,13:53:40,326.7,100,49150
20240212,13:54:10,322.95,200,49150
20240212,13:57:36,327.1,50,49650
20240212,13:59:56,327.75,50,49700
20240212,14:00:23,330.9,200,49700
20240212,14:00:59,334.65,50,49700
20240212,14:02:23,335.2,250,49700
20240212,14:03:10,338.0,200,49700
20240212,14:04:32,338.3,150,49950
20240212,14:04:41,338.3,100,49950
20240212,14:04:58,340.0,700,49950
20240212,14:05:55,341.2,100,49950
20240212,14:09:56,332.0,50,51000
20240212,14:13:47,345.0,500,51050
20240212,14:14:08,348.05,50,51050
20240212,14:15:10,351.4,50,51050
20240212,14:20:17,338.05,50,51150
20240212,14:22:12,333.0,50,51150
20240212,14:29:39,324.85,250,51250
20240212,14:32:02,334.0,100,51500
20240212,14:38:49,322.0,500,51500
20240212,14:41:00,320.0,150,51500
20240212,14:50:43,318.0,450,51650
20240212,14:54:37,316.1,50,51700
20240212,15:00:03,310.75,100,51700
20240212,15:11:25,310.75,400,51700
20240212,15:11:36,309.0,50,51700
20240212,15:12:52,303.0,50,51700
20240212,15:17:13,303.0,150,52100
20240212,15:18:36,299.0,300,52100
20240212,15:19:14,299.0,200,52100
20240212,15:20:54,299.0,1250,52450
20240212,15:23:40,303.5,50,52350
20240212,15:24:17,308.95,100,52350
20240212,15:24:26,309.65,1150,52350
20240212,15:27:32,312.7,250,52100
20240213,09:16:42,329.95,1,51950
20240213,09:16:42,330.0,1,51950
20240213,09:16:42,324.8,900,51950
20240213,09:16:52,329.65,100,51950
20240213,09:18:00,320.0,250,51950
20240213,09:21:32,316.55,50,51000
20240213,09:22:22,314.0,500,51000
20240213,09:23:19,303.15,50,51000
20240213,09:23:30,303.05,100,51000
20240213,09:23:40,303.0,500,51000
20240213,09:30:15,301.55,100,51100
20240213,09:30:26,301.55,250,51100
20240213,09:31:29,295.0,300,51000
20240213,09:31:41,290.0,50,51000
20240213,09:32:02,290.0,100,51000
20240213,09:33:07,284.0,250,51000
20240213,09:33:57,284.0,50,51150
20240213,09:34:27,284.0,100,51150
20240213,09:34:39,295.15,400,51150
20240213,09:36:18,301.7,150,51150
20240213,09:36:31,308.0,600,51150
20240213,09:36:42,308.0,50,51150
20240213,09:39:33,312.95,100,51100
20240213,09:40:25,313.0,500,51050
20240213,09:40:48,307.95,250,51050
20240213,09:42:49,309.4,50,51050
20240213,09:45:11,304.35,100,51050
20240213,09:46:08,299.05,100,51100
20240213,09:49:42,299.85,100,51200
20240213,09:51:15,302.95,100,51200
20240213,09:51:47,297.25,100,51200
20240213,09:55:08,312.0,50,51300
20240213,09:56:29,318.6,550,51300
20240213,09:56:40,319.7,500,51300
20240213,09:57:13,322.0,50,51300
20240213,09:59:07,321.1,1000,52050
20240213,09:59:38,331.0,100,52050
20240213,10:00:12,331.0,300,52050
20240213,10:04:29,331.0,50,50900
20240213,10:05:39,327.25,50,50900
20240213,10:05:49,331.0,300,50900
20240213,10:06:30,334.95,100,50900
20240213,10:06:41,335.0,450,50900
20240213,10:10:24,341.0,50,50550
20240213,10:12:47,346.2,50,50550
20240213,10:15:27,346.2,150,50500
20240213,10:15:36,346.2,50,50500
20240213,10:15:46,346.25,50,50500
20240213,10:16:29,346.25,50,50200
20240213,10:17:11,333.25,1100,50200
20240213,10:17:21,338.75,100,50200
20240213,10:17:31,340.9,200,50200
20240213,10:19:12,340.35,50,50150
20240213,10:19:22,335.0,50,50150
20240213,10:23:08,332.05,100,50200
20240213,10:26:15,329.0,400,50200
20240213,10:38:40,339.8,100,50300
20240213,10:42:22,339.0,100,50250
20240213,10:50:20,348.0,50,50150
20240213,10:51:17,359.7,300,50150
20240213,10:53:43,365.0,50,50000
20240213,10:54:00,365.0,50,50000
20240213,10:54:29,364.6,50,50000
20240213,10:58:42,352.95,50,49850
20240213,10:58:45,353.1,150,49850
20240213,11:01:48,352.0,50,49750
20240213,11:03:06,358.35,300,49750
20240213,11:05:27,358.95,500,49950
20240213,11:05:38,359.15,250,49950
20240213,11:05:48,360.7,500,49950
20240213,11:05:58,360.7,250,49950
20240213,11:06:08,360.4,250,49950
20240213,11:06:28,360.55,250,49950
20240213,11:06:38,359.8,300,49950
20240213,11:06:49,360.35,250,49950
20240213,11:06:59,361.2,450,52600
20240213,11:07:10,361.55,250,52600
20240213,11:08:33,357.0,300,52600
20240213,11:09:12,358.0,400,52600
20240213,11:09:41,358.4,50,52600
20240213,11:10:10,358.55,50,53250
20240213,11:11:46,358.75,50,53250
20240213,11:11:56,358.9,200,53250
20240213,11:12:06,353.7,50,53250
20240213,11:12:36,364.35,350,53250
20240213,11:12:46,365.0,600,53250
20240213,11:12:57,367.0,1250,53250
20240213,11:13:20,367.0,500,54950
20240213,11:13:31,364.35,100,54950
20240213,11:13:42,363.05,600,54950
20240213,11:13:53,368.65,350,54950
20240213,11:14:02,368.5,150,54950
20240213,11:14:23,368.65,250,54950
20240213,11:14:33,368.5,100,54950
20240213,11:14:44,368.5,200,54950
20240213,11:19:32,353.4,50,56500
20240213,11:21:58,353.2,200,56500
20240213,11:26:40,351.45,200,56500
20240213,11:30:43,338.75,150,56550
20240213,11:31:03,338.1,1550,56500
20240213,11:31:23,338.0,1500,56500
20240213,11:31:42,342.55,250,56500
20240213,11:32:38,342.0,1500,56500
20240213,11:32:57,347.15,500,56500
20240213,11:33:07,348.15,300,56500
20240213,11:33:17,351.55,250,56500
20240213,11:33:55,351.0,550,56500
20240213,11:34:04,351.0,250,56500
20240213,11:35:12,350.0,350,58600
20240213,11:35:13,350.0,350,58600
20240213,11:35:15,350.0,50,58600
20240213,11:50:22,335.0,200,58600
20240213,11:50:30,335.0,350,58600
20240213,11:50:39,335.0,900,58600
20240213,11:51:49,340.25,50,58600
20240213,11:53:03,345.0,50,58800
20240213,11:54:04,345.0,50,58800
20240213,11:58:00,348.8,100,58900
20240213,11:59:06,349.0,50,58950
20240213,11:59:32,345.85,50,58950
20240213,12:01:08,346.45,50,58950
20240213,12:06:30,325.6,50,58900
20240213,12:06:59,330.45,400,58900
20240213,12:11:35,330.35,250,59200
20240213,12:12:47,329.95,100,59200
20240213,12:13:05,327.45,100,59200
20240213,12:14:31,310.0,200,59450
20240213,12:15:16,299.7,50,59450
20240213,12:15:35,299.7,150,59450
20240213,12:16:31,304.0,100,59450
20240213,12:16:59,304.8,100,59450
20240213,12:17:14,306.1,150,59450
20240213,12:21:43,306.65,100,59600
20240213,12:25:35,303.2,50,59700
20240213,12:26:31,302.5,50,59700
20240213,12:28:14,302.5,350,59700
20240213,12:28:31,302.5,300,59700
20240213,12:28:41,302.5,600,59700
20240213,12:29:01,298.0,300,59700
20240213,12:35:52,306.65,50,59800
20240213,12:51:39,306.65,50,59800
20240213,12:51:48,305.0,250,59800
20240213,12:56:29,309.9,100,60100
20240213,12:59:14,314.0,50,60100
20240213,12:59:37,317.0,350,60100
20240213,13:00:27,323.65,50,60100
20240213,13:01:17,339.3,300,59800
20240213,13:02:10,338.95,400,59800
20240213,13:11:11,330.4,50,60200
20240213,13:12:07,330.35,500,60200
20240213,13:13:14,330.45,100,60200
20240213,13:14:30,325.35,50,60750
20240213,13:15:17,323.45,50,60750
20240213,13:21:55,329.35,200,60800
20240213,13:27:09,335.25,250,61000
20240213,13:27:43,339.95,250,61000
20240213,13:27:53,340.0,500,61000
20240213,13:28:14,340.15,250,61000
20240213,13:34:35,347.3,250,62200
20240213,13:34:48,350.0,50,62200
20240213,13:37:44,350.0,100,62400
20240213,13:38:50,354.3,50,62400
20240213,13:39:02,353.5,50,62400
20240213,13:39:45,355.0,100,62400
20240213,13:40:28,353.1,50,62400
20240213,13:40:59,356.0,50,62250
20240213,13:43:00,350.0,400,62250
20240213,13:44:39,354.0,100,62200
20240213,13:45:39,358.8,200,62200
20240213,13:45:50,360.0,200,62200
20240213,13:49:51,352.4,50,61900
20240213,13:53:28,355.0,50,61950
20240213,13:54:18,360.0,50,61950
20240213,13:56:15,361.75,50,61850
20240213,13:56:33,362.2,200,61850
20240213,13:59:39,357.75,250,62100
20240213,14:00:35,360.0,250,62100
20240213,14:00:46,361.6,550,62100
20240213,14:00:56,361.6,250,62100
20240213,14:01:06,361.85,750,62100
20240213,14:01:24,361.85,50,62100
20240213,14:02:16,362.0,250,63600
20240213,14:02:47,360.7,500,63600
20240213,14:03:37,358.5,250,63600
20240213,14:05:27,365.95,50,64600
20240213,14:06:05,369.0,50,64600
20240213,14:07:12,369.15,250,64600
20240213,14:07:23,373.2,50,64600
20240213,14:07:54,373.2,450,64800
20240213,14:08:05,371.15,50,64800
20240213,14:08:15,371.25,450,64800
20240213,14:08:37,368.8,50,64800
20240213,14:09:20,364.2,250,64800
20240213,14:09:44,365.3,500,64800
20240213,14:10:07,365.05,300,64800
20240213,14:11:45,348.0,50,66850
20240213,14:16:28,338.15,100,66850
20240213,14:20:20,346.4,50,66850
20240213,14:22:10,344.0,50,66850
20240213,14:22:49,341.0,200,66950
20240213,14:25:16,348.7,250,66950
20240213,14:26:41,348.1,50,67350
20240213,14:27:55,349.95,50,67350
20240213,14:35:12,359.45,50,67300
20240213,14:36:44,353.8,50,67300
20240213,14:36:54,355.0,150,67300
20240213,14:41:23,344.25,50,67150
20240213,14:47:24,343.8,250,67200
20240213,14:48:03,340.0,100,67200
20240213,14:49:03,339.25,250,67200
20240213,14:50:21,346.8,350,67800
20240213,14:55:04,350.0,50,68150
20240213,14:56:09,351.95,50,68100
20240213,14:56:41,352.0,100,68100
20240213,14:56:52,351.95,100,68100
20240213,15:00:23,353.95,150,68200
20240213,15:03:38,358.3,200,68350
20240213,15:03:48,358.45,100,68350
20240213,15:05:08,356.75,50,68350
20240213,15:07:32,354.75,100,68350
20240213,15:10:16,363.7,250,68300
20240213,15:10:26,364.75,50,68300
20240213,15:11:42,362.0,50,68500
20240213,15:16:08,362.2,200,68450
20240213,15:23:30,355.45,50,68650
20240213,15:23:39,355.45,50,68650
20240213,15:24:14,354.0,50,68650
20240213,15:24:31,357.0,100,68650
20240213,15:26:34,351.0,300,68750
20240213,15:27:23,353.2,150,68750
20240213,15:27:37,351.95,50,68750
20240213,15:27:57,347.85,100,68750
20240213,15:29:23,353.0,400,68850
20240214,09:16:11,270.15,1,68650
20240214,09:16:11,270.15,100,68650
20240214,09:16:19,270.05,300,68650
20240214,09:16:58,274.25,50,68650
20240214,09:17:06,274.25,300,68650
20240214,09:17:14,265.0,50,68650
20240214,09:17:30,265.0,100,68650
20240214,09:17:39,268.85,50,68650
20240214,09:18:26,268.8,50,68650
20240214,09:20:27,268.0,50,68950
20240214,09:20:37,268.0,50,68950
20240214,09:20:46,272.0,200,68950
20240214,09:20:55,272.0,50,68950
20240214,09:22:42,267.8,50,69300
20240214,09:23:05,258.0,500,69300
20240214,09:23:37,260.45,50,69300
20240214,09:24:24,264.95,50,69300
20240214,09:24:34,260.95,50,69300
20240214,09:25:22,259.55,50,69300
20240214,09:25:41,255.05,50,69300
20240214,09:26:33,255.05,100,69300
20240214,09:27:01,257.0,50,69300
20240214,09:27:10,255.1,100,69300
20240214,09:27:22,255.05,50,69300
20240214,09:27:43,253.85,100,69300
20240214,09:27:55,251.2,550,69300
20240214,09:28:14,253.0,100,69300
20240214,09:30:11,257.85,50,69300
20240214,09:30:39,253.0,50,69300
20240214,09:32:04,254.5,50,69400
20240214,09:32:22,256.0,100,69400
20240214,09:36:35,261.55,50,69400
20240214,09:37:32,260.0,50,69400
20240214,09:38:27,261.5,50,69400
20240214,09:38:58,265.3,100,69400
20240214,09:40:34,262.8,950,69250
20240214,09:40:53,262.0,400,69250
20240214,09:41:59,258.5,100,69250
20240214,09:44:29,259.95,100,69250
20240214,09:44:38,260.0,1800,69250
20240214,09:45:41,258.0,150,69250
20240214,09:45:58,256.0,150,69300
20240214,09:54:55,264.7,50,69450
20240214,09:55:04,267.0,500,69400
20240214,10:00:06,269.0,500,69400
20240214,10:00:15,267.0,50,69400
20240214,10:00:51,275.0,50,69400
20240214,10:02:32,275.0,50,69400
20240214,10:03:05,277.0,50,69400
20240214,10:04:39,277.0,100,69400
20240214,10:05:06,260.2,50,69400
20240214,10:11:18,271.3,150,69400
20240214,10:12:46,275.0,50,69400
20240214,10:14:15,274.2,50,69450
20240214,10:15:01,280.0,50,69450
20240214,10:15:12,280.0,50,69450
20240214,10:21:10,280.0,50,69500
20240214,10:23:23,276.35,100,69450
20240214,10:23:32,276.0,50,69450
20240214,10:24:08,276.0,50,69450
20240214,10:39:26,277.5,50,69450
20240214,10:43:05,275.75,50,69400
20240214,10:46:10,269.4,150,69400
20240214,10:47:44,265.45,100,69400
20240214,10:56:13,282.0,50,69450
20240214,10:57:55,292.2,300,69450
20240214,10:58:54,288.1,50,69700
20240214,11:00:05,282.9,150,69700
20240214,11:06:14,287.75,50,69750
20240214,11:06:40,286.05,50,69750
20240214,11:07:33,286.05,150,69750
20240214,11:11:27,281.0,50,69700
20240214,11:12:19,274.6,100,69700
20240214,11:15:08,271.75,100,69650
20240214,11:17:44,271.0,500,69750
20240214,11:29:50,273.35,50,69750
20240214,11:32:31,272.3,50,69750
20240214,11:36:34,268.0,300,69800
20240214,11:37:10,265.45,100,69800
20240214,11:58:45,277.25,100,69900
20240214,12:11:12,276.7,250,69900
20240214,12:11:27,277.6,100,69900
20240214,12:12:28,277.1,250,69900
20240214,12:14:06,281.4,200,70000
20240214,12:18:17,280.6,50,70000
20240214,12:18:49,278.6,150,70000
20240214,12:19:12,277.65,150,70000
20240214,12:19:44,278.2,150,70150
20240214,12:20:38,280.05,50,70150
20240214,12:24:09,284.0,350,70000
20240214,12:30:20,293.4,100,69800
20240214,12:31:18,305.0,100,69800
20240214,12:32:06,309.0,100,69700
20240214,12:34:06,309.0,100,69700
20240214,12:34:15,300.55,50,69700
20240214,12:37:01,304.75,50,69550
20240214,12:42:59,304.0,100,69600
20240214,12:48:09,302.25,250,69600
20240214,12:51:43,302.0,150,69550
20240214,13:01:16,314.0,350,69500
20240214,13:15:55,314.0,300,69850
20240214,13:16:04,312.5,600,69850
20240214,13:16:13,311.6,650,69850
20240214,13:16:22,312.6,250,69850
20240214,13:16:31,311.95,250,71700
20240214,13:16:49,311.95,400,71700
20240214,13:16:57,311.25,200,71700
20240214,13:18:08,308.95,450,71700
20240214,13:18:17,307.95,150,71700
20240214,13:19:01,303.8,50,71700
20240214,13:20:11,306.25,50,73150
20240214,13:25:17,300.0,50,73150
20240214,13:25:50,301.6,50,73200
20240214,13:30:52,301.6,50,73250
20240214,13:47:56,304.75,50,73200
20240214,13:51:20,304.6,250,73250
20240214,13:51:43,304.6,350,73250
20240214,13:51:52,303.8,1200,73250
20240214,13:53:20,300.9,600,75050
20240214,13:53:28,300.6,200,75050
20240214,13:53:35,300.6,1000,75050
20240214,13:55:57,296.65,1100,76850
20240214,13:56:06,296.1,850,76850
20240214,13:56:31,296.2,800,76850
20240214,13:56:40,295.65,1000,76850
20240214,13:58:50,299.6,50,80450
20240214,13:59:23,299.05,150,80450
20240214,14:00:10,298.4,50,80450
20240214,14:06:13,307.1,50,80600
20240214,14:06:58,307.1,50,80600
20240214,14:08:57,308.0,50,80650
20240214,14:14:02,326.25,50,80600
20240214,14:14:31,330.0,100,80600
20240214,14:17:44,339.95,100,80450
20240214,14:18:32,338.8,200,80450
20240214,14:19:08,335.85,800,80450
20240214,14:19:17,334.3,1900,80450
20240214,14:19:27,334.2,1300,80450
20240214,14:20:09,334.0,50,84350
20240214,14:22:43,338.0,1000,84350
20240214,14:22:52,338.0,350,84350
20240214,14:23:12,338.0,50,84350
20240214,14:24:12,349.0,50,84350
20240214,14:24:22,351.9,1500,84350
20240214,14:24:51,357.0,1500,84350
20240214,14:25:29,357.0,200,84350
20240214,14:25:38,347.6,1500,87200
20240214,14:25:47,343.75,100,87200
20240214,14:26:05,345.55,1500,87200
20240214,14:28:44,340.0,100,90200
20240214,14:29:37,343.9,200,90200
20240214,14:32:59,364.0,250,90250
20240214,14:33:10,365.0,50,90250
20240214,14:33:31,369.0,100,90250
20240214,14:34:34,375.35,300,90250
20240214,14:35:03,378.05,50,89900
20240214,14:35:32,385.8,150,89900
20240214,14:35:51,380.3,100,89900
20240214,14:36:19,373.0,100,89900
20240214,14:38:05,368.05,100,90200
20240214,14:38:52,380.0,1700,90200
20240214,14:39:11,379.35,100,90200
20240214,14:39:21,379.35,250,90200
20240214,14:39:40,381.0,50,90200
20240214,14:39:57,381.0,50,90200
20240214,14:40:49,381.0,50,88600
20240214,14:42:41,376.9,50,88600
20240214,14:43:19,378.0,200,88600
20240214,14:43:28,381.0,50,88600
20240214,14:43:57,386.55,450,88300
20240214,14:45:19,385.2,1500,88300
20240214,14:45:38,390.0,350,88300
20240214,14:46:19,390.0,100,88300
20240214,14:46:46,384.65,200,86750
20240214,14:46:54,385.05,50,86750
20240214,14:47:30,382.4,200,86750
20240214,14:48:41,381.55,100,86750
20240214,14:48:58,382.4,250,86750
20240214,14:49:25,383.15,1600,86750
20240214,14:49:42,383.15,1550,86750
20240214,14:49:51,387.0,100,83600
20240214,14:50:01,389.0,1350,83600
20240214,14:50:29,389.0,50,83600
20240214,14:52:47,389.0,50,83400
20240214,14:53:55,389.0,100,83400
20240214,14:54:47,389.0,200,83400
20240214,14:54:56,389.0,50,83400
20240214,14:55:31,384.15,50,83400
20240214,14:56:34,389.0,50,83450
20240214,14:57:31,395.55,50,83450
20240214,14:57:40,398.35,50,83450
20240214,14:57:59,398.35,50,83450
20240214,14:58:07,398.5,100,83450
20240214,14:58:17,400.0,300,83450
20240214,14:58:57,409.0,50,83100
20240214,14:59:07,411.75,300,83100
20240214,14:59:46,411.75,500,83100
20240214,15:00:06,417.55,500,83100
20240214,15:00:39,417.55,50,83100
20240214,15:00:48,417.3,50,83100
20240214,15:00:57,420.0,150,83100
20240214,15:01:20,423.05,200,83100
20240214,15:05:55,423.05,100,83500
20240214,15:06:04,403.8,200,83500
20240214,15:08:09,410.5,100,83350
20240214,15:08:37,412.2,250,83350
20240214,15:10:15,406.7,250,83350
20240214,15:12:08,396.9,200,83000
20240214,15:12:19,391.9,200,83000
20240214,15:12:39,390.0,500,83000
20240214,15:12:59,390.0,50,83000
20240214,15:13:50,380.0,500,83000
20240214,15:14:01,382.95,100,83100
20240214,15:14:11,383.0,150,83100
20240214,15:14:40,388.6,50,83100
20240214,15:19:43,398.6,250,83050
20240214,15:20:11,396.0,50,83300
20240214,15:20:38,396.0,50,83300
20240214,15:21:15,396.95,50,83300
20240214,15:22:13,395.3,100,83300
20240214,15:22:22,397.9,200,83300
20240214,15:24:00,400.95,50,83350
20240214,15:24:26,401.2,50,83350
20240214,15:25:03,403.45,100,83350
20240214,15:25:51,404.95,50,83150
20240214,15:26:42,401.4,50,83150
20240214,15:27:07,401.1,50,83150
20240214,15:27:24,405.45,150,83150
20240214,15:27:50,406.95,350,83150
20240214,15:28:26,410.65,100,83150
20240214,15:28:43,410.8,100,83150
20240214,15:29:34,407.15,150,83500
20240214,15:29:43,406.95,50,83500
20240215,09:15:34,382.7,1,83400
20240215,09:15:34,382.7,50,83400
20240215,09:15:54,413.55,50,83400
20240215,09:18:57,419.35,250,83400
20240215,09:19:35,419.35,50,83400
20240215,09:19:54,415.0,50,83400
20240215,09:22:09,401.85,50,83250
20240215,09:22:19,401.85,50,83250
20240215,09:22:56,405.0,50,83250
20240215,09:23:32,415.0,150,83250
20240215,09:23:41,411.1,50,83250
20240215,09:23:59,419.25,150,83250
20240215,09:24:09,420.0,50,83250
20240215,09:26:18,420.0,100,83200
20240215,09:32:15,403.4,650,83100
20240215,09:33:42,401.9,150,83150
20240215,09:34:28,390.0,50,83150
20240215,09:35:03,382.0,100,83150
20240215,09:35:15,380.0,50,83150
20240215,09:35:37,380.0,400,83150
20240215,09:35:46,389.0,600,83150
20240215,09:35:56,389.75,300,83150
20240215,09:36:07,388.0,50,83150
20240215,09:37:57,392.0,100,83200
20240215,09:38:54,392.0,50,83200
20240215,09:39:13,390.25,100,83200
20240215,09:39:55,380.6,250,83350
20240215,09:40:05,376.45,50,83350
20240215,09:41:33,376.45,50,83350
20240215,09:42:13,385.4,250,83350
20240215,09:43:16,376.45,200,83950
20240215,09:43:54,377.0,50,83950
20240215,09:44:55,380.3,100,83950
20240215,09:45:22,385.0,300,83950
20240215,09:45:32,384.2,50,83950
20240215,09:46:06,392.85,250,84050
20240215,09:46:43,390.0,50,84050
20240215,09:47:01,385.0,50,84050
20240215,09:48:16,395.4,100,84050
20240215,09:48:29,419.9,950,84050
20240215,09:48:41,424.95,50,84050
20240215,09:48:52,424.95,100,84150
20240215,09:49:15,401.75,100,84150
20240215,09:49:38,407.65,100,84150
20240215,09:50:44,416.6,100,84150
20240215,09:51:13,416.0,50,84150
20240215,09:52:12,398.2,150,84250
20240215,09:52:23,401.45,50,84250
20240215,09:52:42,405.55,50,84250
20240215,09:55:10,378.2,650,84200
20240215,09:55:22,376.25,300,84200
20240215,09:55:44,375.75,300,84200
20240215,09:55:56,372.0,100,84200
20240215,09:56:08,371.75,50,84200
20240215,09:56:28,371.75,50,84200
20240215,09:56:38,377.2,50,84200
20240215,09:58:34,371.8,50,84150
20240215,09:58:42,374.25,100,84150
20240215,09:58:59,373.95,50,84150
20240215,09:59:17,372.65,50,84150
20240215,09:59:25,377.2,50,84150
20240215,09:59:45,370.0,50,84150
20240215,10:00:06,366.8,200,84150
20240215,10:00:18,366.8,300,84150
20240215,10:01:18,370.5,50,84300
20240215,10:03:34,388.0,200,84300
20240215,10:03:52,385.0,250,84350
20240215,10:04:02,382.25,150,84350
20240215,10:05:36,390.4,300,84350
20240215,10:06:21,397.65,200,84350
20240215,10:06:39,396.2,50,84350
20240215,10:07:42,402.0,100,84100
20240215,10:08:39,399.55,50,84100
20240215,10:09:59,397.15,100,84050
20240215,10:13:25,409.0,50,84000
20240215,10:14:29,420.0,100,84000
20240215,10:15:50,420.0,200,83950
20240215,10:16:09,425.0,50,83950
20240215,10:20:27,425.0,50,83900
20240215,10:22:35,415.25,150,83950
20240215,10:22:43,408.95,100,83950
20240215,10:31:27,425.0,200,83950
20240215,10:32:42,414.0,50,83950
20240215,10:33:47,408.7,50,83950
20240215,10:50:25,408.25,50,83850
20240215,10:53:13,409.0,50,83900
20240215,10:56:32,384.65,50,83950
20240215,10:59:20,394.3,100,83950
20240215,11:04:47,398.85,50,84050
20240215,11:05:05,391.7,500,84050
20240215,11:05:23,398.35,50,84050
20240215,11:06:07,398.85,50,84050
20240215,11:06:15,402.65,250,84050
20240215,11:06:41,402.65,100,84050
20240215,11:06:49,403.65,100,84050
20240215,11:06:58,403.25,50,84100
20240215,11:08:25,399.65,250,84100
20240215,11:08:34,400.9,100,84100
20240215,11:08:51,400.9,150,84100
20240215,11:08:59,400.9,50,84100
20240215,11:09:08,402.35,100,84100
20240215,11:09:26,400.75,50,84100
20240215,11:09:34,399.05,50,84100
20240215,11:10:01,402.5,250,84800
20240215,11:10:55,404.65,50,84800
20240215,11:11:12,405.35,100,84800
20240215,11:11:20,405.15,250,84800
20240215,11:11:28,406.8,200,84800
20240215,11:12:03,405.2,100,84800
20240215,11:19:03,404.85,50,85600
20240215,11:19:45,403.25,50,85600
20240215,11:24:01,410.85,50,85700
20240215,11:25:40,393.45,50,85650
20240215,11:37:29,395.3,50,85700
20240215,11:39:12,398.55,50,85700
20240215,11:40:09,405.7,50,85750
20240215,11:42:29,393.95,50,85750
20240215,11:44:51,401.4,50,85800
20240215,11:47:22,404.4,50,85850
20240215,11:54:37,412.0,100,85900
20240215,11:56:05,408.0,150,85800
20240215,12:03:30,400.1,50,85650
20240215,12:04:11,402.8,50,85700
20240215,12:04:19,403.3,50,85700
20240215,12:14:28,403.3,50,85650
20240215,12:20:22,396.2,50,85600
20240215,12:23:02,405.3,50,85550
20240215,12:23:20,409.6,50,85550
20240215,12:24:02,411.0,50,85550
20240215,12:24:54,413.4,400,85550
20240215,12:25:03,413.8,200,85550
20240215,12:25:13,412.45,600,86200
20240215,12:25:21,412.05,100,86200
20240215,12:27:01,410.25,250,86200
20240215,12:27:18,409.9,250,86200
20240215,12:27:25,409.85,50,86200
20240215,12:27:41,410.35,50,86200
20240215,12:28:02,409.55,50,86200
20240215,12:28:19,408.5,150,87600
20240215,12:28:22,408.55,50,87600
20240215,12:28:23,408.55,50,87600
20240215,12:28:29,409.3,150,87600
20240215,12:28:44,408.05,50,87600
20240215,12:29:00,409.15,100,87600
20240215,12:29:16,408.45,50,87600
20240215,12:30:29,404.55,50,87600
20240215,12:30:44,406.4,50,87600
20240215,12:30:52,407.4,400,87600
20240215,12:31:25,402.35,100,88700
20240215,12:32:14,400.35,100,88700
20240215,12:33:29,398.6,50,88700
20240215,12:33:40,388.15,200,88700
20240215,12:34:37,389.15,50,89100
20240215,12:35:12,395.7,100,89100
20240215,12:35:30,397.7,100,89100
20240215,12:35:38,398.15,100,89100
20240215,12:36:04,398.8,50,89100
20240215,12:36:12,399.75,50,89100
20240215,12:36:29,400.1,100,89100
20240215,12:36:37,399.7,50,89100
20240215,12:37:10,400.2,300,89100
20240215,12:38:08,398.45,150,89900
20240215,12:38:33,399.0,50,89900
20240215,12:38:41,401.6,150,89900
20240215,12:38:51,402.7,100,89900
20240215,12:39:24,399.8,100,89900
20240215,12:39:57,400.1,50,89900
20240215,12:40:13,400.5,100,90500
20240215,12:40:29,400.0,100,90500
20240215,12:40:45,399.75,50,90500
20240215,12:41:25,399.8,50,90500
20240215,12:41:42,401.85,150,90500
20240215,12:42:07,400.15,50,90500
20240215,12:42:15,401.0,50,90500
20240215,12:45:52,399.2,100,91050
20240215,12:46:00,398.7,200,91050
20240215,12:46:51,398.7,300,91350
20240215,12:47:00,399.25,50,91350
20240215,12:49:05,404.5,250,91350
20240215,12:49:14,405.3,50,91950
20240215,12:50:09,408.05,400,91950
20240215,12:51:17,405.0,150,91950
20240215,12:52:50,410.45,150,92150
20240215,12:55:54,404.6,50,92300
20240215,12:58:11,405.75,50,92300
20240215,12:59:37,406.3,50,92400
20240215,13:02:03,406.1,100,92450
20240215,13:02:21,399.45,400,92450
20240215,13:04:35,410.25,300,92450
20240215,13:04:44,408.7,150,92450
20240215,13:04:53,409.4,50,92450
20240215,13:11:09,410.25,50,92950
20240215,13:20:24,405.25,50,93000
20240215,13:21:48,407.85,100,93000
20240215,13:22:54,413.9,50,92900
20240215,13:23:54,416.8,200,92900
20240215,13:25:53,411.35,50,93150
20240215,13:30:37,416.0,50,93200
20240215,13:31:10,416.0,100,93200
20240215,13:33:36,416.2,50,93050
20240215,13:34:49,414.55,100,93100
20240215,13:37:18,420.05,50,93100
20240215,13:38:47,428.0,100,93150
20240215,13:39:37,440.45,50,93150
20240215,13:40:01,451.8,250,93150
20240215,13:40:33,451.8,50,93150
20240215,13:40:43,448.0,50,93150
20240215,13:41:41,456.45,1100,93150
20240215,13:41:51,451.55,50,93150
20240215,13:42:02,464.85,50,93150
20240215,13:42:25,464.85,50,93150
20240215,13:43:04,464.85,50,93150
20240215,13:43:52,459.25,50,94250
20240215,13:45:10,468.5,50,94250
20240215,13:45:39,468.5,150,94250
20240215,13:45:48,458.65,50,94250
20240215,13:46:07,460.0,50,94250
20240215,13:46:34,465.9,50,94100
20240215,13:47:45,464.9,50,94100
20240215,13:47:54,464.7,50,94100
20240215,13:48:27,470.2,50,94100
20240215,13:48:36,471.0,50,94100
20240215,13:49:02,471.0,50,94100
20240215,13:49:11,471.0,100,94100
20240215,13:49:36,464.8,100,94200
20240215,13:49:45,464.8,50,94200
20240215,13:50:02,465.2,100,94200
20240215,13:51:32,465.7,50,94200
20240215,13:52:09,464.3,50,94200
20240215,13:52:18,460.25,100,94200
20240215,13:52:27,461.15,150,94050
20240215,13:52:36,466.05,50,94050
20240215,13:56:47,464.4,50,94050
20240215,13:59:24,469.7,100,94100
20240215,13:59:33,469.9,50,94100
20240215,14:00:00,470.0,50,94100
20240215,14:02:38,464.6,100,94200
20240215,14:04:01,461.55,50,94200
20240215,14:04:54,455.0,50,94300
20240215,14:05:15,452.5,50,94300
20240215,14:05:24,454.5,100,94300
20240215,14:05:34,459.4,50,94300
20240215,14:05:44,460.25,150,94300
20240215,14:05:53,461.5,150,94300
20240215,14:06:31,459.2,50,94300
20240215,14:06:50,460.5,50,94300
20240215,14:12:56,464.15,500,94850
20240215,14:15:06,447.65,50,95350
20240215,14:16:16,448.1,150,95350
20240215,14:16:35,449.95,50,95500
20240215,14:16:45,450.0,50,95500
20240215,14:19:19,445.75,100,95500
20240215,14:19:28,445.0,50,95500
20240215,14:19:56,448.7,50,95500
20240215,14:20:05,447.45,400,95500
20240215,14:20:22,444.05,800,95500
20240215,14:23:44,449.1,100,95300
20240215,14:24:35,436.3,100,95300
20240215,14:25:39,430.0,50,95350
20240215,14:27:52,441.9,250,95350
20240215,14:28:01,438.35,200,95350
20240215,14:35:04,440.7,350,95350
20240215,14:35:20,434.75,350,95350
20240215,14:36:28,438.55,1000,95350
20240215,14:42:38,436.45,50,95350
20240215,14:44:01,441.0,200,95350
20240215,14:45:02,441.0,200,95350
20240215,14:45:41,444.0,100,95350
20240215,14:47:30,441.25,50,95350
20240215,14:52:51,451.15,50,95350
20240215,14:54:33,447.8,50,95350
20240215,14:54:51,450.9,350,95350
20240215,14:55:00,450.25,300,95350
20240215,14:55:10,451.65,100,95350
20240215,14:57:50,441.85,50,96150
20240215,14:59:04,442.45,50,96150
20240215,14:59:50,446.05,50,96150
20240215,15:00:17,444.0,250,96150
20240215,15:00:27,443.85,50,96150
20240215,15:00:37,442.6,50,96150
20240215,15:00:46,446.85,50,96150
20240215,15:01:14,445.85,100,96150
20240215,15:01:24,444.9,350,96150
20240215,15:01:34,444.9,50,96150
20240215,15:01:43,445.45,50,96700
20240215,15:02:01,447.6,100,96700
20240215,15:02:40,447.0,350,96700
20240215,15:02:50,444.15,50,96700
20240215,15:03:00,442.0,50,96700
20240215,15:03:10,441.2,50,96700
20240215,15:04:07,433.65,50,96700
20240215,15:04:17,442.85,50,96700
20240215,15:04:27,443.55,100,96700
20240215,15:06:24,441.45,100,97100
20240215,15:06:34,440.6,100,97100
20240215,15:07:01,443.55,50,97100
20240215,15:11:48,443.7,50,97250
20240215,15:12:04,443.35,100,97250
20240215,15:13:36,445.15,50,97400
20240215,15:14:44,447.55,200,97400
20240215,15:14:53,448.45,150,97400
20240215,15:15:02,449.05,350,97400
20240215,15:15:59,451.2,50,97400
20240215,15:16:17,451.2,650,97400
20240215,15:16:27,451.2,350,97400
20240215,15:16:45,453.8,50,98300
20240215,15:16:54,455.35,50,98300
20240215,15:17:12,455.1,100,98300
20240215,15:17:21,455.1,50,98300
20240215,15:17:30,450.6,50,98300
20240215,15:18:25,451.6,50,98300
20240215,15:18:43,451.9,100,98300
20240215,15:18:51,451.8,50,98300
20240215,15:20:23,456.05,50,98650
20240215,15:20:57,458.9,500,98650
20240215,15:23:31,459.65,100,99150
20240215,15:23:40,460.65,300,99150
20240215,15:23:50,461.4,350,99150
20240215,15:23:59,461.6,300,99150
20240215,15:24:09,461.75,350,99150
20240215,15:24:18,461.65,400,99150
20240215,15:24:26,461.8,50,99150
20240215,15:24:35,461.75,750,99150
20240215,15:25:08,460.9,200,99150
20240215,15:26:56,457.45,50,101700
20240215,15:27:13,460.0,50,101700
20240215,15:27:31,460.85,100,101700
20240215,15:27:50,459.9,250,101700
20240215,15:28:08,459.4,50,101700
20240215,15:28:36,462.5,50,101700
20240215,15:28:45,462.0,100,101500
20240215,15:29:22,462.0,100,101500
20240215,15:30:01,465.75,50,101500
20240216,09:15:16,464.45,1,101650
20240216,09:15:16,464.45,50,101650
20240216,09:15:26,491.15,50,101650
20240216,09:15:35,491.15,50,101700
20240216,09:16:33,495.0,500,101700
20240216,09:16:38,495.65,50,101700
20240216,09:17:12,495.65,50,101700
20240216,09:17:21,490.25,50,101700
20240216,09:18:33,491.6,50,101600
20240216,09:18:40,494.7,100,101600
20240216,09:18:53,494.7,50,101600
20240216,09:18:58,494.85,50,101600
20240216,09:20:19,488.4,50,101600
20240216,09:21:30,484.4,50,101600
20240216,09:21:53,485.15,350,101650
20240216,09:24:57,488.0,50,101700
20240216,09:25:57,485.15,50,101700
20240216,09:25:58,485.15,50,101700
20240216,09:26:02,486.4,100,101700
20240216,09:26:14,480.0,300,101700
20240216,09:26:26,482.0,50,101700
20240216,09:26:31,483.45,50,101700
20240216,09:27:01,486.55,200,101700
20240216,09:27:02,487.25,50,101700
20240216,09:27:10,486.1,50,101700
20240216,09:27:48,487.5,50,101700
20240216,09:28:11,484.6,50,101700
20240216,09:28:35,484.35,50,101700
20240216,09:29:08,488.35,50,101700
20240216,09:29:09,488.6,50,101700
20240216,09:29:10,488.85,150,101700
20240216,09:29:22,492.7,550,101700
20240216,09:29:23,492.9,50,101700
20240216,09:29:36,493.35,100,101700
20240216,09:30:01,490.65,50,101700
20240216,09:31:20,497.75,100,102000
20240216,09:34:35,497.75,50,102000
20240216,09:35:33,492.0,50,102100
20240216,09:36:47,499.85,50,102050
20240216,09:36:51,499.85,50,102050
20240216,09:37:40,495.4,100,102050
20240216,09:38:05,493.65,50,102050
20240216,09:38:12,491.95,50,102050
20240216,09:39:00,495.35,50,102050
20240216,09:39:25,496.75,50,102050
20240216,09:39:32,497.2,50,102050
20240216,09:39:45,500.0,150,102300
20240216,09:39:46,500.0,500,102300
20240216,09:39:57,501.95,200,102300
20240216,09:40:00,502.7,300,102300
20240216,09:40:02,500.5,50,102300
20240216,09:40:10,500.25,50,102300
20240216,09:40:18,499.0,50,102300
20240216,09:40:21,497.05,150,102300
20240216,09:40:22,495.95,50,102300
20240216,09:40:45,505.8,50,102300
20240216,09:40:50,505.8,100,102300
20240216,09:40:56,505.25,50,102300
20240216,09:42:15,501.15,50,102300
20240216,09:50:59,483.95,50,102950
20240216,09:52:20,488.45,50,103000
20240216,09:52:41,489.4,50,103000
20240216,09:55:00,495.7,50,103000
20240216,09:55:13,493.4,1800,103100
20240216,09:55:46,500.95,50,103100
20240216,09:55:55,501.0,50,103100
20240216,09:56:47,497.6,50,103100
20240216,09:57:02,503.25,150,103100
20240216,09:58:16,500.75,50,103200
20240216,09:58:26,500.35,1800,103200
20240216,09:58:41,500.75,50,103200
20240216,10:03:00,502.9,1800,103250
20240216,10:04:02,513.0,50,103250
20240216,10:05:45,513.0,50,103250
20240216,10:06:36,519.15,50,103250
20240216,10:06:37,519.15,50,103250
20240216,10:06:39,514.5,1800,103400
20240216,10:06:55,513.45,1800,103400
20240216,10:09:04,521.05,50,103400
20240216,10:12:17,521.05,1800,103750
20240216,10:12:30,522.1,1800,103750
20240216,10:13:09,524.5,1800,104000
20240216,10:13:22,520.65,1800,104000
20240216,10:13:49,526.0,50,104000
20240216,10:14:00,527.25,50,104000
20240216,10:14:02,528.65,50,104000
20240216,10:14:41,530.4,50,104000
20240216,10:15:01,534.2,50,104000
20240216,10:15:07,535.25,50,104000
20240216,10:15:29,535.25,1800,104000
20240216,10:15:40,526.4,1800,104650
20240216,10:16:02,525.6,1800,104650
20240216,10:16:04,532.05,50,104650
20240216,10:16:05,531.6,50,104650
20240216,10:16:12,528.8,1800,104650
20240216,10:16:19,531.25,50,104650
20240216,10:17:02,529.35,50,104650
20240216,10:17:13,530.15,50,104650
20240216,10:18:24,526.9,50,104650
20240216,10:18:33,528.4,50,104650
20240216,10:18:35,529.0,50,104650
20240216,10:18:36,529.3,50,104650
20240216,10:19:17,527.5,100,108800
20240216,10:20:33,516.1,1800,108800
20240216,10:20:42,519.65,50,108800
20240216,10:20:43,521.05,50,108800
20240216,10:20:49,518.95,1850,108800
20240216,10:20:51,523.9,50,108800
20240216,10:20:52,523.85,50,108800
20240216,10:21:20,523.0,50,108800
20240216,10:21:24,522.75,50,108800
20240216,10:21:31,521.35,1800,108800
20240216,10:21:39,526.65,50,108800
20240216,10:21:40,526.6,100,113450
20240216,10:21:54,527.35,50,113450
20240216,10:22:11,524.95,100,113450
20240216,10:23:36,519.9,1800,113450
20240216,10:23:48,520.25,1800,113450
20240216,10:24:55,521.45,100,116400
20240216,10:26:36,526.5,50,116400
20240216,10:27:27,527.55,500,116400
20240216,10:27:36,526.85,500,116400
20240216,10:27:45,528.15,500,116500
20240216,10:28:03,526.95,200,116500
20240216,10:28:10,526.75,500,116500
20240216,10:28:18,526.75,250,116500
20240216,10:28:38,527.0,100,116500
20240216,10:29:08,529.3,200,116500
20240216,10:30:13,527.2,1800,116500
20240216,10:30:33,535.1,50,116500
20240216,10:30:40,530.45,1800,116500
20240216,10:31:17,525.65,1800,120100
20240216,10:33:28,522.05,1800,120100
20240216,10:34:28,523.8,150,123050
20240216,10:34:38,524.95,100,123050
20240216,10:35:11,522.55,1800,123050
20240216,10:35:18,527.25,200,123050
20240216,10:35:24,523.8,1800,123050
20240216,10:35:25,526.95,100,123050
20240216,10:35:28,527.1,50,123050
20240216,10:35:29,527.15,50,123050
20240216,10:35:32,527.2,100,123050
20240216,10:35:36,527.3,100,123050
20240216,10:35:38,527.65,50,123050
20240216,10:35:39,527.95,100,123050
20240216,10:35:45,526.65,50,123050
20240216,10:35:53,525.85,50,123050
20240216,10:36:03,526.5,150,123050
20240216,10:36:43,523.0,1800,125600
20240216,10:36:44,526.4,300,125600
20240216,10:36:52,524.2,1800,125600
20240216,10:36:53,527.15,150,125600
20240216,10:37:01,526.6,150,125600
20240216,10:37:02,527.0,200,125600
20240216,10:37:52,522.05,200,125600
20240216,10:38:10,512.4,1800,125600
20240216,10:38:23,517.95,100,125600
20240216,10:38:41,514.7,1800,125600
20240216,10:38:42,518.95,200,125600
20240216,10:38:45,518.65,50,125600
20240216,10:38:53,516.05,1800,125600
20240216,10:38:55,519.45,50,125600
20240216,10:38:57,521.0,150,125600
20240216,10:39:00,521.2,50,125600
20240216,10:39:01,522.15,50,125600
20240216,10:39:02,521.9,50,125600
20240216,10:39:03,519.65,50,125600
20240216,10:39:10,521.1,50,125600
20240216,10:39:12,521.35,50,125600
20240216,10:40:08,514.95,200,132350
20240216,10:40:21,513.95,200,132350
20240216,10:40:33,515.5,100,132350
20240216,10:40:35,514.2,200,132350
20240216,10:40:43,517.05,200,132350
20240216,10:40:50,515.3,200,132350
20240216,10:41:05,515.15,200,132350
20240216,10:41:13,512.5,1800,132350
20240216,10:41:21,514.65,200,132350
20240216,10:41:26,514.05,1800,132350
20240216,10:41:27,517.95,50,132350
20240216,10:41:38,515.1,200,132350
20240216,10:41:40,517.6,50,132350
20240216,10:41:53,514.55,200,132350
20240216,10:42:08,514.9,200,132350
20240216,10:42:41,517.55,100,132350
20240216,10:43:02,514.6,200,135750
20240216,10:43:29,514.5,200,135750
20240216,10:43:31,518.65,50,135750
20240216,10:43:43,518.4,250,135750
20240216,10:43:53,519.95,50,135750
20240216,10:43:58,517.1,200,135750
20240216,10:44:00,519.85,50,135750
20240216,10:44:04,520.95,100,135750
20240216,10:44:06,520.95,50,135750
20240216,10:44:07,520.95,100,135750
20240216,10:44:09,520.9,100,135750
20240216,10:44:12,521.25,50,135750
20240216,10:44:13,521.55,250,135750
20240216,10:44:14,521.55,100,135750
20240216,10:44:16,522.45,100,135750
20240216,10:44:26,522.85,50,135750
20240216,10:44:27,522.9,100,135750
20240216,10:44:28,519.95,200,135750
20240216,10:44:29,523.3,50,135750
20240216,10:44:30,523.95,50,135750
20240216,10:44:42,522.15,200,135750
20240216,10:44:46,526.15,50,135750
20240216,10:44:50,526.25,100,135750
20240216,10:44:54,525.95,50,135750
20240216,10:44:57,523.35,200,135750
20240216,10:45:00,525.7,50,135750
20240216,10:45:02,526.3,100,135750
20240216,10:45:12,526.25,50,135750
20240216,10:45:14,526.25,50,135750
20240216,10:45:25,523.1,200,135750
20240216,10:45:42,522.0,200,135750
20240216,10:45:56,521.7,2000,136900
20240216,10:45:57,524.7,150,136900
20240216,10:46:01,524.45,100,136900
20240216,10:46:07,520.8,1800,136900
20240216,10:46:09,525.1,150,136900
20240216,10:46:11,522.15,200,136900
20240216,10:46:19,525.0,50,136900
20240216,10:46:20,524.8,50,136900
20240216,10:46:26,520.35,1800,136900
20240216,10:46:27,520.5,200,136900
20240216,10:46:36,519.15,1800,136900
20240216,10:46:40,519.15,200,136900
20240216,10:46:54,518.6,200,136900
20240216,10:46:56,521.15,50,136900
20240216,10:46:57,521.25,50,136900
20240216,10:47:01,520.35,50,136900
20240216,10:47:04,518.95,50,136900
20240216,10:47:09,515.35,200,136900
20240216,10:47:16,513.95,1800,136900
20240216,10:47:21,518.1,50,136900
20240216,10:47:25,517.75,50,136900
20240216,10:47:26,514.55,200,136900
20240216,10:47:29,513.55,1800,136900
20240216,10:47:33,516.95,450,136900
20240216,10:47:34,517.15,100,136900
20240216,10:47:35,517.7,50,136900
20240216,10:47:36,517.7,50,136900
20240216,10:47:38,518.6,150,136900
20240216,10:47:39,518.65,200,136900
20240216,10:47:40,518.35,250,136900
20240216,10:47:41,518.25,50,136900
20240216,10:47:42,518.65,1850,136900
20240216,10:47:43,518.65,50,136900
20240216,10:47:44,518.95,50,136900
20240216,10:47:46,519.25,100,136900
20240216,10:47:47,519.75,50,136900
20240216,10:47:50,521.25,150,136900
20240216,10:47:54,520.35,50,136900
20240216,10:47:57,519.1,50,136900
20240216,10:48:02,519.85,150,136900
20240216,10:48:20,520.7,250,136900
20240216,10:49:06,515.2,200,147200
20240216,10:49:16,518.9,100,147200
20240216,10:49:17,519.65,50,147200
20240216,10:49:23,514.95,200,147200
20240216,10:49:34,516.8,1800,147200
20240216,10:49:37,516.95,200,147200
20240216,10:49:46,516.85,1800,147200
20240216,10:49:47,519.85,150,147200
20240216,10:49:48,519.55,50,147200
20240216,10:49:49,519.5,50,147200
20240216,10:49:52,519.2,50,147200
20240216,10:50:01,519.9,50,147200
20240216,10:50:03,520.75,50,147200
20240216,10:50:06,517.8,200,147200
20240216,10:50:15,521.3,50,147200
20240216,10:50:20,520.8,50,147200
20240216,10:50:21,517.85,200,147200
20240216,10:50:22,521.0,100,147200
20240216,10:50:24,518.0,1850,147200
20240216,10:50:25,520.7,200,147200
20240216,10:50:27,520.6,200,147200
20240216,10:50:38,515.0,2000,147200
20240216,10:50:39,519.1,100,147200
20240216,10:50:42,518.75,50,147200
20240216,10:50:54,515.5,200,147200
20240216,10:50:58,514.05,1800,147200
20240216,10:51:08,514.95,200,147200
20240216,10:51:24,514.75,200,147200
20240216,10:51:26,517.65,1800,147200
20240216,10:51:33,514.6,1800,147200
20240216,10:51:35,517.45,50,147200
20240216,10:51:39,514.55,200,147200
20240216,10:51:41,516.9,1850,147200
20240216,10:51:43,516.55,100,147200
20240216,10:51:44,516.6,450,147200
20240216,10:51:45,516.65,1900,156300
20240216,10:51:46,516.55,250,156300
20240216,10:51:47,516.55,200,156300
20240216,10:51:53,516.0,50,156300
20240216,10:51:53,515.7,50,156300
20240216,10:51:56,513.0,200,156300
20240216,10:51:59,515.45,100,156300
20240216,10:52:00,515.5,100,156300
20240216,10:52:05,516.2,150,156300
20240216,10:52:08,515.7,50,156300
20240216,10:52:11,513.4,200,156300
20240216,10:52:18,516.95,150,156300
20240216,10:52:19,517.6,50,156300
20240216,10:52:25,517.7,200,156300
20240216,10:52:27,519.05,50,156300
20240216,10:52:40,519.95,100,156300
20240216,10:52:43,518.0,200,156300
20240216,10:52:44,521.0,100,156300
20240216,10:52:48,521.3,150,156300
20240216,10:52:58,519.1,200,156300
20240216,10:53:01,519.0,150,156300
20240216,10:53:03,519.85,50,156300
20240216,10:53:07,517.25,50,156300
20240216,10:53:14,515.6,200,156300
20240216,10:53:32,518.85,50,156300
20240216,10:53:34,519.5,100,156300
20240216,10:53:35,519.65,100,156300
20240216,10:53:44,515.65,200,156300
20240216,10:53:53,518.75,100,156300
20240216,10:53:54,518.75,100,156300
20240216,10:53:55,519.9,100,156300
20240216,10:53:58,520.0,50,156300
20240216,10:54:07,516.0,1800,156300
20240216,10:54:08,519.25,150,156300
20240216,10:54:09,519.55,50,156300
20240216,10:54:13,519.95,50,156300
20240216,10:54:16,520.2,100,156300
20240216,10:54:20,519.95,50,156300
20240216,10:54:47,519.75,50,160150
20240216,10:54:56,520.95,100,160150
20240216,10:55:02,520.9,50,160150
20240216,10:55:08,522.0,100,160150
20240216,10:55:10,522.2,100,160150
20240216,10:55:14,518.65,1850,160150
20240216,10:55:15,521.1,50,160150
20240216,10:55:19,522.35,50,160150
20240216,10:55:21,522.65,100,160150
20240216,10:55:25,519.5,1800,160150
20240216,10:55:26,522.15,150,160150
20240216,10:55:30,522.4,50,160150
20240216,10:55:34,522.0,50,160150
20240216,10:55:36,522.65,50,160150
20240216,10:55:44,522.65,50,160150
20240216,10:55:46,523.5,100,160150
20240216,10:56:23,523.75,100,160150
20240216,10:56:38,524.05,50,160150
20240216,10:58:20,520.7,1800,163550
20240216,10:59:30,522.05,50,163550
20240216,10:59:44,519.9,1800,163550
20240216,10:59:48,523.6,50,163550
20240216,11:01:54,514.55,50,166900
20240216,11:01:59,513.45,50,166900
20240216,11:02:02,513.95,50,166900
20240216,11:02:03,515.85,50,166900
20240216,11:02:25,515.9,50,166900
20240216,11:02:28,516.45,50,166900
20240216,11:02:41,517.75,50,166900
20240216,11:03:07,518.5,50,166900
20240216,11:03:26,519.95,200,166900
20240216,11:03:42,523.1,50,166900
20240216,11:03:53,523.45,50,166900
20240216,11:06:49,524.3,200,166900
20240216,11:07:42,525.4,50,166900
20240216,11:08:36,525.05,50,166900
20240216,11:08:38,525.15,50,166900
20240216,11:17:06,520.0,100,166850
20240216,11:18:31,524.55,200,166850
20240216,11:19:37,522.05,200,166850
20240216,11:19:54,522.3,200,166850
20240216,11:20:03,521.55,200,166850
20240216,11:20:36,523.85,200,166850
20240216,11:20:49,523.55,200,166850
20240216,11:20:57,526.75,50,166850
20240216,11:21:06,526.05,200,166850
20240216,11:21:13,527.8,150,166850
20240216,11:21:20,523.4,200,166850
20240216,11:21:52,521.8,200,168100
20240216,11:22:03,521.8,200,168100
20240216,11:22:15,525.3,200,168100
20240216,11:22:39,523.95,200,168100
20240216,11:22:53,524.1,200,168100
20240216,11:23:10,524.35,200,168100
20240216,11:23:24,524.15,200,168100
20240216,11:25:03,523.25,50,169300
20240216,11:25:16,521.9,200,169300
20240216,11:25:30,520.4,200,169300
20240216,11:25:45,518.85,200,169300
20240216,11:26:17,520.8,350,169300
20240216,11:26:40,523.7,50,169300
20240216,11:27:37,522.05,200,169300
20240216,11:28:54,520.5,200,169600
20240216,11:29:10,520.6,200,169600
20240216,11:29:27,519.35,200,169600
20240216,11:35:01,519.9,50,170200
20240216,11:35:13,518.7,150,170200
20240216,11:36:18,512.8,200,170200
20240216,11:36:27,512.8,50,170200
20240216,11:36:58,511.95,200,170250
20240216,11:37:03,513.75,50,170250
20240216,11:38:20,508.95,50,170250
20240216,11:38:25,508.95,50,170250
20240216,11:38:27,509.95,50,170250
20240216,11:38:33,510.9,100,170250
20240216,11:38:41,510.95,100,170250
20240216,11:38:43,510.95,50,170250
20240216,11:39:17,506.3,200,170250
20240216,11:39:32,505.9,200,170250
20240216,11:40:17,505.0,50,170500
20240216,11:40:57,510.15,50,170500
20240216,11:43:01,501.8,50,170500
20240216,11:43:03,497.5,350,170500
20240216,11:43:05,498.7,200,170500
20240216,11:43:29,500.75,50,170500
20240216,11:43:44,502.75,50,170500
20240216,11:43:51,504.4,50,170500
20240216,11:44:12,506.95,50,170500
20240216,11:44:14,507.75,150,170500
20240216,11:44:16,507.75,50,170500
20240216,11:44:19,507.95,100,170500
20240216,11:44:25,509.05,250,170500
20240216,11:44:30,509.8,100,170500
20240216,11:44:35,510.1,50,170500
20240216,11:44:42,510.85,50,170500
20240216,11:45:53,509.6,50,170500
20240216,11:46:43,501.8,50,170750
20240216,11:46:44,504.1,50,170750
20240216,11:47:23,501.8,150,170750
20240216,11:47:41,505.95,50,170750
20240216,11:49:02,506.0,50,170600
20240216,11:49:20,507.0,100,170600
20240216,11:49:35,507.5,50,170600
20240216,11:49:43,505.0,50,170600
20240216,11:50:01,505.6,50,170600
20240216,11:50:02,504.1,100,170600
20240216,11:50:35,509.25,50,170600
20240216,11:50:57,512.2,50,170600
20240216,11:52:07,512.2,50,170600
20240216,11:52:15,514.45,100,170600
20240216,11:53:38,512.15,200,170600
20240216,11:56:59,512.55,50,170350
20240216,11:57:22,512.6,200,170350
20240216,11:57:35,512.2,200,170350
20240216,11:57:51,511.9,200,170350
20240216,11:58:06,512.9,200,170600
20240216,11:58:22,513.5,200,170600
20240216,11:59:07,515.55,200,170600
20240216,11:59:27,515.0,200,170600
20240216,11:59:55,517.1,200,170600
20240216,11:59:57,519.95,100,170600
20240216,12:00:02,520.0,50,170600
20240216,12:00:09,520.55,50,170600
20240216,12:00:11,518.1,200,170600
20240216,12:00:23,522.45,50,170600
20240216,12:00:24,524.25,50,170600
20240216,12:00:58,519.3,50,171700
20240216,12:01:02,520.0,50,171700
20240216,12:03:27,519.75,50,171700
20240216,12:03:49,520.7,100,171700
20240216,12:03:50,520.7,50,171700
20240216,12:04:17,522.45,50,171700
20240216,12:06:02,524.0,50,171700
20240216,12:09:03,530.55,50,171700
20240216,12:09:49,524.8,100,171750
20240216,12:10:02,522.45,100,171750
20240216,12:11:17,523.8,100,171750
20240216,12:16:37,526.0,50,171750
20240216,12:17:20,525.35,50,171850
20240216,12:20:09,517.85,50,171850
20240216,12:21:02,515.2,150,171850
20240216,12:22:37,510.7,150,171900
20240216,12:22:56,512.1,50,171900
20240216,12:23:20,511.85,300,171900
20240216,12:23:24,511.25,100,171900
20240216,12:23:31,511.2,50,171900
20240216,12:27:17,505.7,50,171550
20240216,12:28:03,506.95,150,171550
20240216,12:34:03,507.0,150,171700
20240216,12:35:22,509.1,50,171700
20240216,12:49:36,522.8,150,171850
20240216,12:49:43,523.05,600,171850
20240216,12:49:54,522.95,50,171850
20240216,12:50:00,522.5,50,171850
20240216,12:54:02,525.0,50,172650
20240216,12:54:47,527.65,50,172650
20240216,12:55:05,528.85,100,172650
20240216,12:55:12,529.95,100,172800
20240216,12:55:28,531.9,100,172800
20240216,12:55:35,533.8,450,172800
20240216,12:55:43,535.1,200,172800
20240216,13:00:47,535.75,50,172900
20240216,13:04:39,535.75,100,172950
20240216,13:04:41,526.0,200,172950
20240216,13:04:41,526.0,1500,172950
20240216,13:05:44,527.5,1800,172950
20240216,13:05:50,529.25,50,172950
20240216,13:06:02,529.6,100,172950
20240216,13:06:21,527.0,1200,172950
20240216,13:07:09,526.0,300,174050
20240216,13:07:10,526.0,1500,174050
20240216,13:07:13,526.0,600,174050
20240216,13:07:21,528.05,50,174050
20240216,13:07:26,528.7,100,174050
20240216,13:07:31,528.0,100,174050
20240216,13:07:32,527.95,50,174050
20240216,13:07:40,526.95,50,174050
20240216,13:07:42,527.0,100,174050
20240216,13:07:44,527.0,150,174050
20240216,13:07:46,527.0,150,174050
20240216,13:07:47,527.0,150,174050
20240216,13:07:49,527.0,200,174050
20240216,13:07:53,527.0,100,174050
20240216,13:07:54,527.0,200,174050
20240216,13:07:55,527.0,200,174050
20240216,13:07:55,527.0,50,174050
20240216,13:07:56,527.0,200,174050
20240216,13:07:57,527.0,200,174050
20240216,13:08:16,528.5,200,174050
20240216,13:08:19,528.45,50,174050
20240216,13:08:21,528.5,100,174050
20240216,13:08:28,528.5,200,174050
20240216,13:08:32,528.5,50,174050
20240216,13:08:37,528.5,50,174050
20240216,13:08:38,528.5,50,174050
20240216,13:08:39,528.0,350,174050
20240216,13:08:40,528.0,150,174050
20240216,13:08:41,528.0,650,174050
20240216,13:09:01,529.0,100,174050
20240216,13:09:02,529.0,500,174050
20240216,13:09:03,529.0,200,174050
20240216,13:09:05,529.0,250,174050
20240216,13:09:06,529.0,50,174050
20240216,13:09:06,529.0,150,174050
20240216,13:09:08,529.0,300,174050
20240216,13:09:09,529.0,250,174050
20240216,13:09:28,530.5,100,174050
20240216,13:09:34,530.5,250,174050
20240216,13:09:35,530.5,150,174050
20240216,13:09:38,530.5,100,174050
20240216,13:09:39,530.5,300,174050
20240216,13:09:40,530.5,100,174050
20240216,13:09:42,530.5,100,174050
20240216,13:09:48,530.0,100,174050
20240216,13:09:49,530.0,250,174050
20240216,13:09:50,530.0,150,174050
20240216,13:09:51,530.0,200,174050
20240216,13:09:55,532.55,50,174050
20240216,13:10:25,531.5,250,181050
20240216,13:10:26,531.5,50,181050
20240216,13:10:27,531.5,450,181050
20240216,13:10:28,531.5,50,181050
20240216,13:10:30,531.5,300,181050
20240216,13:10:33,531.5,700,181050
20240216,13:15:40,529.05,50,181550
20240216,13:15:55,528.9,150,181550
20240216,13:16:05,529.15,50,181550
20240216,13:16:06,530.2,100,181650
20240216,13:16:15,529.9,100,181650
20240216,13:16:33,529.8,50,181650
20240216,13:17:09,531.75,50,181650
20240216,13:17:25,532.25,50,181650
20240216,13:18:54,527.85,50,181650
20240216,13:19:16,527.45,50,181750
20240216,13:19:24,526.75,50,181750
20240216,13:19:35,525.4,150,181750
20240216,13:19:56,523.8,100,181750
20240216,13:19:57,523.1,100,181750
20240216,13:21:03,521.8,50,181750
20240216,13:22:26,526.95,150,181800
20240216,13:25:03,526.65,50,181800
20240216,13:26:11,525.75,50,181950
20240216,13:27:16,526.35,50,181950
20240216,13:28:03,522.45,100,181950
20240216,13:30:04,520.5,150,182150
20240216,13:31:39,515.05,100,182300
20240216,13:31:59,513.9,150,182300
20240216,13:32:06,511.05,50,182300
20240216,13:34:17,518.3,50,182400
20240216,13:34:24,519.8,50,182400
20240216,13:34:32,519.25,100,182400
20240216,13:35:09,522.55,200,182400
20240216,13:35:33,525.05,50,182400
20240216,13:36:02,526.7,50,182400
20240216,13:36:03,527.25,50,182400
20240216,13:36:54,525.1,50,182400
20240216,13:38:26,526.5,50,182750
20240216,13:41:57,525.25,50,182750
20240216,13:44:09,527.6,100,182750
20240216,13:44:10,527.95,50,182750
20240216,13:44:14,528.1,50,182750
20240216,13:44:52,528.95,50,182750
20240216,13:46:36,528.75,50,182850
20240216,13:47:06,530.65,100,182850
20240216,13:47:11,530.8,100,182850
20240216,13:49:57,527.85,100,182850
20240216,13:54:10,526.5,100,182850
20240216,13:55:09,523.8,100,182850
20240216,13:55:45,528.3,350,182850
20240216,13:55:52,528.35,100,182850
20240216,13:56:03,528.0,50,182850
20240216,13:57:59,525.05,50,182850
20240216,14:00:05,522.45,50,182950
20240216,14:01:28,517.45,100,182950
20240216,14:01:53,520.45,50,182950
20240216,14:02:18,523.65,150,182950
20240216,14:02:18,523.75,50,182950
20240216,14:02:23,524.25,100,182950
20240216,14:02:43,526.65,100,182950
20240216,14:04:04,526.5,50,182950
20240216,14:05:10,527.85,50,182900
20240216,14:05:23,525.0,50,182900
20240216,14:10:45,527.95,100,182900
20240216,14:11:04,527.75,100,182900
20240216,14:11:13,527.5,50,182900
20240216,14:11:24,527.0,50,182900
20240216,14:11:28,527.7,50,182900
20240216,14:11:29,527.7,50,182900
20240216,14:11:52,525.75,50,182900
20240216,14:11:58,525.75,50,182900
20240216,14:12:04,525.85,50,182900
20240216,14:12:15,524.0,1800,182900
20240216,14:12:25,525.0,100,182900
20240216,14:12:26,525.0,100,182900
20240216,14:12:28,525.0,100,182900
20240216,14:12:30,525.0,100,182900
20240216,14:12:31,525.0,100,182900
20240216,14:12:32,525.0,50,182900
20240216,14:12:35,524.9,50,182900
20240216,14:12:44,524.75,150,182900
20240216,14:13:05,522.5,50,182900
20240216,14:13:11,520.9,50,182900
20240216,14:13:24,520.8,50,185700
20240216,14:13:52,510.0,100,185700
20240216,14:13:53,508.05,50,185700
20240216,14:14:16,510.0,50,185700
20240216,14:14:19,510.85,500,185700
20240216,14:16:39,516.65,100,185850
20240216,14:16:40,517.2,50,185850
20240216,14:16:43,516.55,50,185850
20240216,14:17:24,515.65,50,185850
20240216,14:18:09,517.5,50,185850
20240216,14:18:14,518.0,50,185850
20240216,14:19:19,514.6,100,185900
20240216,14:19:51,514.55,50,185900
20240216,14:20:03,512.8,50,185900
20240216,14:20:09,514.5,100,185900
20240216,14:20:12,512.2,50,185900
20240216,14:20:29,512.8,50,185900
20240216,14:20:46,511.65,100,185900
20240216,14:20:48,511.65,100,185900
20240216,14:20:49,512.2,100,185900
20240216,14:21:03,514.8,50,185900
20240216,14:21:41,514.55,200,185900
20240216,14:21:42,514.55,350,185900
20240216,14:21:43,514.55,800,185900
20240216,14:21:44,514.55,450,185900
20240216,14:22:04,518.3,100,185900
20240216,14:22:16,517.7,50,187000
20240216,14:23:12,511.8,50,187000
20240216,14:23:34,512.2,50,187000
20240216,14:23:36,512.4,50,187000
20240216,14:23:47,511.95,50,187000
20240216,14:23:52,510.05,50,187000
20240216,14:23:53,510.9,50,187000
20240216,14:23:56,512.05,50,187000
20240216,14:24:08,511.5,50,187000
20240216,14:25:02,512.2,100,187000
20240216,14:25:03,514.05,50,187000
20240216,14:25:06,513.85,50,187000
20240216,14:25:25,515.4,50,186950
20240216,14:25:27,515.1,50,186950
20240216,14:25:32,514.75,250,186950
20240216,14:25:33,514.75,100,186950
20240216,14:25:34,514.75,100,186950
20240216,14:25:36,515.3,200,186950
20240216,14:25:37,515.4,200,186950
20240216,14:25:38,515.3,50,186950
20240216,14:25:39,515.2,50,186950
20240216,14:25:43,515.7,50,186950
20240216,14:25:48,514.4,50,186950
20240216,14:25:59,516.0,50,186950
20240216,14:26:02,516.2,50,186950
20240216,14:26:04,516.35,200,186950
20240216,14:26:11,514.65,50,186950
20240216,14:26:17,513.45,200,186950
20240216,14:26:19,513.5,50,186950
20240216,14:26:25,514.65,50,186950
20240216,14:27:20,513.8,50,186950
20240216,14:28:06,514.05,50,186950
20240216,14:28:17,512.9,50,187000
20240216,14:28:23,515.0,50,187000
20240216,14:29:14,522.0,550,187000
20240216,14:29:17,520.6,50,187000
20240216,14:29:18,517.2,100,187000
20240216,14:29:20,519.0,100,187000
20240216,14:29:21,518.25,200,187000
20240216,14:29:22,517.9,150,187000
20240216,14:29:25,518.75,150,187000
20240216,14:29:29,519.35,50,187000
20240216,14:29:32,519.7,150,187000
20240216,14:29:35,521.6,50,187000
20240216,14:29:38,521.85,50,187000
20240216,14:29:47,520.6,50,187000
20240216,14:29:52,522.0,150,187000
20240216,14:29:53,522.0,50,187000
20240216,14:29:54,522.0,100,187000
20240216,14:30:00,520.9,550,187000
20240216,14:30:04,522.0,50,187000
20240216,14:30:05,522.0,150,187000
20240216,14:30:09,521.75,50,187000
20240216,14:30:20,522.0,200,187000
20240216,14:30:21,522.0,50,187000
20240216,14:30:38,523.0,50,187000
20240216,14:30:39,523.0,50,187000
20240216,14:30:50,524.0,1750,187000
20240216,14:30:52,524.1,100,187000
20240216,14:30:53,523.95,100,187000
20240216,14:30:55,524.0,200,187000
20240216,14:30:56,523.8,50,187000
20240216,14:31:03,524.7,50,187000
20240216,14:31:08,525.2,100,187000
20240216,14:31:09,528.2,450,187000
20240216,14:31:10,526.3,450,187000
20240216,14:31:13,527.05,200,187000
20240216,14:31:31,525.1,50,189050
20240216,14:31:46,521.25,150,189050
20240216,14:31:48,520.7,50,189050
20240216,14:32:00,522.0,100,189050
20240216,14:32:06,524.6,150,189050
20240216,14:32:07,524.8,100,189050
20240216,14:32:08,524.6,50,189050
20240216,14:32:09,524.2,50,189050
20240216,14:32:10,523.95,200,189050
20240216,14:32:12,523.55,150,189050
20240216,14:32:13,524.65,50,189050
20240216,14:32:24,523.3,100,189050
20240216,14:32:25,523.2,50,189050
20240216,14:32:32,521.45,50,189050
20240216,14:32:33,523.1,100,189050
20240216,14:32:38,523.0,150,189050
20240216,14:32:57,523.2,50,189050
20240216,14:33:03,522.25,100,189050
20240216,14:33:09,521.95,50,189050
20240216,14:33:12,521.6,50,189050
20240216,14:33:13,520.15,50,189050
20240216,14:33:24,522.5,100,189050
20240216,14:33:37,523.3,50,189050
20240216,14:33:40,522.6,50,189050
20240216,14:33:49,522.1,50,189050
20240216,14:34:02,520.6,50,189050
20240216,14:34:53,522.45,50,189050
20240216,14:36:07,524.65,50,189050
20240216,14:36:33,526.1,50,189050
20240216,14:37:00,525.95,50,189050
20240216,14:37:21,527.6,50,189100
20240216,14:38:01,528.45,50,189100
20240216,14:38:02,529.4,150,189100
20240216,14:38:04,529.25,100,189100
20240216,14:38:05,529.25,50,189100
20240216,14:38:17,529.6,50,189100
20240216,14:38:22,529.5,50,189100
20240216,14:38:23,529.5,150,189100
20240216,14:38:45,530.1,50,189100
20240216,14:38:47,529.9,50,189100
20240216,14:38:57,530.05,150,189100
20240216,14:38:58,530.1,200,189100
20240216,14:38:59,530.1,50,189100
20240216,14:39:00,531.0,100,189100
20240216,14:39:01,531.0,100,189100
20240216,14:39:03,531.25,150,189100
20240216,14:39:05,531.15,100,189100
20240216,14:39:07,531.05,50,189100
20240216,14:39:08,531.0,100,189100
20240216,14:39:09,531.0,50,189100
20240216,14:39:11,531.15,50,189100
20240216,14:39:11,531.25,50,189100
20240216,14:39:12,532.05,50,189100
20240216,14:39:14,532.95,50,189100
20240216,14:39:27,534.2,50,189100
20240216,14:39:49,538.8,50,189100
20240216,14:39:50,538.8,50,189100
20240216,14:40:02,540.2,50,189100
20240216,14:40:09,540.35,50,189100
20240216,14:40:15,540.35,50,189100
20240216,14:40:54,537.3,50,189600
20240216,14:40:55,537.05,50,189600
20240216,14:40:56,537.2,50,189600
20240216,14:40:57,535.95,100,189600
20240216,14:41:13,537.3,50,189600
20240216,14:41:32,538.65,50,189600
20240216,14:41:34,538.65,100,189600
20240216,14:41:39,540.9,50,189600
20240216,14:41:41,541.0,50,189600
20240216,14:41:43,541.0,50,189600
20240216,14:41:47,541.1,50,189600
20240216,14:41:53,541.1,50,189600
20240216,14:41:58,540.7,100,189600
20240216,14:42:01,542.05,50,189600
20240216,14:42:04,542.05,50,189600
20240216,14:42:06,542.9,50,189600
20240216,14:42:08,542.9,50,189600
20240216,14:42:14,542.75,50,189600
20240216,14:42:16,543.2,50,189600
20240216,14:42:20,543.2,200,189600
20240216,14:42:21,540.8,350,189600
20240216,14:42:22,540.7,50,189600
20240216,14:42:23,540.8,200,189600
20240216,14:42:24,543.0,50,189600
20240216,14:42:25,543.05,150,189600
20240216,14:42:26,540.8,150,189600
20240216,14:42:27,540.75,100,189600
20240216,14:42:28,540.9,50,189600
20240216,14:42:29,543.05,200,189600
20240216,14:42:38,542.65,50,189600
20240216,14:42:43,543.35,50,189600
20240216,14:42:44,543.35,50,189600
20240216,14:42:45,543.2,50,189600
20240216,14:42:46,543.1,50,189600
20240216,14:42:57,542.8,100,189600
20240216,14:47:20,534.8,100,189850
20240216,14:48:38,531.7,50,189850
20240216,14:49:44,533.65,50,189750
20240216,14:49:45,534.45,50,189750
20240216,14:52:26,535.1,50,189750
20240216,14:53:15,531.65,100,189750
20240216,14:56:58,533.2,50,189700
20240216,14:57:48,532.95,50,189700
20240216,14:57:55,533.3,100,189700
20240216,14:58:02,533.0,50,189700
20240216,14:59:53,533.15,50,189750
20240216,14:59:54,532.9,50,189750
20240216,14:59:56,533.2,100,189750
20240216,15:00:01,532.05,50,189750
20240216,15:00:18,533.25,100,189750
20240216,15:03:17,539.0,500,189850
20240216,15:04:49,530.3,300,189950
20240216,15:05:58,530.65,50,189950
20240216,15:09:02,515.95,50,190150
20240216,15:12:31,515.95,50,190100
20240216,15:14:14,517.4,50,190150
20240216,15:15:06,512.05,50,190150
20240216,15:15:51,518.0,200,190150
20240216,15:16:33,512.2,100,190150
20240216,15:17:04,513.5,150,190150
20240216,15:21:22,502.9,100,190100
20240216,15:21:30,502.95,50,190100
20240216,15:23:04,505.5,100,190050
20240216,15:24:18,505.75,100,190050
20240216,15:24:20,505.7,50,190050
20240216,15:24:24,506.0,50,190050
20240216,15:24:45,504.45,100,190050
20240216,15:25:35,505.2,50,190250
20240216,15:26:03,504.25,350,190250
20240216,15:27:29,506.3,750,190250
20240216,15:27:50,510.35,450,190250
20240216,15:27:57,510.35,350,190250
20240216,15:28:03,510.4,400,190250
20240216,15:28:48,513.4,100,189400
20240216,15:29:28,514.85,150,189400
20240216,15:29:41,434.05,100,189400
20240219,09:25:48,528.55,1,187700
20240219,09:25:48,528.55,200,187700
20240219,09:25:57,528.55,400,187700
20240219,09:26:15,525.2,100,187700
20240219,09:27:08,525.2,100,187700
20240219,09:27:45,530.95,50,188350
20240219,09:27:52,530.95,50,188350
20240219,09:29:44,523.8,50,188350
20240219,09:30:49,520.0,100,188350
20240219,09:30:58,520.0,150,188350
20240219,09:33:44,520.0,150,188300
20240219,09:36:03,531.25,50,188300
20240219,09:39:25,531.3,50,188400
20240219,09:42:48,531.3,50,188400
20240219,09:44:07,519.7,50,188400
20240219,09:44:48,512.2,50,188400
20240219,09:46:32,511.0,50,188400
20240219,09:47:22,511.0,100,188400
20240219,09:47:37,513.95,100,188400
20240219,09:47:44,514.0,100,188400
20240219,09:49:49,509.9,50,188500
20240219,09:50:51,500.0,100,188500
20240219,09:51:48,485.45,50,188550
20240219,09:51:56,485.0,100,188550
20240219,09:55:04,485.0,50,188500
20240219,09:55:37,485.0,200,188500
20240219,09:56:14,485.0,50,188500
20240219,09:56:58,483.0,100,188500
20240219,09:57:07,482.4,50,188500
20240219,10:03:48,482.4,50,188600
20240219,10:05:08,498.0,200,188600
20240219,10:08:20,510.0,100,188650
20240219,10:14:27,520.0,50,188550
20240219,10:14:34,520.0,100,188550
20240219,10:17:30,520.0,100,188550
20240219,10:20:10,524.35,50,188400
20240219,10:22:30,528.55,50,188400
20240219,10:23:34,535.5,50,188400
20240219,10:24:00,540.5,50,188400
20240219,10:24:08,543.2,50,188400
20240219,10:24:41,543.2,50,188400
20240219,10:25:04,544.55,150,188300
20240219,10:25:14,550.25,150,188300
20240219,10:31:38,550.25,700,188100
20240219,10:33:07,539.0,50,188100
20240219,10:36:26,525.85,200,187600
20240219,10:38:00,534.6,50,187650
20240219,10:38:07,534.4,150,187650
20240219,10:47:14,536.0,50,187600
20240219,10:49:35,543.9,250,187650
20240219,10:56:52,547.7,250,187650
20240219,10:57:06,550.25,150,187650
20240219,10:57:29,553.0,50,187650
20240219,10:57:37,554.45,250,187650
20240219,10:58:35,564.85,50,187700
20240219,10:58:44,564.85,250,187700
20240219,11:00:27,560.4,50,187700
20240219,11:00:42,563.2,50,187700
20240219,11:01:19,561.85,50,187650
20240219,11:02:03,559.7,50,187650
20240219,11:04:47,557.0,50,187700
20240219,11:05:09,559.85,250,187700
20240219,11:05:53,559.6,550,187700
20240219,11:06:07,559.9,350,187700
20240219,11:09:55,559.65,50,187100
20240219,11:10:31,564.25,250,187100
20240219,11:11:43,561.2,100,187100
20240219,11:13:44,562.6,50,187050
20240219,11:14:12,564.05,50,187050
20240219,11:14:21,570.0,300,187050
20240219,11:14:46,575.9,400,187050
20240219,11:14:57,575.9,100,187050
20240219,11:15:07,578.5,150,187050
20240219,11:15:59,583.5,50,187050
20240219,11:16:03,583.5,50,186850
20240219,11:17:24,598.05,100,186850
20240219,11:17:33,598.2,200,186850
20240219,11:18:59,598.2,50,186850
20240219,11:21:16,589.3,200,186850
20240219,11:23:24,583.95,500,186700
20240219,11:23:47,585.0,200,186700
20240219,11:23:54,584.95,50,186700
20240219,11:24:08,583.5,50,186700
20240219,11:25:08,582.0,50,186750
20240219,11:27:29,579.0,50,186750
20240219,11:28:37,574.0,50,186850
20240219,11:29:14,577.25,50,186850
20240219,11:31:40,577.0,50,186800
20240219,11:37:55,576.1,50,186800
20240219,11:50:58,588.0,300,186850
20240219,11:51:13,589.3,650,186850
20240219,11:52:44,589.3,350,186400
20240219,11:54:30,594.0,50,186400
20240219,11:56:11,595.4,100,186000
20240219,11:56:35,597.55,200,186000
20240219,11:56:51,600.0,50,186000
20240219,11:56:59,600.2,250,186000
20240219,11:57:10,602.0,100,186000
20240219,11:57:30,605.75,100,186000
20240219,11:57:39,605.75,150,186000
20240219,11:57:57,608.05,50,186000
20240219,11:59:11,608.05,50,185500
20240219,12:02:17,590.1,50,185450
20240219,12:04:27,597.85,200,185400
20240219,12:05:16,594.85,500,185400
20240219,12:10:41,597.3,50,185350
20240219,12:11:58,605.0,50,185350
20240219,12:17:10,612.25,200,185300
20240219,12:18:13,606.5,50,185300
20240219,12:25:33,601.2,200,185250
20240219,12:30:21,600.0,100,185200
20240219,12:35:35,600.3,50,185150
20240219,12:52:17,604.75,500,185150
20240219,12:52:28,605.0,50,185150
20240219,13:12:47,613.45,100,185050
20240219,13:18:12,616.55,250,185050
20240219,13:19:07,616.55,50,185050
20240219,13:20:48,613.0,300,185100
20240219,13:20:52,613.0,250,185100
20240219,13:34:24,600.4,50,185650
20240219,13:34:52,601.0,50,185650
20240219,13:35:28,601.8,50,185650
20240219,13:35:35,601.8,200,185650
20240219,13:45:49,610.75,200,185400
20240219,13:49:03,614.9,200,185400
20240219,13:49:16,613.0,200,185400
20240219,13:54:17,617.55,300,185450
20240219,13:58:15,624.35,100,185700
20240219,13:59:40,624.35,50,185700
20240219,14:08:46,616.35,50,185700
20240219,14:09:00,618.95,50,185700
20240219,14:13:28,606.45,200,185700
20240219,14:16:30,615.0,200,185650
20240219,14:23:12,628.0,50,185750
20240219,14:23:36,628.0,50,185750
20240219,14:24:35,627.35,100,185750
20240219,14:28:13,628.95,50,185600
20240219,14:31:19,628.95,100,185550
20240219,14:41:40,617.9,50,185450
20240219,14:44:35,612.0,50,185500
20240219,14:48:45,600.0,200,185550
20240219,14:49:11,597.0,50,185550
20240219,14:49:42,597.0,200,185800
20240219,14:52:15,604.15,100,185800
20240219,14:56:15,597.15,100,185600
20240219,14:56:24,598.6,50,185600
20240219,14:56:47,600.3,50,185600
20240219,14:57:17,591.85,100,185600
20240219,14:57:36,585.0,250,185600
20240219,15:00:13,585.0,50,185700
20240219,15:02:47,593.9,50,185700
20240219,15:06:42,560.0,100,185650
20240219,15:07:12,561.5,500,185650
20240219,15:07:45,552.1,50,185850
20240219,15:09:35,550.0,50,185850
20240219,15:11:40,562.3,5400,185900
20240219,15:11:48,556.7,1800,185900
20240219,15:11:56,557.65,50,185900
20240219,15:12:12,556.9,1000,185900
20240219,15:12:20,558.65,300,185900
20240219,15:12:28,559.65,200,185900
20240219,15:15:06,561.0,100,190750
20240219,15:15:14,560.6,200,190750
20240219,15:16:01,565.0,50,190750
20240219,15:16:14,568.65,100,190750
20240219,15:16:23,570.0,100,190750
20240219,15:16:31,572.95,150,190750
20240219,15:16:35,573.3,50,190650
20240219,15:16:50,577.0,50,190650
20240219,15:16:54,577.8,350,190650
20240219,15:20:55,570.55,50,190250
20240219,15:21:18,566.65,50,190250
20240219,15:26:08,564.05,50,190250
20240219,15:26:31,562.0,50,190250
20240219,15:27:50,562.7,500,190250
20240219,15:27:58,564.05,200,190250
20240219,15:30:03,564.05,50,189750
20240220,09:18:46,521.05,1,189500
20240220,09:18:46,521.05,50,189500
20240220,09:19:55,518.95,50,189550
20240220,09:24:35,523.65,200,189600
20240220,09:24:35,518.95,200,189600
20240220,09:24:43,526.15,50,189600
20240220,09:35:02,527.75,50,189550
20240220,09:38:30,536.75,50,189550
20240220,09:41:36,544.0,50,189550
20240220,09:50:13,544.0,650,189500
20240220,09:53:50,516.0,300,189550
20240220,09:54:01,514.0,200,189550
20240220,09:58:41,514.0,200,189550
20240220,09:58:57,517.75,50,189550
20240220,10:00:10,511.95,200,189550
20240220,10:00:18,511.95,200,189550
20240220,10:00:43,513.0,250,189550
20240220,10:01:07,513.75,250,189550
20240220,10:01:15,517.4,400,189450
20240220,10:01:47,515.0,250,189450
20240220,10:01:55,518.0,250,189450
20240220,10:03:25,512.15,200,189450
20240220,10:04:55,510.0,200,188950
20240220,10:10:54,510.0,50,188950
20240220,10:11:02,523.6,50,188950
20240220,10:11:42,520.0,50,188950
20240220,10:15:31,533.4,50,189050
20240220,10:16:16,539.35,50,189050
20240220,10:18:22,544.0,500,189050
20240220,10:23:05,548.0,50,188600
20240220,10:23:29,548.0,50,188600
20240220,10:24:34,548.0,50,188600
20240220,10:29:48,552.15,50,188550
20240220,10:30:49,554.25,50,188550
20240220,10:32:15,556.55,250,188550
20240220,10:32:23,556.55,250,188550
20240220,10:32:31,556.55,250,188550
20240220,10:32:47,550.0,50,188550
20240220,10:33:54,546.6,250,188550
20240220,10:38:33,540.4,50,188950
20240220,10:41:41,538.5,50,189000
20240220,10:41:50,539.0,150,189000
20240220,10:53:56,517.0,100,188850
20240220,10:54:29,516.0,50,188850
20240220,11:04:05,516.0,50,188900
20240220,11:05:13,524.1,50,188900
20240220,11:08:14,524.35,150,188900
20240220,11:10:04,528.85,450,188900
20240220,11:10:12,529.55,400,188900
20240220,11:16:37,528.85,50,188000
20240220,11:21:05,550.0,50,187950
20240220,11:22:53,552.05,50,187950
20240220,11:35:45,556.65,50,187950
20240220,11:44:05,556.65,50,187900
20240220,11:56:28,556.65,50,187900
20240220,11:59:02,565.0,50,187850
20240220,12:02:57,585.85,50,187800
20240220,12:09:34,594.0,1000,187800
20240220,12:11:23,594.0,50,186800
20240220,12:13:28,594.0,50,186800
20240220,12:14:56,585.3,50,186800
20240220,12:19:05,577.4,50,186850
20240220,12:21:12,577.4,200,186900
20240220,12:29:35,583.8,150,187100
20240220,12:39:07,580.0,50,187000
20240220,12:45:40,587.15,300,186950
20240220,12:48:08,580.0,100,186950
20240220,12:57:20,589.75,100,186950
20240220,12:57:34,586.5,50,186950
20240220,12:59:31,579.55,50,187000
20240220,13:08:17,579.55,100,187000
20240220,13:15:42,557.0,200,186900
20240220,13:17:49,564.7,50,186800
20240220,13:29:50,585.25,200,186800
20240220,13:30:05,585.0,100,186800
20240220,13:30:43,587.4,400,186800
20240220,13:35:06,579.35,50,187350
20240220,13:59:12,555.0,200,187300
20240220,14:02:19,534.65,400,187100
20240220,14:03:56,527.0,50,187100
20240220,14:04:12,521.4,50,187100
20240220,14:05:23,522.05,50,186650
20240220,14:10:47,537.2,400,186650
20240220,14:16:00,547.0,50,186250
20240220,14:16:41,550.65,50,186250
20240220,14:21:32,548.85,50,186200
20240220,14:23:02,558.55,100,186200
20240220,14:24:39,563.0,50,186200
20240220,14:25:18,562.6,50,186200
20240220,14:25:26,561.45,50,186200
20240220,14:25:34,562.2,50,186200
20240220,14:25:41,562.6,50,186200
20240220,14:25:49,562.3,50,186200
20240220,14:25:57,561.6,50,186200
20240220,14:35:34,574.5,50,186200
20240220,14:44:32,565.7,50,186200
20240220,14:47:02,559.35,400,186200
20240220,15:02:32,575.0,50,185800
20240220,15:04:31,580.05,50,185800
20240220,15:07:51,596.0,50,185750
20240220,15:08:11,600.0,50,185750
20240220,15:09:20,600.0,50,185750
20240220,15:11:11,593.7,100,185650
20240220,15:11:21,594.35,400,185650
20240220,15:16:33,598.35,600,185250
20240220,15:16:51,600.0,50,185250
20240220,15:19:00,593.95,50,185100
20240220,15:20:33,593.0,50,185100
20240220,15:28:01,603.85,100,185100
20240220,15:28:47,603.85,50,185100
20240221,09:26:24,595.55,1,184900
20240221,09:26:24,595.55,50,184900
20240221,09:49:03,624.7,300,184950
20240221,09:49:12,623.4,50,184900
20240221,09:50:26,625.0,50,184900
20240221,09:55:02,625.0,50,184850
20240221,09:55:10,613.95,100,184850
20240221,09:58:12,620.0,50,184800
20240221,10:08:07,617.8,400,184750
20240221,10:11:52,617.8,200,184350
20240221,10:12:55,604.0,50,184350
20240221,10:13:41,604.0,300,184400
20240221,10:15:50,608.45,50,184400
20240221,10:17:21,600.3,400,184100
20240221,10:18:57,602.9,200,184100
20240221,10:22:53,590.65,50,183950
20240221,10:23:56,590.65,50,183950
20240221,10:28:29,580.0,50,183950
20240221,10:38:16,580.0,50,184000
20240221,10:40:12,588.0,50,184000
20240221,10:42:15,594.05,600,183950
20240221,10:47:16,575.0,50,183350
20240221,10:47:37,573.9,50,183350
20240221,10:47:44,573.9,350,183350
20240221,10:51:44,570.0,150,182950
20240221,10:54:54,570.0,50,182900
20240221,11:00:50,590.0,50,182850
20240221,11:01:11,590.0,200,182850
20240221,11:12:16,601.0,200,182850
20240221,11:12:43,601.0,200,182850
20240221,11:12:57,602.85,150,182850
20240221,11:13:25,600.0,50,182850
20240221,11:15:57,599.05,1000,182850
20240221,11:16:10,596.75,500,182850
20240221,11:20:44,596.65,50,182850
20240221,11:36:28,589.3,500,183200
20240221,11:38:12,596.0,50,183000
20240221,11:41:29,606.0,150,182950
20240221,11:45:55,600.0,50,182850
20240221,11:48:25,600.0,150,182850
20240221,11:48:38,601.05,50,182850
20240221,11:49:17,598.3,400,182850
20240221,11:56:18,606.9,400,182300
20240221,11:58:19,607.7,200,182300
20240221,12:02:20,600.15,50,181800
20240221,12:06:00,600.1,100,181850
20240221,12:07:33,598.85,50,181800
20240221,12:08:34,596.6,50,181800
20240221,12:12:51,600.3,200,181800
20240221,12:14:05,596.7,200,181600
20240221,12:15:33,602.75,200,181600
20240221,12:17:08,605.7,200,181700
20240221,12:17:27,606.7,200,181700
20240221,12:18:14,606.7,200,181700
20240221,12:19:17,606.95,200,181700
20240221,12:19:36,607.05,200,181700
20240221,12:19:48,607.9,200,181900
20240221,12:20:01,607.25,200,181900
20240221,12:21:06,607.9,200,181900
20240221,12:21:32,609.2,200,181900
20240221,12:22:13,609.55,50,181900
20240221,12:22:19,609.3,200,181900
20240221,12:22:38,611.55,250,181900
20240221,12:22:59,611.75,200,182100
20240221,12:23:12,609.6,200,182100
20240221,12:24:13,606.8,100,182100
20240221,12:24:44,604.95,200,182100
20240221,12:24:56,605.15,200,182100
20240221,12:25:20,607.55,200,182100
20240221,12:25:55,608.85,100,182650
20240221,12:26:14,604.45,200,182650
20240221,12:26:55,602.65,200,182650
20240221,12:27:08,601.9,200,182650
20240221,12:28:03,604.65,200,182650
20240221,12:28:21,604.65,200,182650
20240221,12:28:45,603.75,200,183050
20240221,12:28:56,602.8,200,183050
20240221,12:29:08,602.2,200,183050
20240221,12:29:27,601.65,200,183050
20240221,12:29:45,600.7,200,183050
20240221,12:30:40,605.3,100,183050
20240221,12:31:03,607.0,100,183050
20240221,12:31:58,606.55,400,183550
20240221,12:32:24,606.05,50,183550
20240221,12:33:38,609.3,50,183550
20240221,12:34:18,610.0,50,183550
20240221,12:36:34,616.0,1000,183150
20240221,13:10:04,600.0,50,183150
20240221,13:29:23,588.0,200,183150
20240221,13:30:09,585.0,200,183150
20240221,13:31:10,588.3,50,183150
20240221,13:34:56,595.5,50,183100
20240221,13:35:29,598.9,50,183100
20240221,13:41:27,607.05,50,183100
20240221,13:42:58,605.05,50,183100
20240221,13:47:51,586.3,50,183050
20240221,13:48:39,572.75,250,183050
20240221,13:49:16,570.0,50,183050
20240221,13:50:11,568.25,50,182900
20240221,13:54:19,568.25,50,182900
20240221,13:56:44,565.0,300,182950
20240221,13:56:59,565.0,500,182950
20240221,13:57:06,571.0,400,182950
20240221,13:57:16,568.3,500,182950
20240221,13:58:45,568.8,1500,182950
20240221,14:01:44,554.75,100,181700
20240221,14:02:02,550.0,100,181700
20240221,14:02:30,547.0,50,181700
20240221,14:02:48,542.25,50,181700
20240221,14:02:58,538.0,200,181700
20240221,14:03:45,538.0,50,181700
20240221,14:04:42,553.8,100,181700
20240221,14:06:28,556.5,500,181800
20240221,14:07:04,553.8,50,181800
20240221,14:08:17,550.7,100,181750
20240221,14:09:29,545.5,150,181750
20240221,14:12:40,540.0,200,181800
20240221,14:12:56,535.0,50,181800
20240221,14:13:13,531.05,50,181800
20240221,14:15:48,531.05,50,181900
20240221,14:16:38,544.3,50,181900
20240221,14:21:14,547.1,100,181950
20240221,14:22:18,538.9,50,181950
20240221,14:24:02,503.0,200,181900
20240221,14:24:12,500.0,50,181900
20240221,14:24:22,500.0,50,181900
20240221,14:24:56,501.5,100,181900
20240221,14:26:53,490.0,50,182000
20240221,14:27:27,490.0,50,182000
20240221,14:29:08,507.3,50,182050
20240221,14:30:06,501.0,150,182050
20240221,14:31:30,498.15,100,182050
20240221,14:32:44,498.9,50,182150
20240221,14:35:22,495.0,50,182150
20240221,14:37:33,492.1,50,182150
20240221,14:38:44,491.4,200,182200
20240221,14:39:12,490.0,250,182200
20240221,14:39:21,488.0,150,182200
20240221,14:39:32,474.0,50,182200
20240221,14:40:49,456.05,200,182200
20240221,14:41:36,456.05,100,182150
20240221,14:41:44,469.65,50,182150
20240221,14:42:24,463.2,50,182150
20240221,14:43:25,464.25,50,182150
20240221,14:45:24,464.25,200,182100
20240221,14:45:54,462.0,100,182100
20240221,14:46:09,458.9,100,182100
20240221,14:46:33,452.75,300,182100
20240221,14:47:56,458.15,200,182050
20240221,14:48:29,465.45,200,182050
20240221,14:48:38,464.6,100,182050
20240221,14:50:22,466.95,100,182050
20240221,14:50:51,465.55,50,182050
20240221,14:51:14,472.2,100,182050
20240221,14:51:22,472.2,50,182050
20240221,14:51:29,471.25,200,182050
20240221,14:52:13,475.0,150,182050
20240221,14:52:29,475.0,50,182050
20240221,14:53:29,471.0,100,182100
20240221,14:54:06,462.65,350,182100
20240221,14:54:13,458.9,200,182100
20240221,14:54:35,460.75,250,182100
20240221,14:54:57,465.5,200,182100
20240221,14:56:11,451.0,400,182250
20240221,14:56:31,445.0,300,182250
20240221,14:56:48,445.0,350,182250
20240221,14:56:56,449.05,100,182250
20240221,14:57:27,452.25,50,182250
20240221,14:57:34,449.05,100,182250
20240221,14:58:10,449.1,1200,182250
20240221,14:58:40,451.7,50,182250
20240221,14:58:48,452.75,200,182250
20240221,14:59:04,457.9,150,181350
20240221,14:59:40,460.8,50,181350
20240221,15:00:11,466.45,250,181350
20240221,15:00:59,462.7,50,181350
20240221,15:01:07,464.05,100,181350
20240221,15:01:22,460.0,100,181350
20240221,15:01:30,457.0,100,181350
20240221,15:02:07,459.75,50,181700
20240221,15:02:15,464.9,100,181700
20240221,15:04:42,457.0,50,181700
20240221,15:04:56,462.75,50,181700
20240221,15:05:18,465.4,50,181550
20240221,15:05:26,465.5,250,181550
20240221,15:05:41,469.95,100,181550
20240221,15:06:13,472.0,50,181550
20240221,15:06:30,472.1,50,181550
20240221,15:06:57,479.65,450,181550
20240221,15:07:52,477.0,100,181550
20240221,15:08:21,482.5,100,181050
20240221,15:08:28,478.0,200,181050
20240221,15:09:51,485.55,100,181050
20240221,15:10:07,490.05,100,181050
20240221,15:12:01,478.0,50,181100
20240221,15:12:09,479.75,600,181100
20240221,15:12:53,480.55,50,181100
20240221,15:13:31,490.6,100,181100
20240221,15:14:11,500.0,100,180750
20240221,15:14:36,500.55,100,180750
20240221,15:15:31,500.0,50,180750
20240221,15:16:08,498.0,200,180750
20240221,15:17:34,477.3,50,180650
20240221,15:18:35,471.25,50,180650
20240221,15:20:03,474.0,50,180650
20240221,15:21:20,475.75,50,180600
20240221,15:21:43,476.05,200,180600
20240221,15:24:28,455.0,50,180600
20240221,15:24:53,456.9,50,180600
20240221,15:25:33,452.8,50,180600
20240221,15:25:41,453.85,50,180600
20240221,15:26:32,449.0,50,180550
20240221,15:26:40,447.25,150,180550
20240221,15:26:48,447.0,50,180550
20240221,15:27:21,444.1,350,180550
20240221,15:28:19,441.7,50,180550
20240221,15:29:07,441.7,500,180550
20240221,15:29:54,441.6,150,179950
20240222,09:15:18,480.4,1,180000
20240222,09:15:18,468.7,100,180000
20240222,09:16:08,473.0,50,180050
20240222,09:17:09,481.05,50,180050
20240222,09:18:39,486.5,100,180050
20240222,09:18:47,486.5,100,180050
20240222,09:20:17,466.35,50,180050
20240222,09:20:19,466.35,250,180050
20240222,09:22:33,475.65,50,179950
20240222,09:27:04,468.0,50,180000
20240222,09:27:56,470.0,50,180050
20240222,09:28:19,467.5,50,180050
20240222,09:28:54,461.45,50,180050
20240222,09:29:05,454.15,50,180050
20240222,09:30:33,454.15,50,180050
20240222,09:31:07,449.2,50,180200
20240222,09:32:00,449.05,50,180200
20240222,09:32:15,447.0,50,180200
20240222,09:32:37,447.0,50,180200
20240222,09:32:58,452.5,50,180200
20240222,09:33:13,453.1,50,180200
20240222,09:33:48,448.55,50,180200
20240222,09:34:09,451.7,100,180250
20240222,09:34:31,441.5,200,180250
20240222,09:34:41,435.0,50,180250
20240222,09:35:10,431.25,300,180250
20240222,09:35:35,445.25,100,180250
20240222,09:35:58,445.25,50,180250
20240222,09:38:02,449.0,50,180650
20240222,09:39:26,453.5,50,180650
20240222,09:39:56,445.4,50,180650
20240222,09:40:34,440.5,1800,180650
20240222,09:40:41,444.0,1800,180650
20240222,09:40:49,448.5,1800,180650
20240222,09:40:56,449.5,1800,180650
20240222,09:41:02,448.25,1500,180650
20240222,09:41:27,459.0,100,180650
20240222,09:41:42,458.5,50,180650
20240222,09:41:45,461.65,100,180650
20240222,09:42:05,468.75,200,180650
20240222,09:42:08,478.0,200,180650
20240222,09:42:10,486.75,250,180650
20240222,09:42:15,491.75,100,180650
20240222,09:42:18,491.75,200,180650
20240222,09:42:24,486.1,50,180650
20240222,09:42:35,480.05,100,180650
20240222,09:42:37,482.9,50,180650
20240222,09:42:38,475.05,50,180650
20240222,09:42:41,469.1,150,180650
20240222,09:42:43,465.55,150,180650
20240222,09:42:48,467.6,100,180650
20240222,09:43:02,474.25,200,180050
20240222,09:43:36,486.0,50,180050
20240222,09:43:52,486.0,200,180050
20240222,09:44:10,488.1,200,180050
20240222,09:44:25,486.0,150,180050
20240222,09:44:39,478.6,250,180050
