date,time,tick_price,volume,open_interest
20240215,15:22:02,2.6,150,150
20240216,09:15:08,2.65,1,150
20240216,09:15:08,2.65,50,150
20240216,09:46:55,2.2,650,200
20240216,10:08:34,2.2,50,850
20240216,14:50:48,2.2,400,900
20240216,14:50:56,2.05,50,900
20240216,15:21:10,2.05,150,1300
20240216,15:28:14,2.25,50,1450
20240219,09:58:51,2.05,1,1450
20240219,09:58:51,2.05,500,1450
20240219,09:59:42,2.1,300,1450
20240219,10:00:45,2.2,450,1750
20240219,10:01:49,2.2,50,1750
20240219,10:05:51,2.2,1300,2150
20240219,10:06:11,2.0,200,2150
20240219,10:21:08,2.0,300,3650
20240219,10:23:12,1.95,50,3650
20240219,10:24:45,1.95,50,3650
20240219,10:56:53,1.95,700,3600
20240219,11:32:16,1.95,450,4050
20240219,11:35:15,1.95,1000,3600
20240219,11:35:40,1.95,1150,3600
20240219,11:35:49,1.95,50,3600
20240219,11:36:31,1.95,250,3600
20240219,12:14:54,1.95,50,5250
20240219,14:57:59,1.6,150,5250
20240219,15:12:33,1.6,150,5250
20240219,15:12:53,1.6,150,5250
20240219,15:14:10,2.0,150,5250
20240219,15:14:20,1.6,150,5250
20240219,15:17:43,2.15,150,5250
20240219,15:20:46,1.6,150,5250
20240219,15:25:22,1.65,100,5250
20240219,15:29:37,2.1,150,5250
20240219,15:30:01,1.6,150,5250
20240220,09:19:17,1.6,1,5250
20240220,09:19:17,1.6,250,5250
20240220,10:16:48,2.0,150,5250
20240220,10:34:40,2.0,400,5250
20240220,10:34:55,1.6,400,5250
20240220,11:09:17,1.6,500,5250
20240220,13:10:53,3.25,5050,5250
20240220,13:11:02,1.65,2100,5250
20240220,13:12:19,1.7,100,5250
20240220,13:15:04,1.7,150,5350
20240220,13:20:17,1.4,4450,5400
20240220,13:24:53,1.4,100,5000
20240220,13:34:13,1.9,1600,5000
20240220,13:52:00,1.4,50,5000
20240220,14:01:49,1.4,500,5000
20240220,14:10:34,1.85,50,5000
20240220,15:22:30,1.9,500,5000
20240220,15:29:37,1.4,100,5000
20240221,09:26:25,2.0,1,5000
20240221,09:26:25,2.0,50,5000
20240221,09:39:33,2.0,50,5000
20240221,10:30:07,1.1,1700,5000
20240221,10:30:53,1.1,50,5000
20240221,10:31:01,1.5,1500,5000
20240221,10:32:00,1.5,50,5000
20240221,10:32:23,1.5,50,5000
20240221,10:32:38,1.45,250,5000
20240221,11:04:24,1.15,50,5000
20240221,14:20:53,1.3,650,5000
20240221,14:35:39,1.2,250,5500
20240221,14:39:26,1.2,250,5750
20240221,14:41:17,1.2,250,6000
20240221,14:41:35,1.25,100,6000
20240221,14:59:15,1.2,250,6100
20240221,15:27:37,1.15,150,6350
20240222,09:25:39,1.4,1,6350
20240222,09:25:39,1.4,550,6350
20240222,09:25:48,1.4,400,6350
20240222,09:25:57,1.5,250,6350
20240222,09:26:34,1.5,50,6350
20240222,09:27:01,1.5,300,6350
20240222,09:27:10,1.15,600,6350
20240222,09:27:19,1.2,3250,6350
20240222,09:27:28,1.25,2600,6350
20240222,09:27:38,1.25,350,6350
20240222,09:29:11,1.2,100,7600
20240222,09:30:43,1.2,150,7600
20240222,09:30:52,1.2,100,7600
20240222,09:31:29,1.15,100,7550
20240222,09:32:47,1.1,400,7550
20240222,09:33:15,1.1,50,7550
20240222,09:33:25,1.1,250,7550
20240222,09:34:36,1.1,600,7700
20240222,09:37:29,1.15,200,7300
20240222,09:39:46,1.2,200,7300
20240222,09:44:25,1.1,50,7300
20240222,09:45:02,1.05,400,7300
20240222,09:56:59,1.0,1150,7150
20240222,09:57:56,1.0,650,7150
20240222,09:58:32,1.1,450,7350
20240222,10:08:15,1.05,500,7150
20240222,10:25:57,1.0,400,6900
20240222,10:27:52,1.0,400,6900
20240222,10:31:49,0.95,100,6900
20240222,10:35:00,0.9,50,7500
20240222,10:36:02,0.9,50,7500
20240222,10:49:18,0.85,50,7450
20240222,11:24:43,0.85,250,7450
20240222,11:46:59,0.95,50,7450
20240222,12:20:49,0.85,100,7450
20240222,12:56:49,0.8,50,7400
20240222,12:58:54,0.75,150,7400
20240222,13:01:14,0.75,50,7400
20240222,13:02:05,0.75,600,7400
20240222,13:02:28,0.8,650,7400
20240222,13:02:34,0.75,400,7400
20240222,13:02:41,0.8,450,7400
20240222,13:02:48,0.8,250,7400
20240222,13:03:13,0.8,100,7400
20240222,13:03:34,0.8,150,7400
20240222,13:03:42,0.8,200,7400
20240222,13:05:06,0.8,900,6750
20240222,13:06:16,0.8,250,6750
20240222,13:06:30,0.8,150,6750
20240222,13:40:19,0.85,250,6750
20240222,13:44:54,0.85,500,6500
20240222,13:47:08,0.85,250,6250
20240222,13:48:10,0.85,250,6250
20240222,13:50:45,0.8,50,5900
20240222,13:52:50,0.85,250,5900
20240222,13:58:59,0.85,50,5900
20240222,14:29:34,0.8,400,5850
20240222,14:30:11,0.75,1850,5850
20240222,14:43:04,0.8,50,5850
20240222,14:46:17,0.8,250,5850
20240222,14:46:26,0.8,100,5850
20240222,14:54:25,0.75,150,5850
20240222,14:58:39,1.0,600,5850
20240222,15:00:53,1.0,250,5850
20240222,15:01:12,1.0,250,5850
20240222,15:06:17,1.0,250,5850
20240222,15:06:27,1.0,250,5850
20240222,15:06:37,1.0,250,5850
20240222,15:08:03,1.0,250,5850
20240222,15:08:56,1.0,250,5850
20240222,15:09:05,1.0,250,5850
20240222,15:09:15,1.0,50,5850
20240222,15:12:16,1.05,1350,5850
20240222,15:14:02,1.1,1200,6900
20240222,15:19:02,1.05,200,6100
20240222,15:19:22,1.05,350,6100
20240222,15:25:23,1.05,100,6000
20240222,15:27:12,1.05,250,6000
20240222,15:27:31,1.05,150,6000
20240222,15:28:10,1.05,100,6000
20240222,15:28:30,1.15,200,6000
20240222,15:30:02,1.15,100,6300
20240223,09:15:02,1.1,1,6300
20240223,09:15:02,1.1,1500,6300
20240223,09:15:06,1.3,50,6300
20240223,09:15:16,1.3,1100,6300
20240223,09:15:16,0.9,1100,6300
20240223,09:15:20,1.0,200,6300
20240223,09:15:22,0.95,900,6300
20240223,09:15:34,0.95,50,6300
20240223,09:15:44,0.95,100,6300
20240223,09:15:56,1.0,50,7600
20240223,09:16:13,1.0,50,7600
20240223,09:17:30,0.95,100,7600
20240223,09:17:37,0.9,100,7600
20240223,09:17:54,0.95,50,7600
20240223,09:18:50,0.9,250,7550
20240223,09:19:22,0.95,50,7550
20240223,09:20:16,0.95,50,7550
20240223,09:20:36,0.9,50,7550
20240223,09:21:00,0.9,100,7550
20240223,09:22:20,0.85,150,7550
20240223,09:22:31,0.85,100,7650
20240223,09:24:52,0.85,50,7700
20240223,09:24:56,0.85,50,7700
20240223,09:28:38,0.85,100,7700
20240223,09:30:06,0.85,250,7750
20240223,09:33:59,0.8,300,7750
20240223,09:34:09,0.8,150,8100
20240223,09:34:47,0.8,50,8100
20240223,09:34:48,0.8,100,8100
20240223,09:34:54,0.85,100,8100
20240223,09:35:20,0.85,250,8100
20240223,09:36:21,0.85,50,8100
20240223,09:38:41,0.8,250,8100
20240223,09:39:28,0.8,250,8850
20240223,09:39:45,0.85,200,8850
20240223,09:39:51,0.85,150,8850
20240223,09:39:52,0.85,1000,9050
20240223,09:40:00,0.85,150,9050
20240223,09:40:07,0.9,1500,9050
20240223,09:40:07,0.9,50,9050
20240223,09:41:15,0.9,500,9050
20240223,09:42:33,0.85,500,9050
20240223,09:43:21,0.85,350,9050
20240223,09:43:37,0.85,50,9600
20240223,09:44:23,0.9,200,9600
20240223,09:44:25,0.95,2800,9600
20240223,09:44:26,0.95,200,9600
20240223,09:44:53,0.95,1950,9600
20240223,09:45:10,0.95,1200,9600
20240223,09:45:12,1.0,2650,9600
20240223,09:45:40,1.0,500,9600
20240223,09:46:13,1.0,50,9600
20240223,09:46:17,1.05,5100,15050
20240223,09:46:28,1.0,400,15050
20240223,09:46:31,1.0,1000,15050
20240223,09:46:37,1.0,650,15050
20240223,09:47:00,1.0,1500,15050
20240223,09:47:10,1.0,50,15050
20240223,09:48:01,0.95,100,15050
20240223,09:49:06,1.05,1450,19050
20240223,09:49:09,1.05,50,19050
20240223,09:49:34,1.05,50,19050
20240223,09:49:56,1.0,250,19050
20240223,09:50:03,1.05,2050,19050
20240223,09:50:09,1.05,1850,19050
20240223,09:50:25,1.1,50,19050
20240223,09:50:52,1.1,2050,19050
20240223,09:50:55,1.1,150,19050
20240223,09:50:57,1.05,50,19050
20240223,09:51:00,1.1,50,19050
20240223,09:51:01,1.1,50,19050
20240223,09:51:06,1.1,50,19050
20240223,09:52:20,1.05,50,19050
20240223,09:53:31,1.05,1000,22700
20240223,09:53:32,1.05,2200,22700
20240223,09:53:36,1.05,1200,22700
20240223,09:53:44,1.0,500,22700
20240223,09:53:56,1.0,150,22700
20240223,09:54:00,1.0,250,22700
20240223,09:54:23,1.0,200,22700
20240223,09:54:58,1.0,450,22700
20240223,09:54:59,1.0,50,22700
20240223,09:55:33,1.0,1000,22700
20240223,09:55:37,1.0,400,22700
20240223,09:56:04,1.0,50,22700
20240223,09:56:32,1.0,1000,22700
20240223,09:56:34,1.0,100,22700
20240223,09:57:02,1.05,1150,22700
20240223,09:57:02,1.05,50,22700
20240223,09:57:03,1.05,100,22700
20240223,09:57:09,1.05,200,22700
20240223,09:57:24,1.1,2050,22700
20240223,09:57:53,1.05,100,25100
20240223,09:59:36,1.15,50,25100
20240223,09:59:39,1.15,50,25100
20240223,09:59:51,1.05,300,25100
20240223,09:59:53,1.15,50,25100
20240223,09:59:54,1.05,200,25100
20240223,10:00:00,1.0,150,25100
20240223,10:00:07,1.05,200,25100
20240223,10:00:11,1.05,300,25100
20240223,10:02:03,1.1,50,25100
20240223,10:02:26,1.05,750,25500
20240223,10:02:30,1.05,200,25500
20240223,10:02:30,1.05,50,25500
20240223,10:02:32,1.05,50,25500
20240223,10:02:33,1.05,200,25500
20240223,10:02:43,1.05,50,25500
20240223,10:06:10,1.05,750,25500
20240223,10:06:11,1.05,350,26150
20240223,10:07:10,1.1,2150,25950
20240223,10:07:12,1.1,1250,25950
20240223,10:07:13,1.1,550,25950
20240223,10:07:27,1.15,250,25950
20240223,10:07:59,1.1,50,25950
20240223,10:08:03,1.1,50,25950
20240223,10:08:07,1.1,50,25950
20240223,10:08:08,1.1,50,25950
20240223,10:08:47,1.1,550,25950
20240223,10:10:44,1.05,4950,29050
20240223,10:10:45,1.05,50,29050
20240223,10:10:46,1.05,100,29050
20240223,10:10:56,1.0,8700,29050
20240223,10:10:56,1.0,50,29050
20240223,10:10:57,1.0,50,29050
20240223,10:11:00,1.0,50,29050
20240223,10:11:11,1.0,100,29050
20240223,10:11:40,0.95,750,29050
20240223,10:12:29,0.95,100,29050
20240223,10:12:41,0.95,250,29050
20240223,10:12:53,1.0,1500,29050
20240223,10:13:43,0.95,100,33650
20240223,10:14:08,0.95,50,33650
20240223,10:15:10,1.0,1300,33650
20240223,10:15:18,1.0,50,33650
20240223,10:15:21,1.1,2800,33650
20240223,10:15:22,1.0,500,33650
20240223,10:15:27,1.0,100,33650
20240223,10:15:59,1.0,400,33650
20240223,10:16:09,1.1,50,33850
20240223,10:16:09,1.05,200,33850
20240223,10:16:27,1.05,100,33850
20240223,10:16:43,1.05,50,33850
20240223,10:17:46,1.05,100,33850
20240223,10:17:47,1.15,4450,33850
20240223,10:17:56,1.1,550,33850
20240223,10:17:58,1.1,500,33850
20240223,10:18:04,1.1,450,33850
20240223,10:18:05,1.1,50,33850
20240223,10:18:07,1.1,50,33850
20240223,10:18:09,1.1,250,33850
20240223,10:18:10,1.1,500,33850
20240223,10:18:15,1.1,50,33850
20240223,10:18:24,1.1,50,33850
20240223,10:18:31,1.05,400,33850
20240223,10:18:45,1.05,50,33850
20240223,10:18:45,1.1,850,33850
20240223,10:18:52,1.05,50,33850
20240223,10:18:53,1.05,150,33850
20240223,10:18:54,1.05,150,37450
20240223,10:19:05,1.1,150,37450
20240223,10:19:12,1.1,400,37450
20240223,10:19:13,1.1,750,37450
20240223,10:19:19,1.05,50,37450
20240223,10:19:24,1.05,1800,37450
20240223,10:19:32,1.0,1500,37450
20240223,10:19:36,1.0,100,37450
20240223,10:19:54,1.0,1500,37450
20240223,10:19:59,1.0,500,37450
20240223,10:20:03,1.0,400,37450
20240223,10:20:13,1.0,1100,37450
20240223,10:20:21,1.0,250,37450
20240223,10:20:23,0.95,350,37450
20240223,10:20:39,0.95,200,37450
20240223,10:20:54,0.95,300,37450
20240223,10:21:09,1.0,1400,37450
20240223,10:21:11,0.95,1500,37450
20240223,10:23:01,0.95,50,37600
20240223,10:23:12,1.0,50,37600
20240223,10:23:49,1.0,150,37600
20240223,10:25:41,0.95,50,37650
20240223,10:25:56,1.0,200,37650
20240223,10:31:17,0.95,50,37650
20240223,10:31:37,0.95,500,37900
20240223,10:31:43,0.9,550,37900
20240223,10:31:54,0.9,400,37900
20240223,10:31:56,0.85,50,37900
20240223,10:31:57,0.8,2950,37900
20240223,10:31:58,0.8,850,37900
20240223,10:33:29,0.85,50,37900
20240223,10:33:57,0.85,100,37450
20240223,10:33:58,0.85,50,37450
20240223,10:37:07,0.85,50,37450
20240223,10:38:55,0.85,50,37450
20240223,10:42:40,0.85,1200,37450
20240223,10:43:21,0.85,50,37450
20240223,10:45:14,0.85,100,37050
20240223,10:45:54,0.85,50,37050
20240223,10:47:56,0.9,350,37050
20240223,10:49:50,0.9,1500,36950
20240223,10:53:11,0.9,400,36950
20240223,10:53:42,0.9,200,36950
20240223,10:54:02,0.85,150,36950
20240223,10:57:59,0.9,50,37000
20240223,10:58:06,0.9,500,37000
20240223,11:00:06,0.85,1000,37050
20240223,11:00:12,0.85,500,37050
20240223,11:02:06,0.85,250,36600
20240223,11:05:58,0.9,150,36600
20240223,11:05:59,0.9,600,36600
20240223,11:06:02,0.9,1400,36600
20240223,11:06:26,0.95,1250,36600
20240223,11:06:27,1.0,1850,36600
20240223,11:06:33,0.95,50,36600
20240223,11:06:57,0.95,250,36600
20240223,11:07:44,1.0,400,36950
20240223,11:08:06,1.0,50,36950
20240223,11:08:16,0.95,400,36950
20240223,11:08:20,1.0,3600,36950
20240223,11:08:21,1.05,1800,36950
20240223,11:08:52,1.0,50,36950
20240223,11:09:14,1.0,250,36950
20240223,11:09:35,0.95,700,36950
20240223,11:10:06,0.95,150,39850
20240223,11:10:53,1.0,50,39850
20240223,11:11:22,0.95,50,39850
20240223,11:11:44,0.95,600,39850
20240223,11:11:45,0.95,50,39850
20240223,11:11:46,0.95,100,39850
20240223,11:11:47,0.95,50,39850
20240223,11:11:48,0.95,100,39850
20240223,11:14:26,0.9,650,39850
20240223,11:15:21,0.9,400,40000
20240223,11:15:22,0.9,50,40000
20240223,11:15:24,0.9,700,40000
20240223,11:15:26,0.95,50,40000
20240223,11:15:47,0.9,650,40000
20240223,11:15:56,0.9,800,40000
20240223,11:16:17,0.9,400,40000
20240223,11:16:18,0.9,650,40150
20240223,11:18:12,0.9,1000,40150
20240223,11:22:04,0.9,300,41150
20240223,11:22:22,0.9,650,41150
20240223,11:27:10,0.95,50,41150
20240223,11:27:21,0.9,900,41150
20240223,11:28:16,0.9,500,41150
20240223,11:28:21,0.9,50,41400
20240223,11:32:12,0.9,50,41400
20240223,11:37:30,0.85,1000,41300
20240223,11:48:05,0.85,650,41300
20240223,11:48:55,0.9,250,40400
20240223,11:52:50,0.85,50,40400
20240223,11:54:26,0.85,50,40900
20240223,12:00:05,0.9,150,40900
20240223,12:01:04,0.85,200,40850
20240223,12:10:31,0.9,50,40850
20240223,12:20:02,0.9,1000,40850
20240223,12:21:56,0.9,100,40850
20240223,12:22:29,0.85,100,40800
20240223,12:28:54,0.9,350,40700
20240223,12:28:54,0.9,50,40700
20240223,12:29:00,0.9,100,40700
20240223,12:29:02,0.9,400,40700
20240223,12:29:14,0.85,500,40700
20240223,12:39:27,0.85,50,41150
20240223,12:51:15,0.85,450,41150
20240223,12:51:16,0.85,50,41150
20240223,12:51:18,0.85,50,41150
20240223,12:51:20,0.85,100,41150
20240223,12:53:36,0.85,100,41650
20240223,12:55:18,0.85,250,41650
20240223,13:00:51,0.8,1450,41650
20240223,13:00:52,0.8,750,42000
20240223,13:01:05,0.8,150,42000
20240223,13:02:37,0.75,100,43950
20240223,13:04:50,0.75,650,43950
20240223,13:09:27,0.75,350,43950
20240223,13:10:24,0.75,50,44250
20240223,13:10:35,0.75,200,44250
20240223,13:11:06,0.75,1000,44250
20240223,13:11:08,0.75,1400,44250
20240223,13:13:04,0.75,50,44250
20240223,13:13:05,0.75,50,44250
20240223,13:13:42,0.7,50,45150
20240223,13:13:43,0.7,50,45150
20240223,13:14:18,0.7,50,45150
20240223,13:18:00,0.7,50,45250
20240223,13:18:26,0.7,50,45250
20240223,13:26:08,0.75,500,45250
20240223,13:26:11,0.75,500,45300
20240223,13:26:58,0.8,1100,45300
20240223,13:27:22,0.8,150,45300
20240223,13:28:25,0.75,50,45300
20240223,13:28:26,0.75,50,45050
20240223,13:29:09,0.75,200,45050
20240223,13:30:04,0.75,250,45050
20240223,13:31:15,0.75,50,45050
20240223,13:36:50,0.7,1100,44700
20240223,13:50:36,0.75,250,44300
20240223,13:50:40,0.75,100,44300
20240223,13:52:25,0.75,100,44300
20240223,13:57:22,0.7,1800,44250
20240223,14:18:38,0.7,50,44250
20240223,14:18:45,0.75,150,42700
20240223,14:18:59,0.75,1700,42700
20240223,14:19:20,0.8,50,42700
20240223,14:21:48,0.75,100,42700
20240223,14:21:50,0.75,50,42000
20240223,14:22:05,0.75,500,42000
20240223,14:22:44,0.7,10950,42400
20240223,14:22:56,0.7,950,42400
20240223,14:23:05,0.7,100,42400
20240223,14:23:07,0.7,250,42400
20240223,14:23:51,0.65,50,42400
20240223,14:24:13,0.65,50,42400
20240223,14:25:03,0.65,50,42400
20240223,14:26:29,0.65,50,42400
20240223,14:26:51,0.65,50,44700
20240223,14:26:57,0.7,100,44700
20240223,14:28:19,0.7,100,44700
20240223,14:33:53,0.7,100,44700
20240223,14:41:34,0.65,250,44900
20240223,14:51:17,0.65,100,45100
20240223,14:59:45,0.7,50,45000
20240223,15:00:01,0.7,900,45000
20240223,15:00:02,0.7,1550,45000
20240223,15:00:07,0.65,50,45000
20240223,15:03:31,0.65,50,45000
20240223,15:05:12,0.65,50,44850
20240223,15:05:28,0.7,250,44850
20240223,15:06:51,0.65,150,44850
20240223,15:09:03,0.65,100,45250
20240223,15:10:09,0.65,500,45250
20240223,15:10:20,0.65,50,45250
20240223,15:11:55,0.65,600,45000
20240223,15:13:04,0.65,7300,45000
20240223,15:13:31,0.65,400,45000
20240223,15:14:00,0.65,500,45000
20240223,15:14:40,0.65,250,47150
20240223,15:16:29,0.65,500,47150
20240223,15:19:34,0.65,100,47150
20240223,15:20:05,0.55,1900,47200
20240223,15:20:05,0.55,200,47200
20240223,15:20:40,0.6,200,47200
20240223,15:22:19,0.55,1750,47200
20240223,15:22:25,0.55,150,47200
20240223,15:22:58,0.6,200,47200
20240223,15:24:42,0.55,500,45500
20240223,15:25:00,0.55,100,45500
20240223,15:25:07,0.55,100,45500
20240223,15:25:10,0.55,100,45500
20240223,15:25:12,0.55,100,45500
20240223,15:25:14,0.55,100,45500
20240223,15:25:15,0.55,100,45500
20240223,15:25:16,0.55,100,45500
20240223,15:25:19,0.55,100,45500
20240223,15:25:30,0.55,100,45500
20240223,15:25:34,0.55,100,45500
20240223,15:25:46,0.55,50,45500
20240223,15:26:00,0.55,250,45300
20240223,15:26:52,0.55,200,45300
20240223,15:27:48,0.55,100,45300
20240223,15:28:32,0.55,50,45300
20240223,15:29:30,0.55,50,45500
20240223,15:29:52,0.6,1000,45500
20240226,09:15:00,0.6,1,45500
20240226,09:15:00,0.6,250,45500
20240226,09:15:03,0.55,100,45500
20240226,09:15:05,0.4,100,45500
20240226,09:15:07,0.4,150,45500
20240226,09:15:11,0.45,50,45500
20240226,09:15:56,0.6,300,45400
20240226,09:20:11,0.45,250,45400
20240226,09:21:05,0.45,3850,45200
20240226,09:22:05,0.45,250,45200
20240226,09:22:10,0.45,300,44250
20240226,09:23:04,0.45,250,44250
20240226,09:25:24,0.45,250,44250
20240226,09:25:49,0.45,300,44250
20240226,09:26:50,0.4,1850,44250
20240226,09:26:51,0.4,550,44250
20240226,09:26:52,0.4,50,44250
20240226,09:26:53,0.4,200,44250
20240226,09:28:02,0.45,200,44250
20240226,09:28:08,0.4,1800,44250
20240226,09:28:19,0.45,2400,44250
20240226,09:31:26,0.4,300,44250
20240226,09:49:14,0.4,1800,44250
20240226,09:49:27,0.4,1000,44250
20240226,09:53:07,0.35,250,44250
20240226,09:54:54,0.35,300,44250
20240226,09:55:43,0.35,250,44250
20240226,09:57:13,0.35,50,44250
20240226,09:57:47,0.35,250,44250
20240226,09:58:28,0.35,250,44500
20240226,09:59:58,0.35,250,44500
20240226,10:00:10,0.4,100,44500
20240226,10:00:23,0.35,100,44500
20240226,10:02:23,0.35,250,44250
20240226,10:20:28,0.35,50,44250
20240226,10:20:46,0.35,1000,44250
20240226,10:22:29,0.4,200,44250
20240226,10:23:31,0.4,50,44250
20240226,10:29:10,0.4,150,44250
20240226,10:32:29,0.35,1800,44250
20240226,10:36:46,0.35,350,44250
20240226,10:43:34,0.35,50,44250
20240226,10:53:28,0.4,50,44250
20240226,10:59:56,0.35,1050,44250
20240226,10:59:57,0.3,7200,44250
20240226,11:02:28,0.3,50,45100
20240226,11:02:29,0.35,50,45100
20240226,11:06:20,0.35,50,45100
20240226,11:08:11,0.35,50,45100
20240226,11:08:39,0.3,50,45100
20240226,11:10:24,0.3,150,45100
20240226,11:10:59,0.3,1800,45100
20240226,11:13:28,0.35,50,45100
20240226,11:39:03,0.35,100,45100
20240226,11:49:10,0.35,50,45000
20240226,11:49:26,0.3,50,45000
20240226,11:59:22,0.35,8450,45000
20240226,11:59:27,0.35,50,45000
20240226,11:59:28,0.35,50,45000
20240226,12:03:01,0.4,50,45000
20240226,12:03:31,0.4,50,48200
20240226,12:13:53,0.4,50,48300
20240226,12:18:25,0.35,250,48300
20240226,12:18:48,0.4,50,48350
20240226,12:21:07,0.35,50,48350
20240226,12:22:34,0.35,50,48250
20240226,12:53:51,0.35,100,48150
20240226,13:13:22,0.35,50,48150
20240226,13:23:36,0.35,250,48050
20240226,13:28:50,0.4,50,47750
20240226,13:30:52,0.35,250,47750
20240226,13:31:58,0.35,250,47750
20240226,13:33:07,0.35,250,47550
20240226,13:35:26,0.3,50,47550
20240226,13:37:06,0.3,50,47300
20240226,13:37:45,0.3,100,47300
20240226,13:40:56,0.3,50,47300
20240226,13:51:55,0.35,100,47300
20240226,14:11:47,0.35,50,47300
20240226,14:15:29,0.35,200,47300
20240226,14:20:33,0.35,100,47300
20240226,14:20:49,0.3,100,47300
20240226,14:22:09,0.3,100,47300
20240226,14:24:52,0.35,50,47300
20240226,14:24:57,0.35,150,47300
20240226,14:25:05,0.35,200,47300
20240226,14:25:48,0.35,150,47300
20240226,14:27:46,0.35,1800,47300
20240226,14:27:47,0.4,3600,47300
20240226,14:36:12,0.4,1800,48000
20240226,14:50:33,0.3,250,48000
20240226,14:50:57,0.3,250,48000
20240226,14:53:19,0.3,250,48000
20240226,14:54:56,0.35,100,48350
20240226,14:58:22,0.35,50,48600
20240226,15:03:51,0.3,5400,48600
20240226,15:08:25,0.35,50,48600
20240226,15:09:15,0.35,50,48600
20240226,15:09:29,0.35,250,48600
20240226,15:09:32,0.35,50,48600
20240226,15:11:17,0.35,250,48600
20240226,15:18:11,0.3,1200,48600
20240226,15:22:28,0.3,50,48600
20240226,15:25:15,0.25,100,48150
20240226,15:25:18,0.25,100,48100
20240226,15:25:21,0.25,100,48100
20240226,15:28:42,0.25,1050,48100
20240226,15:29:32,0.25,100,48100
20240227,09:15:04,0.2,1,47050
20240227,09:15:04,0.25,1,47050
20240227,09:15:04,0.1,250,47050
20240227,09:15:21,0.35,100,47050
20240227,09:16:50,0.35,150,47050
20240227,09:16:52,0.25,150,47050
20240227,09:17:16,0.25,100,47050
20240227,09:18:03,0.35,100,47050
20240227,09:18:34,0.35,50,47050
20240227,09:19:18,0.25,200,47050
20240227,09:20:00,0.35,50,47050
20240227,09:20:14,0.25,250,47050
20240227,09:20:15,0.25,50,47050
20240227,09:20:27,0.25,50,47050
20240227,09:20:27,0.35,100,47050
20240227,09:21:05,0.35,50,47050
20240227,09:21:34,0.35,350,47050
20240227,09:21:34,0.35,1000,47050
20240227,09:21:55,0.35,400,47050
20240227,09:22:19,0.35,1000,47050
20240227,09:23:04,0.35,50,47050
20240227,09:23:21,0.25,350,47050
20240227,09:25:01,0.25,50,47050
20240227,09:31:29,0.3,850,47050
20240227,09:32:23,0.3,250,47050
20240227,09:32:54,0.3,50,47050
20240227,09:34:31,0.3,50,47050
20240227,09:38:13,0.25,100,46450
20240227,09:39:32,0.3,100,46450
20240227,09:40:33,0.3,250,46450
20240227,09:40:51,0.25,100,46650
20240227,09:41:57,0.3,300,46650
20240227,09:42:11,0.25,50,46650
20240227,09:49:58,0.3,50,46650
20240227,09:50:08,0.3,250,47200
20240227,09:50:19,0.3,50,47200
20240227,09:51:34,0.25,50,47200
20240227,09:52:10,0.3,150,47200
20240227,09:54:43,0.3,200,47550
20240227,09:57:48,0.25,50,47650
20240227,09:58:53,0.3,500,47650
20240227,10:02:28,0.3,100,47650
20240227,10:05:24,0.3,250,47650
20240227,10:09:23,0.3,50,47650
20240227,10:11:47,0.3,50,47650
20240227,10:13:11,0.25,50,47650
20240227,10:43:32,0.25,150,47650
20240227,10:44:49,0.3,600,47650
20240227,10:49:49,0.25,350,47650
20240227,11:14:48,0.25,600,47650
20240227,11:23:44,0.3,250,47650
20240227,11:38:47,0.3,250,47750
20240227,11:40:13,0.3,50,47750
20240227,11:40:16,0.3,250,47900
20240227,11:40:25,0.3,250,47900
20240227,11:40:39,0.3,50,47900
20240227,11:40:52,0.3,250,47900
20240227,11:41:21,0.3,50,47900
20240227,11:41:35,0.25,1000,47900
20240227,11:41:39,0.3,50,47900
20240227,11:41:53,0.3,250,47900
20240227,11:42:53,0.3,50,47900
20240227,11:44:09,0.3,50,47900
20240227,11:45:07,0.3,50,47900
20240227,11:45:13,0.3,250,47900
20240227,11:45:27,0.3,50,47900
20240227,11:48:41,0.3,50,47900
20240227,11:48:43,0.3,50,47900
20240227,11:56:12,0.25,50,47900
20240227,12:09:10,0.25,250,47900
20240227,12:13:17,0.25,50,47900
20240227,12:30:05,0.3,1400,47900
20240227,12:44:55,0.3,1900,48000
20240227,12:45:15,0.3,1800,48000
20240227,12:49:38,0.35,50,46200
20240227,12:54:20,0.35,250,46200
20240227,12:55:28,0.35,1800,46200
20240227,12:55:29,0.35,1800,46200
20240227,12:55:30,0.35,3600,46200
20240227,12:55:31,0.35,1500,46200
20240227,12:56:14,0.35,1000,46200
20240227,12:59:15,0.4,250,47250
20240227,12:59:34,0.4,1850,47250
20240227,13:00:53,0.4,900,47250
20240227,13:01:18,0.4,200,47250
20240227,13:01:41,0.45,1800,46550
20240227,13:03:21,0.45,150,46550
20240227,13:03:24,0.4,150,46550
20240227,13:03:57,0.4,50,46550
20240227,13:03:59,0.4,50,46550
20240227,13:04:18,0.4,1800,46550
20240227,13:08:41,0.35,1800,47450
20240227,13:08:41,0.35,3200,47450
20240227,13:11:00,0.35,250,44700
20240227,13:12:35,0.35,200,44700
20240227,13:17:32,0.35,300,44700
20240227,13:21:37,0.35,50,44700
20240227,13:22:01,0.3,100,44700
20240227,13:34:34,0.35,50,44700
20240227,13:41:35,0.3,250,44650
20240227,13:43:59,0.3,250,44650
20240227,13:44:50,0.35,50,44650
20240227,13:46:20,0.3,250,44650
20240227,13:48:09,0.3,250,44700
20240227,13:50:42,0.35,450,44700
20240227,13:53:30,0.35,250,45150
20240227,13:53:38,0.35,500,45150
20240227,13:54:46,0.3,250,45150
20240227,13:56:02,0.35,50,45650
20240227,13:56:28,0.35,50,45650
20240227,13:56:31,0.35,50,45650
20240227,13:57:53,0.35,50,45650
20240227,13:57:57,0.35,650,45650
20240227,14:00:51,0.3,650,45650
20240227,14:01:29,0.3,300,45650
20240227,14:02:05,0.3,450,45650
20240227,14:04:19,0.35,50,45150
20240227,14:08:00,0.3,250,45150
20240227,14:11:53,0.35,50,45150
20240227,14:13:53,0.35,50,45150
20240227,14:13:57,0.35,50,45150
20240227,14:14:34,0.4,1600,45150
20240227,14:14:35,0.4,50,45150
20240227,14:14:47,0.35,50,45150
20240227,14:14:49,0.35,50,45150
20240227,14:14:50,0.35,50,45150
20240227,14:15:24,0.4,250,45150
20240227,14:15:31,0.35,50,45150
20240227,14:15:39,0.4,250,45150
20240227,14:15:53,0.4,900,45150
20240227,14:15:55,0.45,1800,45150
20240227,14:15:56,0.4,4300,45150
20240227,14:17:05,0.35,50,45150
20240227,14:17:27,0.35,50,45150
20240227,14:20:44,0.4,50,45150
20240227,14:27:18,0.4,100,45100
20240227,14:27:32,0.45,50,45100
20240227,14:28:03,0.45,50,45100
20240227,14:31:12,0.35,50,45100
20240227,14:32:45,0.45,50,45100
20240227,14:32:47,0.35,50,45000
20240227,14:33:22,0.35,50,45000
20240227,14:33:29,0.35,50,45000
20240227,14:34:50,0.4,50,44900
20240227,14:35:10,0.45,50,44900
20240227,14:35:18,0.45,50,44900
20240227,14:35:23,0.45,50,44900
20240227,14:35:55,0.35,150,44900
20240227,14:37:01,0.4,50,44900
20240227,14:38:41,0.4,50,44900
20240227,14:38:51,0.35,50,44850
20240227,14:39:20,0.35,50,44850
20240227,14:39:21,0.35,50,44850
20240227,14:41:00,0.4,50,44850
20240227,14:41:39,0.35,50,44850
20240227,14:42:10,0.4,50,44850
20240227,14:43:03,0.35,350,44850
20240227,14:43:04,0.4,50,44850
20240227,14:43:32,0.35,50,44850
20240227,14:44:12,0.35,50,44850
20240227,14:45:07,0.4,50,45150
20240227,14:45:30,0.35,50,45150
20240227,14:47:06,0.4,50,45150
20240227,14:47:36,0.35,50,45200
20240227,14:48:07,0.4,750,45200
20240227,14:48:34,0.4,50,45200
20240227,14:49:31,0.4,50,45200
20240227,14:50:13,0.4,50,45200
20240227,14:50:22,0.35,50,45500
20240227,14:52:08,0.4,50,45500
20240227,14:52:14,0.35,50,45500
20240227,14:52:39,0.35,50,45500
20240227,14:52:40,0.4,250,45500
20240227,14:54:06,0.4,50,45500
20240227,14:54:26,0.35,50,45500
20240227,14:54:27,0.4,50,45500
20240227,14:54:49,0.35,750,45500
20240227,14:55:44,0.35,50,44950
20240227,14:56:19,0.35,50,44950
20240227,14:56:45,0.4,750,44950
20240227,14:58:04,0.4,750,44950
20240227,14:59:01,0.45,1000,44950
20240227,14:59:28,0.4,50,44900
20240227,15:00:23,0.4,50,44900
20240227,15:01:28,0.5,50,44900
20240227,15:02:01,0.5,50,44900
20240227,15:03:35,0.5,50,45350
20240227,15:05:08,0.4,50,45350
20240227,15:09:35,0.5,250,45350
20240227,15:11:23,0.45,50,45400
20240227,15:11:25,0.45,50,45400
20240227,15:12:56,0.45,1000,45400
20240227,15:12:59,0.45,50,45400
20240227,15:13:31,0.5,50,45400
20240227,15:13:33,0.45,50,45400
20240227,15:16:13,0.45,50,45400
20240227,15:16:31,0.55,50,45350
20240227,15:17:30,0.55,100,45350
20240227,15:18:29,0.55,100,45400
20240227,15:18:38,0.5,50,45400
20240227,15:18:39,0.5,50,45400
20240227,15:18:40,0.5,50,45400
20240227,15:18:42,0.5,50,45400
20240227,15:18:49,0.5,50,45400
20240227,15:18:54,0.5,50,45400
20240227,15:20:02,0.45,2350,45400
20240227,15:20:03,0.4,450,45400
20240227,15:21:17,0.4,50,45400
20240227,15:22:24,0.4,50,45400
20240227,15:23:29,0.45,50,44700
20240227,15:23:30,0.45,100,44700
20240227,15:23:45,0.45,100,44700
20240227,15:24:06,0.45,150,44700
20240227,15:24:06,0.45,350,44700
20240227,15:25:06,0.4,100,44700
20240227,15:25:11,0.4,100,44700
20240227,15:25:12,0.4,100,44700
20240227,15:25:14,0.4,100,44700
20240227,15:25:49,0.4,50,44850
20240227,15:28:31,0.45,800,44850
20240227,15:28:57,0.5,50,44850
20240227,15:29:30,0.4,50,44100
20240227,15:29:32,0.4,150,44100
20240228,09:15:04,0.4,1,44100
20240228,09:15:04,0.4,50,44100
20240228,09:15:16,0.6,750,44100
20240228,09:15:40,0.45,50,44100
20240228,09:16:04,0.4,300,44100
20240228,09:18:34,0.4,250,44100
20240228,09:19:00,0.45,50,44100
20240228,09:19:07,0.4,50,44100
20240228,09:19:17,0.45,50,44100
20240228,09:19:58,0.4,450,44100
20240228,09:20:00,0.4,550,44100
20240228,09:20:57,0.4,200,44100
20240228,09:21:01,0.4,250,44100
20240228,09:21:16,0.4,50,44100
20240228,09:22:21,0.4,150,44100
20240228,09:22:25,0.45,1600,44100
20240228,09:22:33,0.4,500,44100
20240228,09:22:36,0.4,150,44100
20240228,09:24:44,0.3,600,44100
20240228,09:25:52,0.3,50,44100
20240228,09:25:54,0.3,1300,44300
20240228,09:26:02,0.25,150,44300
20240228,09:26:15,0.25,1050,44300
20240228,09:26:59,0.3,250,44300
20240228,09:27:01,0.25,50,44300
20240228,09:30:03,0.25,150,44300
20240228,09:30:06,0.25,150,44850
20240228,09:30:12,0.3,50,44850
20240228,09:30:14,0.3,1450,44850
20240228,09:30:14,0.3,750,44850
20240228,09:30:43,0.3,150,44850
20240228,09:31:52,0.3,150,44850
20240228,09:33:01,0.35,1500,44100
20240228,09:44:01,0.3,50,44100
20240228,09:58:06,0.3,200,45450
20240228,09:58:06,0.3,50,45400
20240228,09:58:07,0.3,1800,45400
20240228,09:58:11,0.3,200,45400
20240228,09:58:15,0.3,950,45400
20240228,09:59:01,0.3,350,45400
20240228,09:59:08,0.3,50,45400
20240228,10:01:00,0.3,100,44500
20240228,10:01:16,0.3,100,44500
20240228,10:02:30,0.3,150,44500
20240228,10:10:19,0.3,1800,44500
20240228,10:10:58,0.3,400,44500
20240228,10:20:16,0.3,500,44500
20240228,10:20:50,0.25,500,44800
20240228,10:24:24,0.3,100,44800
20240228,10:32:00,0.25,50,44800
20240228,10:32:04,0.25,50,44800
20240228,10:32:46,0.25,500,44800
20240228,10:34:30,0.25,600,44800
20240228,10:36:13,0.25,450,44800
20240228,10:39:56,0.25,50,44650
20240228,10:48:51,0.25,50,44650
20240228,10:50:25,0.25,250,44650
20240228,10:50:32,0.25,1800,44650
20240228,10:51:06,0.2,3400,44650
20240228,10:51:07,0.2,3600,44650
20240228,10:51:17,0.2,1800,44650
20240228,10:51:53,0.2,1900,44650
20240228,10:55:25,0.2,450,44100
20240228,10:58:06,0.2,250,44100
20240228,10:59:12,0.2,250,44350
20240228,10:59:25,0.2,50,44350
20240228,10:59:39,0.2,250,44350
20240228,10:59:51,0.2,50,44350
20240228,11:02:25,0.2,250,44100
20240228,11:30:19,0.2,600,44100
20240228,11:41:04,0.25,100,44100
20240228,11:42:18,0.25,50,44100
20240228,11:46:21,0.25,200,44100
20240228,12:01:34,0.25,50,44100
20240228,12:04:13,0.2,50,44100
20240228,12:10:01,0.2,200,44100
20240228,12:20:37,0.2,50,44100
20240228,12:35:39,0.2,200,44100
20240228,12:36:00,0.2,1600,44100
20240228,12:42:15,0.25,150,44100
20240228,13:00:51,0.25,250,44100
20240228,13:01:11,0.25,250,44100
20240228,13:16:37,0.2,250,44100
20240228,13:21:57,0.2,250,44100
20240228,13:22:46,0.25,50,44250
20240228,13:24:18,0.2,50,44500
20240228,13:25:43,0.25,250,44500
20240228,13:27:06,0.25,50,44500
20240228,13:28:13,0.25,50,44500
20240228,13:28:31,0.2,1550,44500
20240228,13:32:52,0.2,350,44500
20240228,13:35:35,0.2,50,44500
20240228,13:35:47,0.15,50,44500
20240228,13:42:12,0.15,50,44500
20240228,13:54:22,0.2,100,44500
20240228,13:54:41,0.15,100,44500
20240228,13:57:41,0.15,150,44500
20240228,14:05:09,0.2,400,44500
20240228,14:33:19,0.15,250,44500
20240228,14:34:03,0.15,250,44500
20240228,14:36:34,0.15,250,45000
20240228,14:37:38,0.15,250,45000
20240228,14:37:46,0.15,1300,45500
20240228,14:40:54,0.15,250,45500
20240228,14:43:27,0.15,250,45500
20240228,14:49:45,0.15,200,46000
20240228,14:55:40,0.1,250,46200
20240228,15:05:58,0.1,250,46200
20240228,15:06:08,0.1,300,46200
20240228,15:07:58,0.1,300,46200
20240228,15:08:48,0.1,250,46450
20240228,15:08:55,0.1,250,46450
20240228,15:09:41,0.1,50,46450
20240228,15:09:54,0.1,250,46450
20240228,15:10:02,0.1,50,46450
20240228,15:10:05,0.1,250,46450
20240228,15:10:09,0.1,250,46450
20240228,15:10:15,0.1,250,46450
20240228,15:10:21,0.1,250,46450
20240228,15:10:25,0.1,350,46450
20240228,15:10:27,0.1,250,46450
20240228,15:10:32,0.1,300,46450
20240228,15:10:57,0.1,300,46450
20240228,15:11:00,0.1,500,49400
20240228,15:11:07,0.1,250,49400
20240228,15:14:19,0.15,50,49400
20240228,15:14:23,0.1,50,49950
20240228,15:14:55,0.1,250,49950
20240228,15:15:12,0.1,50,49950
20240228,15:16:39,0.1,250,49950
20240228,15:16:44,0.1,1800,49950
20240228,15:17:01,0.1,400,50450
20240228,15:19:24,0.1,250,50450
20240228,15:19:25,0.1,750,50450
20240228,15:19:48,0.1,250,50450
20240228,15:19:52,0.1,750,50700
20240228,15:20:17,0.1,50,50700
20240228,15:21:03,0.1,100,50700
20240228,15:21:04,0.1,500,50700
20240228,15:21:05,0.1,100,50700
20240228,15:23:35,0.1,50,50700
20240228,15:23:51,0.1,750,51450
20240228,15:24:29,0.1,450,51450
20240228,15:25:41,0.1,500,51450
20240228,15:25:43,0.1,1500,51450
20240228,15:27:18,0.1,50,51450
20240228,15:27:38,0.1,250,51900
20240228,15:27:43,0.1,650,51900
20240228,15:28:33,0.1,150,51900
20240228,15:29:30,0.1,400,52800
20240228,15:29:31,0.1,350,52800
20240229,09:15:16,0.1,1,52800
20240229,09:15:16,0.1,1800,52800
20240229,09:15:22,0.15,450,52800
20240229,09:15:24,0.15,550,52800
20240229,09:15:38,0.1,100,52800
20240229,09:16:04,0.1,5400,52350
20240229,09:16:05,0.05,5450,52350
20240229,09:16:06,0.05,3600,52350
20240229,09:16:07,0.05,3600,52350
20240229,09:16:16,0.05,1800,52350
20240229,09:16:19,0.15,1800,52350
20240229,09:16:20,0.15,1150,52350
20240229,09:16:21,0.15,300,52350
20240229,09:16:22,0.15,250,52350
20240229,09:16:23,0.15,1800,52350
20240229,09:16:27,0.15,250,52350
20240229,09:16:30,0.15,250,52350
20240229,09:16:43,0.15,250,52350
20240229,09:16:45,0.15,400,52350
20240229,09:17:06,0.15,250,52350
20240229,09:17:30,0.15,250,52350
20240229,09:17:47,0.15,250,52350
20240229,09:17:58,0.15,250,52350
20240229,09:17:58,0.15,800,52350
20240229,09:18:38,0.15,650,52350
20240229,09:18:52,0.15,250,52350
20240229,09:19:00,0.15,400,52350
20240229,09:19:01,0.15,200,52350
20240229,09:19:04,0.15,300,48750
20240229,09:19:09,0.15,200,48750
20240229,09:19:24,0.15,550,48750
20240229,09:19:50,0.15,50,48750
20240229,09:20:25,0.15,50,48750
20240229,09:21:25,0.1,50,48750
20240229,09:21:31,0.15,1750,48750
20240229,09:22:04,0.2,3600,48750
20240229,09:22:05,0.2,1400,48750
20240229,09:22:39,0.2,500,48750
20240229,09:22:44,0.2,50,48750
20240229,09:22:48,0.2,200,48750
20240229,09:23:51,0.15,4300,48750
20240229,09:23:54,0.15,250,48750
20240229,09:23:58,0.1,50,48750
20240229,09:24:04,0.15,200,48750
20240229,09:25:19,0.15,1800,48750
20240229,09:25:20,0.15,3550,46000
20240229,09:25:35,0.15,200,46000
20240229,09:25:37,0.15,900,46000
20240229,09:25:41,0.15,700,46000
20240229,09:30:27,0.15,50,45550
20240229,09:30:40,0.2,50,45550
20240229,09:30:42,0.15,100,45550
20240229,09:31:18,0.2,50,45550
20240229,09:31:22,0.2,50,45550
20240229,09:32:11,0.15,1750,45550
20240229,09:32:43,0.2,50,45550
20240229,09:33:21,0.15,550,45550
20240229,09:34:03,0.15,50,45550
20240229,09:35:12,0.2,200,45500
20240229,09:37:58,0.15,50,45500
20240229,09:38:41,0.2,150,45500
20240229,09:38:50,0.2,50,45500
20240229,09:39:53,0.15,1400,45500
20240229,09:41:32,0.2,1100,45500
20240229,09:42:00,0.2,200,45500
20240229,09:43:08,0.15,200,45500
20240229,09:44:25,0.2,150,45500
20240229,09:44:33,0.2,100,45500
20240229,09:44:34,0.15,150,45500
20240229,09:47:48,0.2,50,45500
20240229,09:48:01,0.15,200,45500
20240229,09:51:41,0.2,50,45500
20240229,09:52:55,0.15,50,45500
20240229,09:53:10,0.2,50,45500
20240229,09:53:21,0.2,50,45500
20240229,09:57:10,0.15,50,45500
20240229,09:57:56,0.15,50,45500
20240229,10:01:18,0.2,1800,45500
20240229,10:01:31,0.15,50,45500
20240229,10:06:11,0.2,200,45500
20240229,10:06:51,0.2,50,45500
20240229,10:07:07,0.15,50,45500
20240229,10:07:10,0.2,650,45500
20240229,10:07:11,0.2,1500,45500
20240229,10:07:13,0.2,1100,45500
20240229,10:07:14,0.2,1500,45500
20240229,10:07:15,0.2,1600,45500
20240229,10:07:16,0.2,2850,45500
20240229,10:07:18,0.2,1950,45500
20240229,10:07:19,0.2,3000,45500
20240229,10:07:20,0.2,2450,45500
20240229,10:07:21,0.2,600,45500
20240229,10:07:22,0.2,1700,45500
20240229,10:07:23,0.2,250,45500
20240229,10:08:03,0.15,2750,45500
20240229,10:08:04,0.15,3250,45500
20240229,10:08:19,0.15,1100,45500
20240229,10:08:19,0.15,1350,45500
20240229,10:08:27,0.15,750,45500
20240229,10:08:28,0.15,2600,45500
20240229,10:08:33,0.1,4500,45500
20240229,10:08:34,0.1,2850,45500
20240229,10:11:57,0.15,350,45500
20240229,10:13:29,0.15,250,45500
20240229,10:14:38,0.2,50,45850
20240229,10:16:18,0.2,50,45850
20240229,10:16:41,0.15,250,46100
20240229,10:24:52,0.2,50,46100
20240229,10:26:11,0.15,5000,46350
20240229,10:28:12,0.15,50,46350
20240229,10:32:21,0.2,150,46350
20240229,10:45:00,0.15,50,46350
20240229,10:45:48,0.15,1800,46350
20240229,10:45:59,0.15,2300,46350
20240229,10:59:17,0.15,100,46350
20240229,11:04:13,0.15,50,46350
20240229,11:04:16,0.15,100,46350
20240229,11:06:11,0.1,100,46350
20240229,11:08:05,0.15,400,46350
20240229,11:08:54,0.1,50,46350
20240229,11:14:49,0.15,700,46350
20240229,11:15:14,0.2,5400,46350
20240229,11:15:15,0.2,1850,46350
20240229,11:15:48,0.15,250,46350
20240229,11:16:28,0.15,250,46650
20240229,11:16:35,0.2,5600,46650
20240229,11:16:43,0.15,2900,46650
20240229,11:19:01,0.2,50,46650
20240229,11:19:09,0.15,1800,46650
20240229,11:19:36,0.15,250,46650
20240229,11:20:23,0.15,250,47600
20240229,11:20:37,0.15,100,47600
20240229,11:21:13,0.15,300,47600
20240229,11:30:20,0.15,150,47600
20240229,11:31:11,0.15,1800,47100
20240229,11:31:13,0.15,5750,47100
20240229,11:32:16,0.15,50,47550
20240229,11:37:12,0.1,200,47550
20240229,11:37:32,0.15,50,47500
20240229,11:38:05,0.15,50,47300
20240229,11:40:00,0.15,200,47300
20240229,11:42:41,0.1,50,47300
20240229,11:46:02,0.15,50,47250
20240229,11:46:49,0.15,1800,47250
20240229,11:52:30,0.15,50,47250
20240229,11:52:55,0.15,350,47650
20240229,11:52:56,0.15,50,47650
20240229,11:52:57,0.15,50,47650
20240229,11:53:23,0.15,50,47650
20240229,11:54:21,0.15,200,47650
20240229,11:54:25,0.15,50,47650
20240229,11:55:49,0.15,650,47650
20240229,11:56:29,0.2,50,47750
20240229,11:57:35,0.15,50,47750
20240229,11:58:29,0.2,100,47750
20240229,11:59:55,0.15,50,47400
20240229,12:04:36,0.15,50,47450
20240229,12:04:53,0.15,50,47450
20240229,12:06:44,0.15,500,47450
20240229,12:08:02,0.15,50,47450
20240229,12:09:31,0.15,50,47450
20240229,12:22:35,0.15,50,47450
20240229,12:23:06,0.1,3200,47450
20240229,12:23:12,0.1,50,47450
20240229,12:28:30,0.1,500,47450
20240229,12:29:38,0.15,150,47150
20240229,12:30:00,0.2,1000,47150
20240229,12:39:34,0.15,50,47150
20240229,12:40:23,0.15,650,47250
20240229,12:43:05,0.15,100,47500
20240229,12:43:11,0.2,300,47500
20240229,12:43:55,0.15,50,47500
20240229,12:55:40,0.2,50,47500
20240229,12:57:11,0.15,400,47500
20240229,13:02:41,0.1,150,47500
20240229,13:05:51,0.1,50,47500
20240229,13:08:11,0.1,50,47500
20240229,13:13:40,0.1,300,47500
20240229,13:13:56,0.15,50,47500
20240229,13:14:08,0.1,50,47500
20240229,13:14:19,0.15,50,47500
20240229,13:14:29,0.1,50,47500
20240229,13:14:41,0.15,50,47500
20240229,13:16:15,0.1,50,47500
20240229,13:34:00,0.1,150,47500
20240229,13:34:56,0.1,100,47500
20240229,13:35:35,0.15,50,47500
20240229,13:36:47,0.1,50,47500
20240229,13:36:48,0.1,50,47500
20240229,13:44:49,0.1,450,47500
20240229,13:45:24,0.1,250,47500
20240229,13:48:59,0.1,50,47450
20240229,13:57:05,0.1,200,47450
20240229,13:58:07,0.1,200,47450
20240229,14:00:24,0.1,100,47450
20240229,14:04:07,0.1,50,47450
20240229,14:07:38,0.1,50,47450
20240229,14:09:52,0.15,100,47450
20240229,14:10:27,0.05,1950,47450
20240229,14:10:34,0.1,250,47450
20240229,14:11:00,0.1,500,47450
20240229,14:12:34,0.1,300,47350
20240229,14:12:35,0.1,50,47350
20240229,14:12:41,0.05,1100,47350
20240229,14:12:42,0.05,50,47350
20240229,14:13:33,0.05,50,47350
20240229,14:13:36,0.05,1250,47350
20240229,14:14:24,0.1,250,47350
20240229,14:28:51,0.05,100,47100
20240229,14:32:55,0.1,500,47100
20240229,14:32:57,0.1,600,47100
20240229,14:32:58,0.1,800,47100
20240229,14:37:20,0.15,50,47100
20240229,14:37:40,0.1,100,47100
20240229,14:38:00,0.05,1800,47100
20240229,14:38:10,0.05,800,47100
20240229,14:39:21,0.05,350,47100
20240229,14:40:04,0.1,250,47100
20240229,14:40:30,0.1,50,47100
20240229,14:41:00,0.1,50,46850
20240229,14:48:14,0.05,1150,46800
20240229,14:50:15,0.05,250,46800
20240229,14:51:39,0.05,50,46300
20240229,14:58:43,0.05,50,46050
20240229,15:00:19,0.05,500,46050
20240229,15:00:33,0.05,950,46050
20240229,15:00:48,0.05,250,46050
20240229,15:01:15,0.05,250,46050
20240229,15:02:50,0.05,550,45800
20240229,15:02:57,0.05,1000,45800
20240229,15:13:16,0.05,50,45800
20240229,15:20:01,0.05,350,45800
