date,time,tick_price,volume,open_interest
20231211,15:24:53,1421.0,50,50
20231212,09:41:45,1400.0,1,50
20231212,09:41:45,1400.0,50,50
20231212,10:35:04,1400.0,50,50
20231212,10:42:35,1405.0,50,100
20231212,11:03:11,1405.0,50,100
20231212,13:08:18,1405.0,50,150
20231212,13:08:39,1410.0,50,150
20231212,13:08:49,1425.0,50,150
20231212,13:19:17,1425.0,50,300
20231212,15:02:52,1425.0,50,350
20231213,09:33:05,1471.95,1,400
20231213,09:33:05,1471.95,50,400
20231213,09:33:37,1471.95,50,400
20231213,10:11:30,1500.0,50,450
20231213,11:35:01,1541.0,100,500
20231213,13:14:49,1541.0,50,600
20231213,13:41:34,1541.0,200,600
20231213,13:43:15,1500.0,150,600
20231213,13:43:25,1500.0,200,600
20231213,13:44:15,1500.0,200,600
20231213,13:44:25,1500.0,450,600
20231213,13:45:27,1500.0,150,1450
20231213,13:54:48,1500.0,300,1600
20231214,10:17:37,1499.95,1,1900
20231214,10:17:37,1557.05,100,1900
20231214,10:20:30,1383.75,50,1950
20231214,10:21:21,1333.75,100,2000
20231214,10:22:23,1333.75,50,2000
20231214,10:24:03,1280.0,50,2150
20231214,10:24:22,1280.0,50,2150
20231214,10:24:51,1379.95,50,2150
20231214,10:26:39,1320.0,50,2150
20231214,10:28:28,1330.0,50,2150
20231214,10:55:36,1330.0,100,2200
20231214,11:52:29,1330.0,50,2300
20231214,13:14:29,1305.0,50,2350
20231214,13:30:05,1305.0,50,2400
20231214,13:39:13,1297.7,50,2450
20231214,13:39:30,1293.2,1100,2500
20231214,13:39:58,1291.7,100,2500
20231214,13:40:06,1291.7,50,2500
20231214,13:40:24,1293.45,50,2500
20231214,13:41:29,1292.6,50,2500
20231214,13:41:38,1292.5,50,2500
20231214,13:41:47,1292.6,50,2500
20231214,13:42:33,1291.0,50,3950
20231214,13:42:42,1292.6,100,3950
20231214,13:43:36,1290.25,100,3950
20231214,13:43:44,1289.6,150,3950
20231214,13:43:53,1289.55,100,3950
20231214,13:44:52,1289.7,400,3950
20231214,13:45:19,1288.45,100,3950
20231214,13:45:45,1290.1,50,4950
20231214,13:46:05,1290.55,100,4950
20231214,13:46:14,1290.5,50,4950
20231214,13:46:42,1290.8,50,4950
20231214,13:48:06,1290.65,50,4950
20231214,13:48:15,1290.35,250,5200
20231214,13:49:01,1295.65,150,5200
20231214,13:49:11,1294.7,100,5200
20231214,13:49:42,1297.95,50,5200
20231214,13:49:53,1297.7,350,5200
20231214,13:50:03,1297.7,900,5200
20231214,13:50:13,1297.7,250,5200
20231214,13:53:16,1297.7,300,6950
20231214,15:05:04,1233.75,100,7250
20231214,15:07:53,1233.75,1150,7350
20231214,15:08:03,1295.0,1100,7350
20231214,15:08:13,1296.65,250,7350
20231214,15:09:35,1295.65,150,9500
20231214,15:10:05,1295.8,200,9500
20231214,15:10:15,1296.65,100,9500
20231214,15:10:26,1296.8,50,9500
20231214,15:10:36,1296.6,50,9500
20231214,15:10:46,1296.4,50,9500
20231214,15:10:56,1296.7,200,9500
20231214,15:11:07,1296.55,350,9500
20231214,15:11:17,1295.4,200,9500
20231214,15:11:27,1296.5,150,9500
20231214,15:11:37,1296.35,50,9500
20231214,15:12:06,1296.35,100,9500
20231214,15:12:16,1295.7,50,9500
20231214,15:12:26,1297.35,400,9500
20231214,15:12:36,1297.65,50,11500
20231214,15:12:46,1297.9,250,11500
20231214,15:12:55,1298.8,100,11500
20231214,15:12:58,1299.5,100,11500
20231214,15:13:00,1299.6,50,11500
20231214,15:13:03,1299.35,50,11500
20231214,15:13:05,1299.05,50,11500
20231214,15:28:05,1169.3,100,12150
20231215,10:24:14,1181.0,1,12100
20231215,10:24:14,1180.0,500,12100
20231215,10:24:48,1180.45,1500,12100
20231215,10:27:30,1250.0,100,12300
20231215,10:28:13,1250.0,1500,12300
20231215,10:28:39,1200.1,500,12300
20231215,10:28:55,1200.75,250,12300
20231215,10:29:12,1201.15,100,12300
20231215,10:29:38,1201.85,250,12300
20231215,10:30:55,1201.0,500,12350
20231215,10:31:46,1205.05,500,12350
20231215,10:32:03,1205.7,250,12350
20231215,10:35:18,1214.95,650,12350
20231215,10:35:27,1214.95,50,12350
20231215,10:36:39,1214.95,50,12350
20231215,10:36:45,1215.0,50,12350
20231215,10:36:58,1212.0,500,12350
20231215,10:37:10,1212.0,300,12350
20231215,10:37:11,1211.95,100,12350
20231215,10:37:12,1211.95,50,12350
20231215,10:37:13,1212.0,100,12350
20231215,10:37:14,1212.0,50,12350
20231215,10:39:04,1214.95,150,12350
20231215,10:39:25,1215.0,100,12350
20231215,10:39:38,1224.75,300,12350
20231215,10:41:20,1213.45,250,12350
20231215,10:41:37,1213.45,50,12350
20231215,10:42:20,1213.5,400,12350
20231215,10:42:51,1216.55,200,12350
20231215,10:43:05,1216.6,200,12350
20231215,10:44:20,1218.5,100,12350
20231215,10:45:32,1217.75,450,12450
20231215,10:46:30,1217.8,250,12450
20231215,10:47:53,1225.2,100,12350
20231215,10:48:02,1225.1,100,12350
20231215,10:48:09,1227.0,50,12350
20231215,10:48:10,1227.0,50,12350
20231215,10:48:38,1225.0,150,12350
20231215,10:48:40,1225.0,100,12350
20231215,10:51:06,1224.65,100,12350
20231215,10:51:24,1225.0,150,12350
20231215,10:55:18,1225.0,150,12400
20231215,10:55:36,1225.0,100,12400
20231215,10:55:45,1225.0,100,12400
20231215,10:59:30,1210.7,150,12400
20231215,11:00:22,1217.25,50,12400
20231215,11:00:25,1217.0,100,12400
20231215,11:00:55,1210.9,50,12400
20231215,11:04:22,1219.95,100,12600
20231215,11:08:42,1219.0,50,12600
20231215,11:09:49,1220.0,50,12600
20231215,11:09:56,1220.0,50,12600
20231215,11:31:03,1200.0,500,12750
20231215,11:31:53,1201.7,200,12750
20231215,11:32:12,1201.7,100,12750
20231215,11:32:26,1201.7,100,12750
20231215,11:32:30,1201.7,50,12750
20231215,11:32:33,1201.7,50,12750
20231215,11:33:10,1201.0,50,13250
20231215,11:34:04,1201.2,50,13250
20231215,11:34:16,1201.2,50,13250
20231215,11:38:21,1201.2,50,13250
20231215,11:38:34,1201.2,50,13250
20231215,11:38:57,1200.7,50,13250
20231215,11:39:43,1192.35,100,13250
20231215,11:43:25,1200.0,550,13250
20231215,11:43:27,1200.0,50,13250
20231215,11:43:51,1200.0,200,13250
20231215,11:44:11,1200.0,250,13250
20231215,11:44:14,1200.0,200,13250
20231215,11:44:25,1200.0,250,13250
20231215,11:44:47,1200.0,300,14750
20231215,11:44:50,1194.8,50,14750
20231215,11:46:06,1195.95,200,14750
20231215,11:46:09,1196.0,50,14750
20231215,12:21:58,1210.0,50,14900
20231215,12:36:59,1200.0,50,14950
20231215,12:43:08,1171.35,50,15000
20231215,12:43:44,1171.35,150,15000
20231215,12:43:47,1173.85,100,15000
20231215,12:45:01,1180.05,50,15000
20231215,12:47:41,1181.5,50,15100
20231215,12:52:05,1182.25,50,15100
20231215,12:52:42,1182.0,500,15100
20231215,12:54:31,1190.0,50,15300
20231215,12:56:49,1190.0,50,15300
20231215,12:58:00,1190.0,50,15400
20231215,12:59:42,1189.7,50,15400
20231215,13:00:06,1189.0,50,15500
20231215,13:01:18,1190.0,50,15500
20231215,13:03:00,1186.5,50,15600
20231215,13:06:15,1186.5,50,15650
20231215,13:06:22,1186.5,50,15650
20231215,13:06:30,1186.5,100,15650
20231215,13:06:38,1186.5,50,15650
20231215,13:06:51,1190.0,50,15650
20231215,13:07:19,1189.95,100,15650
20231215,13:07:20,1189.95,100,15650
20231215,13:07:21,1190.0,50,15650
20231215,13:07:31,1190.0,50,15650
20231215,13:07:38,1190.0,50,15650
20231215,13:07:43,1190.0,50,15650
20231215,13:09:36,1187.8,50,16250
20231215,13:18:52,1188.05,100,16300
20231215,13:18:59,1190.05,100,16300
20231215,13:19:13,1190.0,150,16300
20231215,13:20:04,1190.0,50,16300
20231215,13:22:05,1190.0,200,16300
20231215,13:22:07,1190.0,100,16250
20231215,13:26:18,1185.0,100,16350
20231215,13:28:06,1185.0,50,16400
20231215,13:32:08,1185.0,300,16450
20231215,13:32:33,1185.05,100,16450
20231215,13:33:32,1185.0,300,16650
20231215,14:16:41,1184.95,200,16650
20231215,14:19:43,1185.0,100,16750
20231215,14:27:09,1180.0,250,16850
20231215,14:30:39,1180.05,50,17100
20231215,14:30:40,1180.05,100,17100
20231215,14:30:42,1180.05,50,17100
20231215,14:30:50,1180.0,50,17100
20231215,14:35:34,1185.0,500,17100
20231215,14:42:17,1175.0,150,17000
20231215,14:50:28,1175.0,350,17400
20231215,14:55:29,1155.0,50,17550
20231215,14:59:31,1150.0,50,17550
20231215,15:00:52,1150.0,50,17600
20231215,15:03:45,1145.7,150,17550
20231215,15:04:27,1144.95,100,17550
20231215,15:05:07,1145.0,150,17550
20231215,15:05:35,1145.1,50,17550
20231215,15:12:20,1137.95,50,17750
20231215,15:13:31,1135.5,50,17750
20231215,15:14:51,1130.0,50,17750
20231215,15:15:30,1122.0,300,17850
20231215,15:15:57,1122.0,300,17850
20231215,15:15:58,1122.0,100,17850
20231215,15:16:16,1122.0,200,17850
20231215,15:16:19,1121.65,50,17850
20231215,15:16:34,1120.05,50,17850
20231215,15:16:35,1120.05,100,17850
20231215,15:16:41,1121.65,50,17850
20231215,15:17:00,1135.05,150,17850
20231215,15:18:00,1126.7,50,17850
20231215,15:20:03,1122.0,50,18500
20231215,15:20:15,1120.1,50,18500
20231215,15:20:35,1125.0,50,18500
20231215,15:25:30,1129.45,100,18650
20231215,15:25:41,1129.95,300,18650
20231215,15:28:39,1140.0,50,19000
20231218,09:20:21,1122.5,1,18950
20231218,09:20:21,1121.8,300,18950
20231218,09:22:59,1135.1,50,19250
20231218,09:30:32,1135.1,300,19300
20231218,09:34:32,1170.0,50,19600
20231218,09:36:40,1170.0,100,19650
20231218,09:40:43,1170.0,150,19650
20231218,09:41:11,1175.0,50,19650
20231218,09:43:34,1175.1,600,19700
20231218,09:43:43,1175.1,250,19700
20231218,09:44:29,1175.15,450,19700
20231218,09:44:39,1175.15,200,19700
20231218,09:44:48,1175.15,200,19850
20231218,09:44:58,1175.15,200,19850
20231218,09:45:07,1175.15,250,19850
20231218,09:47:18,1182.15,100,19850
20231218,09:48:38,1182.15,50,20300
20231218,09:49:40,1184.9,200,20300
20231218,09:49:49,1184.95,50,20300
20231218,09:49:58,1186.45,100,20300
20231218,09:50:06,1186.45,100,20300
20231218,09:52:55,1187.0,150,20800
20231218,09:53:04,1190.0,600,20800
20231218,09:53:48,1191.45,50,21550
20231218,09:54:06,1191.45,200,21550
20231218,09:54:23,1190.0,200,21550
20231218,09:54:32,1190.0,400,21550
20231218,09:54:50,1190.0,250,21550
20231218,09:54:59,1190.0,200,21550
20231218,09:55:46,1190.0,50,21550
20231218,09:56:00,1190.0,150,21550
20231218,09:56:18,1190.0,200,21550
20231218,09:56:21,1190.0,150,21550
20231218,09:56:28,1190.0,200,21550
20231218,10:00:43,1190.0,150,23550
20231218,10:00:51,1190.0,100,23550
20231218,10:01:32,1195.0,50,23550
20231218,10:02:13,1195.0,250,23550
20231218,10:18:57,1190.0,50,24100
20231218,10:22:27,1191.0,50,24150
20231218,10:37:58,1190.0,50,24150
20231218,10:39:08,1190.5,50,24200
20231218,10:40:04,1191.8,50,24200
20231218,10:56:58,1188.6,50,24200
20231218,11:09:13,1175.15,50,24200
20231218,11:15:23,1175.15,150,24200
20231218,11:23:02,1175.15,50,24350
20231218,11:42:04,1175.15,50,24400
20231218,11:56:39,1185.0,50,24450
20231218,11:59:46,1197.7,100,24450
20231218,12:00:26,1198.7,50,24450
20231218,12:03:05,1198.7,750,24600
20231218,12:21:58,1200.0,50,24700
20231218,12:29:20,1210.0,100,24700
20231218,12:36:17,1210.0,50,24700
20231218,12:47:34,1209.0,500,24650
20231218,12:48:06,1209.15,100,24600
20231218,12:49:59,1210.6,300,24600
20231218,12:50:22,1212.3,100,24600
20231218,12:50:26,1212.3,100,24600
20231218,12:53:50,1230.0,850,24650
20231218,13:00:02,1230.0,50,24650
20231218,13:03:44,1218.4,50,24600
20231218,13:21:02,1230.0,50,24600
20231218,13:23:41,1226.0,50,24600
20231218,13:26:52,1223.95,100,24650
20231218,13:30:12,1223.95,200,24700
20231218,13:44:31,1197.15,100,24900
20231218,14:39:14,1185.25,100,24900
20231218,14:43:50,1195.6,100,24900
20231218,15:08:30,1192.15,100,24900
20231219,09:23:46,1210.0,1,24900
20231219,09:23:46,1210.0,50,24900
20231219,09:27:19,1210.0,50,24900
20231219,10:06:50,1275.0,50,24900
20231219,10:07:47,1275.0,50,24900
20231219,10:09:45,1241.25,50,24950
20231219,10:12:15,1243.2,50,25000
20231219,10:18:34,1245.1,150,25000
20231219,10:30:48,1245.0,100,24850
20231219,10:32:11,1252.5,50,24850
20231219,10:44:29,1252.0,50,24800
20231219,11:01:23,1251.0,50,24850
20231219,11:51:46,1210.0,200,24900
20231219,12:02:13,1210.0,50,24900
20231219,12:28:34,1190.05,50,24900
20231219,12:36:37,1190.05,50,24900
20231219,12:41:04,1195.0,50,24900
20231219,12:41:42,1195.0,50,24900
20231219,12:41:51,1195.0,50,24900
20231219,12:42:43,1195.0,50,24900
20231219,12:43:02,1191.0,50,24900
20231219,12:43:20,1191.0,150,24900
20231219,12:46:25,1190.0,100,24900
20231219,12:46:41,1190.0,50,24900
20231219,12:46:50,1190.0,50,24900
20231219,12:47:15,1190.0,300,24900
20231219,13:37:03,1185.65,100,24900
20231219,13:54:25,1185.0,50,25000
20231219,14:18:09,1180.0,50,25000
20231219,14:18:28,1178.0,50,25000
20231219,14:19:42,1178.0,100,25050
20231219,14:21:36,1183.0,50,25050
20231219,14:24:04,1185.0,50,25050
20231219,14:24:20,1186.45,50,25050
20231219,14:31:10,1186.45,100,25000
20231219,14:34:31,1178.0,200,25100
20231219,14:36:29,1175.0,50,25100
20231219,14:37:26,1175.0,50,25350
20231219,14:40:10,1175.0,50,25400
20231219,14:41:05,1180.0,100,25400
20231219,14:46:54,1180.0,50,25450
20231219,14:52:59,1182.2,50,25450
20231219,15:02:43,1173.0,400,25450
20231219,15:03:54,1173.0,300,25550
20231219,15:04:23,1176.7,300,25550
20231219,15:27:42,1215.0,50,25550
20231220,09:32:55,1125.5,1,25550
20231220,09:32:55,1125.0,250,25550
20231220,09:35:34,1206.0,500,25550
20231220,09:36:39,1206.0,50,25450
20231220,09:39:02,1140.0,450,25450
20231220,09:40:24,1140.0,50,25450
20231220,09:43:14,1135.0,100,25450
20231220,09:49:20,1137.65,50,25450
20231220,09:50:31,1140.0,50,25450
20231220,09:50:58,1140.0,100,25500
20231220,10:06:09,1135.0,50,25600
20231220,10:08:21,1143.25,100,25600
20231220,10:15:37,1145.1,100,25600
20231220,10:18:52,1145.05,100,25600
20231220,10:19:09,1143.0,100,25600
20231220,10:28:19,1142.5,100,25650
20231220,10:29:14,1145.0,50,25650
20231220,10:29:31,1145.0,50,25650
20231220,10:30:33,1150.0,100,25750
20231220,10:45:36,1130.0,100,25850
20231220,10:51:08,1135.0,50,25850
20231220,11:13:27,1122.55,100,25900
20231220,11:13:58,1122.55,400,25900
20231220,11:16:32,1129.35,50,25900
20231220,11:22:26,1131.1,50,25900
20231220,11:28:33,1135.0,50,25900
20231220,11:32:29,1139.05,50,25900
20231220,11:36:06,1160.0,100,25900
20231220,11:36:49,1150.0,300,25900
20231220,11:36:57,1150.0,100,25900
20231220,11:37:05,1150.0,50,25900
20231220,11:40:55,1144.75,750,26000
20231220,11:43:30,1149.95,750,26050
20231220,11:43:39,1149.95,50,26050
20231220,11:44:15,1150.0,350,26050
20231220,11:45:17,1138.9,350,26000
20231220,11:55:19,1161.05,50,26100
20231220,11:55:22,1160.95,50,26100
20231220,12:12:05,1194.4,50,26050
20231220,12:36:24,1142.4,100,26100
20231220,12:38:02,1170.1,50,26100
20231220,12:47:14,1161.9,200,26150
20231220,13:11:08,1199.0,50,26150
20231220,13:19:32,1199.0,150,26200
20231220,13:19:38,1200.0,50,26200
20231220,13:27:43,1225.0,100,26400
20231220,13:28:04,1232.0,50,26400
20231220,13:32:06,1279.45,50,26500
20231220,13:35:23,1279.45,50,26550
20231220,13:35:32,1257.2,50,26550
20231220,13:36:59,1280.0,300,26450
20231220,14:03:42,1280.0,50,26400
20231220,14:07:39,1280.0,50,26400
20231220,14:32:53,1280.0,50,26450
20231220,14:40:20,1325.0,50,26450
20231220,14:45:45,1343.0,50,26450
20231220,14:46:31,1349.95,50,26450
20231220,14:47:20,1349.95,50,26450
20231220,15:01:51,1350.0,50,26450
20231220,15:02:02,1360.0,50,26450
20231220,15:05:17,1372.7,50,26500
20231220,15:05:54,1375.0,50,26500
20231220,15:08:39,1385.0,50,26500
20231220,15:11:44,1385.0,50,26550
20231220,15:11:53,1380.0,50,26550
20231220,15:17:46,1410.0,50,26650
20231220,15:19:14,1410.0,50,26700
20231220,15:20:10,1410.0,50,26700
20231220,15:20:21,1410.0,50,26700
20231220,15:21:58,1415.55,300,26700
20231220,15:22:26,1401.85,100,26700
20231220,15:26:59,1432.5,50,26700
20231220,15:27:29,1438.05,50,26700
20231221,09:22:04,1450.0,1,26650
20231221,09:22:04,1450.0,350,26650
20231221,09:22:27,1450.0,100,26650
20231221,09:22:38,1450.0,50,26650
20231221,09:22:59,1450.0,500,26650
20231221,09:23:08,1455.0,100,26650
20231221,09:23:18,1455.0,200,26650
20231221,09:23:27,1455.0,50,26650
20231221,09:24:34,1438.0,150,27950
20231221,09:25:24,1455.0,250,27950
20231221,09:25:34,1455.0,50,27950
20231221,09:25:53,1455.0,250,27950
20231221,09:30:50,1470.0,50,28650
20231221,09:39:43,1489.05,50,28700
20231221,09:52:18,1489.05,50,28750
20231221,09:52:47,1450.0,200,28750
20231221,09:53:46,1430.0,250,28750
20231221,09:55:20,1430.0,100,29000
20231221,09:57:32,1440.0,100,29100
20231221,10:00:44,1435.7,50,29100
20231221,10:03:05,1445.4,50,29150
20231221,10:03:15,1460.0,150,29150
20231221,10:03:25,1450.0,50,29150
20231221,10:06:12,1450.0,50,29250
20231221,10:08:45,1425.0,100,29250
20231221,10:11:46,1389.45,100,29350
20231221,10:17:35,1415.0,50,29400
20231221,10:23:59,1415.0,50,29400
20231221,10:30:38,1440.0,50,29400
20231221,10:30:58,1440.0,50,29400
20231221,10:31:09,1469.9,250,29400
20231221,10:41:40,1440.0,50,29450
20231221,10:45:50,1410.0,400,29400
20231221,10:46:00,1410.0,250,29400
20231221,10:47:29,1420.0,350,29400
20231221,11:37:38,1414.05,300,28550
20231221,11:46:17,1414.05,50,28850
20231221,11:46:19,1414.0,250,28850
20231221,11:46:26,1414.0,250,28850
20231221,11:46:35,1414.0,50,28850
20231221,11:46:37,1414.0,50,28850
20231221,11:47:01,1414.0,50,28850
20231221,11:47:02,1414.0,300,28850
20231221,11:47:04,1414.0,50,28850
20231221,11:47:05,1414.0,100,28850
20231221,11:55:22,1414.0,150,29950
20231221,12:02:08,1414.0,100,30100
20231221,12:02:18,1414.0,200,30100
20231221,12:03:33,1414.0,200,30200
20231221,12:18:15,1367.25,50,30300
20231221,12:23:14,1367.25,100,30300
20231221,12:23:15,1405.0,400,30300
20231221,12:23:17,1405.0,50,30300
20231221,12:40:07,1390.2,250,30200
20231221,12:55:04,1356.7,50,30200
20231221,13:05:53,1348.75,100,30400
20231221,13:13:37,1397.15,50,30350
20231221,13:32:45,1350.3,50,30350
20231221,13:44:05,1366.2,50,30300
20231221,13:58:31,1390.0,50,30350
20231221,13:59:18,1390.0,150,30350
20231221,14:00:41,1390.0,200,30300
20231221,14:14:09,1404.0,100,30200
20231221,14:14:18,1404.05,50,30200
20231221,14:14:19,1404.0,200,30200
20231221,14:41:06,1352.0,50,30200
20231221,14:58:08,1348.0,50,30250
20231221,15:07:34,1348.0,50,30250
20231221,15:07:59,1340.0,100,30250
20231221,15:09:01,1340.0,50,30250
20231221,15:25:00,1363.45,100,30250
20231222,09:30:52,1363.45,1,29950
20231222,09:30:52,1363.45,50,29950
20231222,09:34:51,1338.0,150,29950
20231222,09:34:59,1338.0,700,30000
20231222,09:35:50,1330.0,150,30000
20231222,09:42:03,1311.0,200,30000
20231222,09:50:00,1294.0,50,30150
20231222,09:50:09,1293.95,650,30150
20231222,09:51:01,1294.0,150,30050
20231222,10:08:19,1280.35,50,30200
20231222,10:14:05,1280.35,100,30150
20231222,10:14:06,1281.4,150,30150
20231222,10:15:22,1272.0,200,30150
20231222,10:17:57,1289.95,50,30350
20231222,10:23:08,1255.1,250,30400
20231222,10:36:09,1255.1,50,30600
20231222,10:48:59,1260.0,50,30600
20231222,10:50:00,1260.0,200,30600
20231222,10:52:06,1255.1,50,30800
20231222,10:57:56,1250.0,50,30800
20231222,11:15:05,1248.0,50,30850
20231222,11:37:33,1226.4,200,30850
20231222,12:39:24,1226.4,200,31050
20231222,12:39:32,1282.8,50,31050
20231222,13:32:39,1244.1,200,30800
20231222,13:38:28,1276.1,100,31000
20231222,13:41:38,1308.05,200,31000
20231222,13:45:06,1320.0,50,31000
20231222,14:38:26,1280.0,100,30800
20231222,15:02:55,1280.0,50,30900
20231222,15:16:04,1265.0,50,30900
20231222,15:16:31,1270.0,50,30900
20231226,09:23:42,1253.2,1,30900
20231226,09:23:42,1253.2,50,30900
20231226,09:23:54,1267.4,50,30900
20231226,09:27:51,1279.0,100,31000
20231226,09:30:07,1289.0,50,31000
20231226,09:30:44,1300.0,50,31000
20231226,09:32:04,1300.0,100,31000
20231226,09:33:14,1289.35,100,31150
20231226,09:39:34,1289.25,300,31250
20231226,09:42:07,1289.25,50,31500
20231226,09:42:11,1273.95,50,31500
20231226,10:05:05,1257.0,100,31500
20231226,10:11:31,1275.0,250,31550
20231226,10:11:48,1273.25,50,31550
20231226,10:12:23,1270.8,50,31800
20231226,10:13:47,1275.0,150,31800
20231226,10:35:41,1254.5,50,32000
20231226,10:37:30,1244.45,50,31950
20231226,10:40:50,1229.6,50,32000
20231226,10:52:32,1229.6,100,32050
20231226,11:07:16,1229.6,50,32050
20231226,11:14:29,1242.0,200,32000
20231226,11:35:28,1243.05,50,32000
20231226,11:38:18,1243.05,50,32000
20231226,11:43:57,1250.0,50,32000
20231226,11:45:03,1250.0,50,32050
20231226,11:45:44,1250.0,50,32050
20231226,11:52:30,1248.0,50,32150
20231226,11:52:58,1245.05,50,32150
20231226,11:54:42,1245.05,50,32250
20231226,12:10:28,1220.0,200,32250
20231226,12:23:21,1220.0,200,32450
20231226,12:23:22,1224.0,150,32450
20231226,12:23:23,1224.0,50,32450
20231226,12:23:32,1225.0,50,32450
20231226,12:41:23,1240.0,150,32550
20231226,13:03:28,1250.0,200,32500
20231226,13:06:07,1236.65,100,32500
20231226,13:17:37,1225.05,100,32600
20231226,13:18:37,1226.0,100,32700
20231226,13:18:38,1225.6,100,32700
20231226,13:19:09,1230.0,50,32700
20231226,13:27:46,1235.75,100,32750
20231226,14:21:24,1225.0,50,32750
20231226,14:26:35,1220.0,50,32700
20231226,14:26:49,1227.65,50,32700
20231226,14:26:50,1227.6,50,32700
20231226,14:28:19,1222.75,500,32650
20231226,14:29:03,1223.0,50,32650
20231226,14:32:29,1227.05,200,33100
20231226,14:36:22,1219.0,300,33300
20231226,14:51:03,1219.0,50,33600
20231226,14:52:39,1240.0,50,33600
20231226,15:02:09,1250.0,50,33650
20231226,15:26:00,1230.0,100,33700
20231227,09:31:12,1216.25,1,33700
20231227,09:31:12,1216.25,50,33700
20231227,09:31:21,1214.15,100,33700
20231227,09:36:17,1185.0,50,33650
20231227,09:37:48,1185.0,100,33650
20231227,09:39:08,1198.5,200,33600
20231227,09:41:02,1185.0,50,33600
20231227,09:44:08,1182.55,50,33450
20231227,09:52:51,1182.55,50,33500
20231227,09:53:07,1190.0,50,33500
20231227,09:54:52,1183.0,150,33450
20231227,09:58:33,1185.0,50,33450
20231227,10:00:54,1185.0,50,33450
20231227,10:01:03,1185.0,150,33450
20231227,10:02:15,1185.0,100,33450
20231227,10:03:42,1185.0,50,33650
20231227,10:07:09,1185.0,150,33700
20231227,10:09:47,1188.0,50,33850
20231227,10:10:24,1188.0,250,33850
20231227,10:10:34,1188.0,50,33850
20231227,10:17:47,1188.0,150,34200
20231227,10:20:46,1183.0,50,34350
20231227,10:26:29,1183.0,50,34350
20231227,10:27:13,1184.0,50,34300
20231227,10:27:41,1185.8,50,34300
20231227,10:29:03,1175.15,50,34300
20231227,10:30:44,1175.0,100,34350
20231227,10:34:33,1170.0,50,34350
20231227,10:36:21,1170.0,50,34350
20231227,10:39:20,1172.05,50,34400
20231227,10:44:15,1182.0,450,34450
20231227,10:46:13,1182.0,250,34900
20231227,10:46:23,1182.0,250,34900
20231227,10:46:33,1182.0,250,34900
20231227,10:46:57,1182.0,300,34900
20231227,10:47:46,1185.0,50,34900
20231227,11:03:13,1177.0,50,35950
20231227,11:03:37,1172.0,50,35950
20231227,11:11:30,1172.0,50,35950
20231227,11:15:07,1165.0,50,35950
20231227,11:19:15,1165.0,300,35950
20231227,11:19:23,1165.0,150,35950
20231227,11:19:55,1165.0,50,35950
20231227,11:29:59,1151.15,400,36150
20231227,11:32:17,1151.15,50,36550
20231227,11:33:24,1168.9,50,36550
20231227,11:33:57,1173.65,50,36600
20231227,11:35:20,1151.5,250,36600
20231227,11:36:13,1167.0,50,36750
20231227,11:37:14,1172.0,100,36750
20231227,11:38:42,1165.7,50,36750
20231227,12:05:52,1162.0,100,36750
20231227,12:08:40,1152.0,100,36750
20231227,12:16:56,1163.15,50,36850
20231227,12:23:37,1180.0,300,36900
20231227,12:23:42,1180.0,50,36900
20231227,12:23:43,1180.0,300,36900
20231227,12:23:55,1188.0,50,36900
20231227,12:24:53,1180.0,50,37550
20231227,12:26:08,1175.75,50,37550
20231227,12:27:50,1187.95,50,37550
20231227,12:30:42,1183.0,100,37550
20231227,12:31:12,1188.0,100,37550
20231227,12:33:20,1187.95,50,37650
20231227,12:39:14,1162.0,500,37650
20231227,12:39:17,1162.0,50,37650
20231227,12:45:54,1167.15,50,38050
20231227,13:00:35,1160.0,100,38100
20231227,13:24:39,1180.0,100,38200
20231227,13:30:58,1180.0,100,38200
20231227,13:44:41,1176.9,50,38100
20231227,13:45:36,1176.9,50,38150
20231227,13:47:19,1176.9,500,38150
20231227,13:48:44,1176.9,250,38700
20231227,13:48:48,1176.9,300,38700
20231227,13:48:58,1176.9,300,38700
20231227,13:49:03,1176.9,50,38700
20231227,13:49:21,1176.65,400,38700
20231227,13:49:31,1176.65,450,38700
20231227,13:49:50,1176.65,750,38700
20231227,13:53:07,1176.65,100,38700
20231227,13:56:39,1176.65,200,38800
20231227,13:57:21,1176.65,200,38800
20231227,14:17:37,1166.65,50,38800
20231227,14:30:44,1155.1,500,38800
20231227,14:33:50,1165.0,200,39300
20231227,14:35:16,1158.1,450,39300
20231227,14:35:54,1155.0,200,39300
20231227,14:36:54,1155.0,100,39650
20231227,14:37:26,1150.0,50,39650
20231227,14:40:01,1150.0,250,39600
20231227,15:00:43,1136.0,50,39500
20231227,15:00:45,1135.0,50,39500
20231227,15:01:34,1130.35,200,39500
20231227,15:01:45,1130.25,1850,39500
20231227,15:01:56,1130.25,850,39500
20231227,15:02:38,1130.25,250,39500
20231227,15:02:58,1130.2,800,39500
20231227,15:03:08,1130.2,1200,39500
20231227,15:03:19,1130.15,400,39500
20231227,15:03:50,1124.1,150,43600
20231227,15:04:00,1124.1,100,43600
20231227,15:07:08,1120.0,200,43600
20231227,15:11:01,1120.0,50,43750
20231227,15:12:23,1120.0,50,43750
20231227,15:13:55,1120.0,50,43750
20231227,15:14:58,1121.0,150,43750
20231227,15:21:57,1135.75,50,43650
20231227,15:22:43,1131.1,150,43650
20231227,15:28:04,1122.0,150,43700
20231227,15:30:01,1124.9,50,43700
20231228,09:16:13,1065.0,1,43750
20231228,09:16:13,1065.0,1000,43750
20231228,09:16:31,1083.0,50,43750
20231228,09:16:40,1083.0,250,43750
20231228,09:17:06,1083.0,200,43750
20231228,09:17:14,1082.0,100,43750
20231228,09:17:23,1083.0,150,43750
20231228,09:17:39,1072.0,1000,43750
20231228,09:17:47,1082.9,100,43750
20231228,09:18:28,1083.0,50,44650
20231228,09:19:01,1083.0,50,44650
20231228,09:19:26,1083.0,50,44650
20231228,09:20:09,1101.6,50,44650
20231228,09:20:27,1101.6,200,44650
20231228,09:20:36,1085.0,50,44650
20231228,09:20:46,1091.2,600,44650
20231228,09:21:36,1070.0,100,44600
20231228,09:21:54,1070.0,100,44600
20231228,09:22:02,1070.0,100,44600
20231228,09:22:36,1070.0,200,44600
20231228,09:22:46,1070.0,100,44600
20231228,09:22:56,1070.0,200,44600
20231228,09:23:16,1080.0,100,44600
20231228,09:23:27,1079.95,400,44600
20231228,09:23:57,1079.95,100,44600
20231228,09:25:36,1070.0,500,45400
20231228,09:26:12,1079.0,100,45400
20231228,09:28:49,1075.0,200,45900
20231228,09:29:02,1084.75,50,45900
20231228,09:29:51,1080.0,100,45900
20231228,09:29:57,1084.3,50,45900
20231228,09:30:12,1076.0,500,46150
20231228,09:30:42,1076.0,500,46150
20231228,09:30:48,1080.0,150,46150
20231228,09:30:53,1080.0,50,46150
20231228,09:31:07,1075.95,100,46150
20231228,09:31:08,1075.95,100,46150
20231228,09:31:17,1076.0,200,46150
20231228,09:31:55,1076.0,250,46150
20231228,09:31:58,1076.0,550,46150
20231228,09:32:51,1076.0,500,46150
20231228,09:33:19,1076.0,250,48500
20231228,09:33:51,1076.0,100,48500
20231228,09:34:00,1076.0,50,48500
20231228,09:36:33,1088.2,50,48900
20231228,09:37:38,1085.0,50,48900
20231228,09:38:50,1079.6,50,48900
20231228,09:39:08,1085.0,50,48800
20231228,09:39:27,1085.0,50,48800
20231228,09:42:53,1080.0,100,48750
20231228,09:45:32,1082.75,50,48650
20231228,09:45:39,1082.95,50,48650
20231228,09:45:40,1082.15,150,48650
20231228,09:45:45,1081.75,100,48650
20231228,09:45:57,1082.8,50,48650
20231228,09:46:40,1081.95,100,48650
20231228,09:47:14,1082.0,450,48650
20231228,09:47:18,1080.0,250,48650
20231228,09:47:19,1080.0,100,48650
20231228,09:47:42,1078.0,50,48650
20231228,09:47:48,1076.0,100,48650
20231228,09:48:15,1076.6,250,49450
20231228,09:48:18,1076.95,100,49450
20231228,09:48:20,1076.9,50,49450
20231228,09:49:32,1076.9,1250,49450
20231228,09:49:33,1076.9,350,49450
20231228,09:49:50,1077.0,250,49450
20231228,09:49:53,1077.0,50,49450
20231228,09:50:09,1077.0,50,49450
20231228,09:50:10,1077.0,50,49450
20231228,09:50:17,1077.0,250,49450
20231228,09:50:28,1077.0,100,49450
20231228,09:50:58,1077.0,50,49450
20231228,09:51:27,1077.0,350,51850
20231228,09:51:45,1077.0,50,51850
20231228,09:51:53,1077.0,50,51850
20231228,09:52:02,1077.0,50,51850
20231228,09:52:13,1077.0,200,51850
20231228,09:52:28,1077.0,50,51850
20231228,09:52:37,1077.0,150,51850
20231228,09:53:34,1072.7,250,51850
20231228,09:54:06,1079.95,50,51850
20231228,09:55:14,1078.3,100,52600
20231228,09:55:45,1080.0,1550,52600
20231228,09:55:56,1085.0,50,52600
20231228,09:56:38,1085.0,200,52600
20231228,09:58:03,1083.95,50,54450
20231228,09:58:30,1085.0,100,54450
20231228,09:58:56,1084.45,50,54450
20231228,09:59:05,1083.0,100,54450
20231228,09:59:18,1084.0,100,54450
20231228,09:59:20,1084.1,150,54450
20231228,09:59:23,1084.35,100,54450
20231228,09:59:32,1084.15,100,54450
20231228,09:59:38,1085.0,50,54450
20231228,10:01:56,1085.0,100,54450
20231228,10:01:57,1085.0,300,54500
20231228,10:02:18,1076.6,100,54500
20231228,10:02:32,1085.0,250,54500
20231228,10:02:41,1085.7,50,54500
20231228,10:02:56,1085.7,250,54500
20231228,10:03:00,1085.7,300,54500
20231228,10:03:01,1085.7,150,54500
20231228,10:03:03,1085.7,250,55900
20231228,10:03:52,1095.0,50,55900
20231228,10:03:59,1095.55,50,55900
20231228,10:04:51,1097.4,100,55900
20231228,10:04:54,1097.75,100,55900
20231228,10:05:02,1102.2,50,55900
20231228,10:05:05,1105.1,50,55900
20231228,10:05:12,1105.1,50,55900
20231228,10:05:16,1104.8,50,55900
20231228,10:05:20,1105.8,50,55900
20231228,10:05:21,1105.8,50,55900
20231228,10:05:24,1105.65,50,55900
20231228,10:05:27,1105.05,50,55900
20231228,10:05:29,1104.6,50,55900
20231228,10:05:30,1104.1,50,55900
20231228,10:05:31,1104.7,50,55900
20231228,10:05:32,1104.05,50,55900
20231228,10:05:34,1099.45,100,55900
20231228,10:06:29,1105.0,500,56250
20231228,10:07:14,1117.45,100,56250
20231228,10:07:15,1120.75,200,56250
20231228,10:07:55,1120.75,100,56250
20231228,10:08:00,1109.1,200,56250
20231228,10:08:08,1098.65,500,56250
20231228,10:08:37,1106.7,50,56250
20231228,10:08:41,1109.25,50,56250
20231228,10:08:46,1113.0,750,56250
20231228,10:08:47,1113.05,100,56250
20231228,10:08:48,1113.0,100,56250
20231228,10:08:49,1113.0,450,56250
20231228,10:08:51,1113.0,100,56250
20231228,10:08:53,1113.0,200,56250
20231228,10:09:11,1102.0,500,55750
20231228,10:09:17,1106.1,200,55750
20231228,10:11:09,1098.65,500,55750
20231228,10:12:06,1113.0,150,56750
20231228,10:12:16,1113.0,100,56750
20231228,10:12:17,1114.0,250,56750
20231228,10:12:21,1113.0,100,56750
20231228,10:12:29,1112.7,100,56750
20231228,10:12:32,1112.7,50,56750
20231228,10:13:27,1110.7,150,56750
20231228,10:13:33,1109.85,50,56750
20231228,10:13:38,1110.75,50,56750
20231228,10:13:47,1110.0,150,56750
20231228,10:13:49,1110.0,200,56750
20231228,10:13:56,1110.0,350,56750
20231228,10:13:57,1110.0,550,56750
20231228,10:14:52,1102.75,500,56750
20231228,10:15:42,1111.9,50,58800
20231228,10:20:43,1100.5,50,58800
20231228,10:20:53,1100.5,100,58800
20231228,10:20:53,1100.5,850,58800
20231228,10:20:59,1101.0,550,58800
20231228,10:21:03,1101.0,300,58800
20231228,10:21:04,1101.0,150,58800
20231228,10:21:33,1109.0,50,60700
20231228,10:21:54,1105.0,350,60700
20231228,10:21:55,1105.0,100,60700
20231228,10:22:03,1105.0,150,60700
20231228,10:22:49,1108.5,100,60700
20231228,10:22:57,1108.1,50,60700
20231228,10:22:58,1108.1,50,60700
20231228,10:22:59,1108.0,100,60700
20231228,10:23:01,1108.05,50,60700
20231228,10:24:14,1099.65,500,61400
20231228,10:26:13,1102.3,100,61400
20231228,10:26:16,1102.0,100,61400
20231228,10:26:57,1106.15,100,61400
20231228,10:26:58,1108.7,350,61400
20231228,10:26:59,1108.85,50,61400
20231228,10:27:01,1108.15,450,61400
20231228,10:28:14,1104.7,50,62800
20231228,10:28:16,1104.0,50,62800
20231228,10:28:37,1105.85,100,62800
20231228,10:28:46,1102.7,50,62800
20231228,10:29:00,1105.1,100,62800
20231228,10:29:02,1104.95,100,62800
20231228,10:29:04,1102.9,50,62800
20231228,10:29:25,1105.15,350,62800
20231228,10:29:28,1104.5,500,62800
20231228,10:29:30,1104.1,200,62800
20231228,10:29:32,1104.1,150,62800
20231228,10:29:52,1103.15,50,62800
20231228,10:29:53,1102.55,200,62800
20231228,10:30:00,1103.45,50,62800
20231228,10:30:20,1099.85,100,63300
20231228,10:32:49,1102.95,100,63300
20231228,10:36:31,1103.0,200,63350
20231228,10:36:32,1103.0,200,63350
20231228,10:36:35,1103.0,300,63350
20231228,10:36:45,1103.0,150,63350
20231228,10:36:46,1103.0,100,63350
20231228,10:36:59,1103.0,50,63350
20231228,10:40:01,1104.95,100,63350
20231228,10:40:02,1104.95,100,63900
20231228,10:40:58,1109.45,250,63900
20231228,10:43:27,1100.0,50,64000
20231228,10:43:41,1101.9,150,64000
20231228,10:43:45,1102.6,100,64000
20231228,10:43:47,1102.55,200,64000
20231228,10:43:51,1103.55,100,64000
20231228,10:44:04,1104.9,50,64000
20231228,10:44:13,1104.35,100,64000
20231228,10:44:22,1104.35,50,64000
20231228,10:44:26,1105.5,50,64000
20231228,10:45:00,1106.0,100,64000
20231228,10:45:50,1105.9,50,64100
20231228,10:45:59,1106.0,50,64100
20231228,10:46:08,1103.6,50,64100
20231228,10:46:27,1102.15,50,64100
20231228,10:46:40,1101.0,300,64100
20231228,10:47:50,1100.0,100,64100
20231228,10:48:23,1100.25,50,64550
20231228,10:49:13,1100.95,200,64550
20231228,10:52:26,1100.9,50,64700
20231228,10:52:43,1099.35,100,64700
20231228,10:52:53,1100.0,50,64700
20231228,10:53:02,1101.0,300,64700
20231228,10:53:32,1098.9,50,64700
20231228,10:53:33,1098.85,50,64700
20231228,10:54:29,1101.0,200,65000
20231228,10:54:31,1101.0,250,65000
20231228,10:56:17,1101.7,50,65000
20231228,10:57:04,1103.2,50,65000
20231228,10:57:07,1101.95,200,65000
20231228,10:57:11,1103.25,200,65150
20231228,10:57:25,1101.9,100,65150
20231228,10:58:25,1107.15,250,65150
20231228,10:58:39,1109.1,100,65150
20231228,10:58:40,1109.1,50,65150
20231228,10:58:44,1109.1,50,65150
20231228,10:58:48,1107.8,50,65150
20231228,10:58:53,1107.05,50,65150
20231228,10:59:10,1106.95,50,65150
20231228,10:59:11,1106.45,50,65150
20231228,10:59:19,1105.2,100,65150
20231228,10:59:43,1106.25,50,65150
20231228,10:59:44,1105.35,100,65150
20231228,10:59:48,1105.2,150,65150
20231228,11:00:56,1107.25,50,65900
20231228,11:01:30,1105.55,50,65900
20231228,11:02:10,1104.95,50,65900
20231228,11:02:18,1104.75,50,65900
20231228,11:02:21,1104.95,50,65900
20231228,11:02:23,1105.0,50,65900
20231228,11:02:25,1105.0,50,65900
20231228,11:02:27,1104.95,50,65900
20231228,11:02:30,1105.0,200,65900
20231228,11:02:33,1105.0,50,65900
20231228,11:02:42,1105.0,300,65900
20231228,11:02:44,1105.0,250,65900
20231228,11:02:46,1105.0,150,65900
20231228,11:04:50,1105.0,50,67150
20231228,11:07:48,1102.5,50,67150
20231228,11:07:54,1099.9,50,67150
20231228,11:07:55,1099.6,50,67150
20231228,11:07:56,1098.85,50,67150
20231228,11:07:59,1098.85,50,67150
20231228,11:08:00,1098.5,50,67150
20231228,11:08:32,1096.55,50,67150
20231228,11:09:01,1084.4,50,67150
20231228,11:09:09,1076.3,50,67150
20231228,11:09:24,1080.0,650,67400
20231228,11:12:03,1083.75,150,67400
20231228,11:13:16,1081.0,1100,67900
20231228,11:13:36,1082.6,150,67900
20231228,11:14:36,1081.15,50,67900
20231228,11:15:23,1085.0,50,68900
20231228,11:15:30,1086.0,150,68900
20231228,11:15:32,1085.7,50,68900
20231228,11:16:57,1085.0,150,68900
20231228,11:17:03,1085.0,100,68900
20231228,11:17:04,1085.0,100,68900
20231228,11:17:24,1085.0,200,68900
20231228,11:17:33,1085.0,550,68900
20231228,11:17:34,1085.0,500,68900
20231228,11:17:38,1086.0,100,68900
20231228,11:17:39,1086.65,50,68900
20231228,11:18:17,1087.0,50,69900
20231228,11:19:16,1086.8,50,69900
20231228,11:19:41,1087.4,50,69900
20231228,11:19:51,1090.0,50,69900
20231228,11:20:03,1091.95,100,69900
20231228,11:20:04,1092.0,50,69900
20231228,11:20:21,1093.35,50,69900
20231228,11:23:27,1087.9,50,70200
20231228,11:23:32,1090.4,100,70200
20231228,11:23:37,1090.45,100,70200
20231228,11:27:33,1087.3,50,70200
20231228,11:27:36,1087.4,50,70150
20231228,11:28:06,1091.2,50,70150
20231228,11:31:10,1085.1,50,70100
20231228,11:31:29,1085.2,50,70100
20231228,11:31:32,1085.25,50,70100
20231228,11:36:42,1081.8,50,70050
20231228,11:37:43,1085.0,50,70050
20231228,11:38:47,1086.0,50,70050
20231228,11:41:04,1088.0,50,70050
20231228,11:41:19,1089.0,550,70050
20231228,11:42:33,1085.9,50,69850
20231228,11:42:44,1086.2,50,69850
20231228,11:43:54,1090.0,250,69850
20231228,11:44:12,1088.1,200,69850
20231228,11:45:01,1088.5,50,69850
20231228,11:45:16,1088.95,50,69850
20231228,11:45:29,1085.15,50,69850
20231228,11:45:32,1086.4,100,69850
20231228,11:46:34,1087.35,50,69850
20231228,11:46:35,1087.35,50,69850
20231228,11:46:37,1087.35,50,69850
20231228,11:46:39,1087.35,50,69850
20231228,11:50:00,1087.6,50,69850
20231228,11:54:21,1088.5,50,70250
20231228,11:54:23,1088.45,100,70250
20231228,11:54:33,1087.05,50,70250
20231228,11:54:37,1090.85,50,70250
20231228,11:55:15,1086.85,50,70250
20231228,11:55:32,1087.95,150,70250
20231228,11:55:42,1090.0,50,70250
20231228,11:55:48,1091.7,200,70250
20231228,11:55:49,1091.7,100,70250
20231228,11:55:50,1091.7,50,70250
20231228,11:55:52,1092.65,200,70250
20231228,11:56:02,1092.0,50,70250
20231228,11:56:20,1091.2,150,70250
20231228,11:56:46,1089.5,150,70250
20231228,12:00:06,1089.25,100,70550
20231228,12:00:58,1090.15,500,70650
20231228,12:03:24,1088.4,100,70700
20231228,12:03:26,1088.2,50,70700
20231228,12:04:51,1089.7,50,70700
20231228,12:04:56,1089.7,50,70700
20231228,12:05:11,1083.75,50,70700
20231228,12:06:54,1087.0,100,70650
20231228,12:07:03,1087.2,150,70650
20231228,12:07:44,1085.0,200,70650
20231228,12:08:01,1085.0,100,70650
20231228,12:08:15,1085.0,50,70650
20231228,12:09:12,1089.8,50,70650
20231228,12:12:39,1091.75,50,71000
20231228,12:13:00,1090.65,250,71000
20231228,12:14:17,1093.4,50,71000
20231228,12:15:22,1090.0,50,71000
20231228,12:15:44,1090.0,100,71000
20231228,12:16:02,1090.05,50,71000
20231228,12:16:15,1090.0,250,71000
20231228,12:16:29,1091.3,50,71000
20231228,12:16:37,1090.05,100,71000
20231228,12:16:38,1090.0,50,71000
20231228,12:18:47,1088.95,100,70850
20231228,12:19:37,1088.95,200,70850
20231228,12:19:38,1088.0,50,70850
20231228,12:19:41,1087.95,50,70850
20231228,12:19:42,1087.95,50,70850
20231228,12:23:43,1084.0,50,70900
20231228,12:24:02,1082.0,50,70900
20231228,12:24:32,1080.0,50,70900
20231228,12:25:22,1080.0,100,70900
20231228,12:25:59,1080.0,50,70900
20231228,12:26:16,1080.0,50,70900
20231228,12:28:05,1074.95,50,70950
20231228,12:28:07,1075.65,50,70950
20231228,12:29:53,1074.95,50,70950
20231228,12:29:55,1075.15,50,70950
20231228,12:29:56,1075.15,50,70950
20231228,12:29:57,1075.1,150,70950
20231228,12:29:59,1075.0,50,70950
20231228,12:30:04,1075.4,50,70950
20231228,12:30:10,1076.5,50,70950
20231228,12:31:09,1077.85,100,70650
20231228,12:32:03,1080.4,50,70650
20231228,12:35:20,1082.95,50,70500
20231228,12:35:22,1084.2,50,70500
20231228,12:35:24,1084.45,50,70500
20231228,12:35:25,1084.5,50,70500
20231228,12:35:28,1083.5,50,70500
20231228,12:35:39,1083.15,50,70500
20231228,12:35:44,1084.6,50,70500
20231228,12:35:48,1085.15,50,70500
20231228,12:35:50,1084.95,50,70500
20231228,12:36:04,1085.35,50,70500
20231228,12:36:28,1084.4,50,70500
20231228,12:36:30,1084.3,50,70500
20231228,12:36:34,1084.7,50,70500
20231228,12:36:46,1084.85,100,70500
20231228,12:36:49,1085.0,50,70500
20231228,12:38:21,1082.0,50,70500
20231228,12:38:39,1084.45,100,70500
20231228,12:38:45,1082.3,50,70500
20231228,12:43:06,1081.7,50,70550
20231228,12:43:27,1082.0,50,70550
20231228,12:43:35,1082.0,150,70550
20231228,12:43:44,1082.5,100,70550
20231228,12:44:10,1082.0,150,70550
20231228,12:44:15,1082.0,50,70550
20231228,12:45:42,1082.0,400,70600
20231228,12:46:46,1081.5,50,70600
20231228,12:49:36,1080.3,50,71000
20231228,12:50:27,1082.0,600,71000
20231228,12:50:39,1087.55,1600,71000
20231228,12:50:49,1087.6,400,71000
20231228,12:50:59,1094.8,450,71000
20231228,12:51:09,1095.45,300,71000
20231228,12:51:15,1093.35,150,71000
20231228,12:51:17,1093.1,50,71000
20231228,12:51:18,1093.8,50,71000
20231228,12:51:32,1093.25,50,73000
20231228,12:51:34,1094.25,50,73000
20231228,12:52:41,1091.0,250,73000
20231228,12:53:07,1092.2,250,73000
20231228,12:53:16,1093.05,150,73000
20231228,12:53:25,1092.0,100,73000
20231228,12:53:34,1092.55,100,73000
20231228,12:53:42,1093.0,50,73000
20231228,12:53:51,1092.45,150,73000
20231228,12:54:00,1091.8,50,73000
20231228,12:54:15,1091.0,100,73000
20231228,12:54:49,1090.55,50,74000
20231228,12:54:54,1090.7,50,74000
20231228,12:55:01,1090.65,50,74000
20231228,12:55:15,1091.05,50,74000
20231228,12:55:44,1091.55,50,74000
20231228,12:56:07,1089.0,50,74000
20231228,12:56:43,1090.85,100,74000
20231228,12:57:34,1090.85,50,74350
20231228,12:59:17,1093.8,150,74350
20231228,12:59:26,1094.3,150,74350
20231228,12:59:35,1095.45,250,74350
20231228,12:59:44,1094.7,200,74350
20231228,12:59:53,1094.35,50,74350
20231228,13:00:11,1096.45,50,74350
20231228,13:00:20,1097.25,400,74350
20231228,13:00:31,1097.65,250,75850
20231228,13:00:48,1095.75,50,75850
20231228,13:02:29,1093.35,50,75850
20231228,13:02:34,1093.3,50,75850
20231228,13:03:08,1093.3,50,75850
20231228,13:03:11,1093.3,50,75850
20231228,13:05:12,1093.3,100,76150
20231228,13:05:14,1098.5,50,76150
20231228,13:06:48,1092.05,50,76300
20231228,13:11:14,1094.0,200,76350
20231228,13:11:15,1094.0,100,76350
20231228,13:13:09,1080.0,250,76650
20231228,13:13:10,1080.0,250,76650
20231228,13:13:11,1080.0,100,76650
20231228,13:19:32,1092.45,50,76900
20231228,13:19:41,1093.0,50,76900
20231228,13:20:14,1092.35,50,76900
20231228,13:20:54,1094.7,50,76900
20231228,13:23:13,1093.7,50,76900
20231228,13:23:44,1094.85,50,77100
20231228,13:23:52,1094.4,150,77100
20231228,13:27:27,1098.55,50,77350
20231228,13:27:37,1101.5,400,77550
20231228,13:27:46,1102.15,150,77550
20231228,13:28:04,1106.5,1450,77550
20231228,13:28:16,1106.75,850,77550
20231228,13:28:26,1107.65,50,77550
20231228,13:31:52,1095.0,50,80050
20231228,13:31:54,1095.45,50,80050
20231228,13:33:27,1100.65,50,80050
20231228,13:33:36,1100.65,50,80200
20231228,13:33:45,1101.9,100,80200
20231228,13:35:02,1101.9,200,80200
20231228,13:36:40,1104.45,50,80550
20231228,13:36:42,1101.0,50,80550
20231228,13:36:44,1105.65,50,80550
20231228,13:36:50,1108.0,50,80550
20231228,13:41:40,1085.0,100,80750
20231228,13:41:42,1096.0,50,80750
20231228,13:41:54,1091.9,50,80750
20231228,13:43:21,1095.0,50,80950
20231228,13:43:23,1095.0,50,80950
20231228,13:43:34,1095.0,50,80950
20231228,13:43:38,1095.0,50,80950
20231228,13:43:39,1095.0,50,80950
20231228,13:45:30,1097.5,50,80950
20231228,13:45:36,1097.65,50,81250
20231228,13:45:53,1099.4,50,81250
20231228,13:45:59,1100.6,50,81250
20231228,13:46:03,1099.8,50,81250
20231228,13:46:08,1098.95,50,81250
20231228,13:46:10,1101.8,50,81250
20231228,13:46:18,1100.75,50,81250
20231228,13:46:22,1101.2,50,81250
20231228,13:46:55,1098.2,50,81250
20231228,13:47:47,1099.0,200,81250
20231228,13:48:11,1101.0,100,81250
20231228,13:48:58,1099.0,50,81900
20231228,13:49:00,1099.0,50,81900
20231228,13:49:03,1098.65,50,81900
20231228,13:49:05,1098.75,50,81900
20231228,13:49:07,1098.8,50,81900
20231228,13:49:21,1099.1,50,81900
20231228,13:49:37,1098.8,50,81900
20231228,13:49:45,1098.55,50,81900
20231228,13:50:14,1098.0,150,81900
20231228,13:50:15,1098.0,100,81900
20231228,13:50:22,1096.8,50,81900
20231228,13:50:45,1097.4,50,81900
20231228,13:51:04,1097.6,50,81900
20231228,13:51:06,1097.95,50,81900
20231228,13:51:19,1098.05,50,81900
20231228,13:51:22,1098.0,50,81900
20231228,13:51:37,1098.6,50,81900
20231228,13:51:37,1098.15,50,82750
20231228,13:51:39,1098.3,50,82750
20231228,13:51:48,1098.55,50,82750
20231228,13:52:02,1098.95,50,82750
20231228,13:52:50,1098.0,50,82750
20231228,13:53:42,1098.0,50,82750
20231228,13:54:06,1098.0,50,82750
20231228,13:54:08,1098.0,100,82750
20231228,13:54:09,1096.05,50,82750
20231228,13:54:12,1096.1,50,82750
20231228,13:54:43,1095.1,50,83350
20231228,13:55:03,1095.1,100,83350
20231228,13:55:05,1094.95,150,83350
20231228,13:55:08,1095.2,50,83350
20231228,13:55:11,1095.1,50,83350
20231228,13:55:13,1094.85,50,83350
20231228,13:55:15,1094.85,50,83350
20231228,13:55:17,1095.3,50,83350
20231228,13:55:19,1093.45,100,83350
20231228,13:55:22,1094.65,50,83350
20231228,13:55:23,1094.95,50,83350
20231228,13:55:25,1095.65,50,83350
20231228,13:55:27,1095.95,200,83350
20231228,13:55:30,1094.7,100,83350
20231228,13:55:32,1096.95,50,83350
20231228,13:55:33,1096.7,50,83350
20231228,13:55:34,1096.85,50,83350
20231228,13:57:48,1098.25,50,84500
20231228,13:57:50,1098.85,50,84500
20231228,13:57:52,1098.6,100,84500
20231228,13:58:24,1098.4,50,84500
20231228,13:59:08,1104.9,150,84500
20231228,14:02:04,1096.85,50,84900
20231228,14:12:00,1094.95,100,84950
20231228,14:13:27,1095.0,100,84950
20231228,14:13:33,1095.0,150,85050
20231228,14:16:28,1082.45,350,85250
20231228,14:17:40,1094.6,100,85250
20231228,14:18:11,1095.8,150,85250
20231228,14:18:42,1098.6,50,85500
20231228,14:18:49,1098.0,100,85500
20231228,14:18:57,1098.25,50,85500
20231228,14:19:00,1098.85,150,85500
20231228,14:19:04,1099.65,50,85500
20231228,14:19:08,1102.2,50,85500
20231228,14:19:12,1102.3,50,85500
20231228,14:19:13,1102.5,50,85500
20231228,14:19:18,1102.25,50,85500
20231228,14:19:32,1102.25,50,85500
20231228,14:19:34,1102.4,50,85500
20231228,14:19:49,1102.8,50,85500
20231228,14:19:52,1103.8,50,85500
20231228,14:19:53,1105.0,150,85500
20231228,14:19:54,1104.65,50,85500
20231228,14:19:55,1104.95,50,85500
20231228,14:19:58,1105.0,50,85500
20231228,14:19:59,1104.75,50,85500
20231228,14:20:00,1105.0,50,85500
20231228,14:20:02,1105.55,100,85500
20231228,14:20:05,1105.15,50,85500
20231228,14:20:07,1104.85,50,85500
20231228,14:21:10,1103.2,50,85500
20231228,14:21:13,1098.1,150,85500
20231228,14:21:22,1098.1,100,85500
20231228,14:21:25,1100.85,100,85500
20231228,14:22:50,1098.0,50,87200
20231228,14:24:35,1097.25,250,87200
20231228,14:25:08,1095.7,200,87450
20231228,14:31:05,1098.9,100,87600
20231228,14:31:11,1099.5,50,87600
20231228,14:31:13,1099.25,50,87600
20231228,14:31:17,1099.85,100,87600
20231228,14:31:23,1100.0,50,87600
20231228,14:31:24,1100.2,100,87600
20231228,14:31:27,1100.15,100,87600
20231228,14:38:20,1099.2,100,88150
20231228,14:38:26,1099.3,100,88150
20231228,14:38:30,1099.0,100,88150
20231228,14:39:50,1100.5,100,88450
20231228,14:40:18,1095.0,150,88450
20231228,14:40:22,1095.0,100,88450
20231228,14:40:48,1108.0,100,88450
20231228,14:43:34,1102.15,100,88550
20231228,14:43:39,1101.8,250,88550
20231228,14:43:41,1102.35,100,88550
20231228,14:44:03,1101.8,50,88550
20231228,14:44:04,1101.9,100,88550
20231228,14:44:05,1102.25,50,88550
20231228,14:44:21,1102.05,150,88550
20231228,14:44:29,1102.45,50,88550
20231228,14:44:38,1101.7,200,88550
20231228,14:45:03,1101.0,150,88550
20231228,14:45:19,1099.95,100,88550
20231228,14:45:27,1100.05,150,88550
20231228,14:45:35,1099.5,50,88550
20231228,14:45:43,1099.45,50,88550
20231228,14:45:51,1099.35,50,90000
20231228,14:46:59,1102.55,100,90000
20231228,14:47:16,1101.6,350,90000
20231228,14:47:32,1101.45,100,90000
20231228,14:47:49,1103.75,150,90000
20231228,14:47:58,1104.15,350,90000
20231228,14:48:15,1105.15,50,90000
20231228,14:48:19,1105.3,50,90000
20231228,14:48:20,1107.05,50,90000
20231228,14:48:23,1107.05,50,90000
20231228,14:48:24,1107.55,100,90000
20231228,14:48:26,1107.7,150,90000
20231228,14:48:34,1107.15,100,90000
20231228,14:48:37,1107.7,100,90000
20231228,14:48:38,1107.55,50,90000
20231228,14:48:41,1108.55,50,90000
20231228,14:48:42,1108.55,100,90000
20231228,14:49:00,1111.45,50,91950
20231228,14:50:04,1105.15,50,91950
20231228,14:51:29,1101.6,50,91950
20231228,14:55:18,1101.6,50,92050
20231228,14:57:14,1090.6,50,92050
20231228,14:58:33,1079.75,50,92050
20231228,15:03:11,1092.05,50,92150
20231228,15:04:38,1090.0,50,92150
20231228,15:04:39,1088.85,100,92150
20231228,15:04:52,1086.95,100,92150
20231228,15:04:56,1086.85,50,92150
20231228,15:05:11,1083.6,100,92150
20231228,15:05:12,1084.85,50,92150
20231228,15:05:13,1084.85,100,92150
20231228,15:05:15,1084.85,50,92150
20231228,15:07:16,1083.6,50,92200
20231228,15:07:25,1082.45,50,92200
20231228,15:07:33,1081.9,100,92200
20231228,15:07:52,1081.5,100,92200
20231228,15:08:11,1078.4,350,92200
20231228,15:08:51,1079.0,200,92200
20231228,15:09:55,1078.7,850,92400
20231228,15:13:45,1076.15,200,92900
20231228,15:14:05,1081.25,100,92900
20231228,15:16:12,1077.95,50,93050
20231228,15:16:30,1075.0,150,93050
20231228,15:17:30,1076.6,300,93050
20231228,15:17:40,1078.0,150,93050
20231228,15:17:49,1074.3,50,93050
20231228,15:18:15,1071.9,250,93050
20231228,15:20:01,1072.6,50,93550
20231228,15:20:13,1072.6,50,93550
20231228,15:21:09,1072.6,50,93550
20231228,15:21:19,1076.55,50,93550
20231228,15:21:30,1075.0,550,93550
20231228,15:21:41,1075.9,350,93550
20231228,15:22:36,1071.0,250,94050
20231228,15:22:42,1077.15,100,94050
20231228,15:22:43,1078.85,150,94050
20231228,15:22:44,1078.5,100,94050
20231228,15:22:45,1078.0,150,94050
20231228,15:22:59,1081.95,50,94050
20231228,15:23:06,1080.25,150,94050
20231228,15:23:25,1075.0,100,94050
20231228,15:23:28,1080.75,100,94050
20231228,15:23:51,1080.7,100,94050
20231228,15:24:03,1087.4,100,94050
20231228,15:24:06,1087.25,50,94050
20231228,15:24:07,1088.75,100,94050
20231228,15:24:08,1089.7,100,94050
20231228,15:24:11,1090.3,350,94050
20231228,15:24:13,1079.15,150,94050
20231228,15:24:14,1091.0,100,94050
20231228,15:24:26,1090.0,600,94050
20231228,15:24:36,1092.2,800,94050
20231228,15:24:47,1094.35,400,94050
20231228,15:24:58,1094.55,150,97400
20231228,15:25:10,1091.0,1000,97400
20231228,15:25:42,1081.0,250,97400
20231228,15:25:51,1081.0,300,97400
20231228,15:26:10,1081.0,250,97400
20231228,15:26:21,1085.0,100,97400
20231228,15:27:02,1082.0,150,97400
20231228,15:27:13,1082.0,50,97400
20231228,15:27:24,1082.0,200,97400
20231228,15:28:08,1082.0,100,98700
20231228,15:28:18,1082.0,50,98700
20231228,15:28:21,1083.0,50,98700
20231228,15:28:26,1082.0,50,98700
20231228,15:28:29,1082.0,50,98700
20231228,15:28:31,1082.0,200,98700
20231228,15:28:33,1082.0,150,98700
20231228,15:28:35,1082.0,50,98700
20231228,15:28:36,1082.0,50,98700
20231228,15:28:38,1082.0,50,98700
20231228,15:28:39,1082.0,50,98700
20231228,15:28:41,1080.4,50,98700
20231228,15:28:44,1077.5,150,98700
20231228,15:28:45,1077.5,50,98700
20231228,15:28:49,1080.8,150,98700
20231228,15:28:50,1076.75,100,98700
20231228,15:29:09,1076.75,50,98700
20231228,15:29:35,1081.35,250,98700
20231228,15:29:53,1081.85,100,98700
20231229,09:17:11,1129.95,1,98750
20231229,09:17:11,1127.1,1,98750
20231229,09:17:11,1130.0,350,98750
20231229,09:17:21,1131.15,1300,98750
20231229,09:17:27,1131.0,550,98750
20231229,09:17:37,1131.6,50,98750
20231229,09:24:39,1131.6,50,99150
20231229,09:26:16,1088.4,50,99150
20231229,09:26:27,1099.95,50,99150
20231229,09:26:43,1099.95,50,99150
20231229,09:27:04,1100.0,50,99150
20231229,09:27:23,1095.0,50,99150
20231229,09:27:45,1101.5,150,99150
20231229,09:29:29,1100.9,100,99150
20231229,09:31:01,1090.5,50,99150
20231229,09:31:30,1094.0,50,99150
20231229,09:31:35,1109.9,50,99150
20231229,09:32:11,1095.95,50,99250
20231229,09:34:50,1078.45,50,99250
20231229,09:36:12,1078.45,50,99250
20231229,09:36:34,1099.65,50,99250
20231229,09:36:41,1099.65,100,99250
20231229,09:36:48,1099.65,50,99250
20231229,09:37:47,1099.65,50,99250
20231229,09:38:54,1109.95,50,99550
20231229,09:39:53,1109.95,50,99550
20231229,09:43:15,1109.95,50,99450
20231229,09:45:59,1109.0,50,99500
20231229,09:46:06,1109.0,200,99500
20231229,09:46:21,1110.0,50,99500
20231229,09:46:28,1110.0,50,99500
20231229,09:46:34,1098.9,100,99500
20231229,09:50:53,1105.05,50,99300
20231229,09:51:14,1105.05,50,99300
20231229,09:54:29,1107.0,100,99350
20231229,09:56:06,1110.0,150,99350
20231229,09:56:35,1120.0,300,99500
20231229,10:00:26,1119.0,300,99700
20231229,10:01:21,1111.05,150,99700
20231229,10:04:06,1120.0,350,99400
20231229,10:07:02,1118.0,500,99700
20231229,10:10:16,1147.8,50,99750
20231229,10:10:55,1147.8,50,99750
20231229,10:11:05,1140.0,150,99750
20231229,10:12:40,1140.1,300,99700
20231229,10:12:47,1140.0,50,99700
20231229,10:13:57,1144.35,100,99700
20231229,10:14:48,1151.65,100,99850
20231229,10:16:09,1150.5,100,99850
20231229,10:16:33,1151.0,100,99850
20231229,10:18:23,1140.15,50,100050
20231229,10:18:51,1140.0,50,100050
20231229,10:22:05,1133.0,100,100000
20231229,10:22:44,1131.0,50,100000
20231229,10:23:51,1131.05,50,100000
20231229,10:24:05,1131.0,250,100050
20231229,10:29:09,1125.0,50,100350
20231229,10:34:52,1115.0,50,100350
20231229,10:42:47,1112.0,100,100350
20231229,10:46:31,1111.05,150,100400
20231229,10:46:44,1111.0,100,100400
20231229,10:47:45,1111.05,100,100500
20231229,10:49:22,1123.8,50,100500
20231229,10:50:30,1115.95,100,100500
20231229,10:50:32,1116.0,100,100500
20231229,10:53:46,1118.0,50,100450
20231229,10:56:16,1118.0,50,100450
20231229,10:57:20,1114.0,50,100500
20231229,10:57:28,1114.05,50,100500
20231229,10:57:59,1116.0,50,100500
20231229,11:01:18,1114.35,500,100500
20231229,11:02:45,1117.0,50,100550
20231229,11:06:20,1119.15,50,100550
20231229,11:28:25,1100.0,250,100600
20231229,11:29:24,1110.65,50,100600
20231229,11:30:08,1110.25,50,100600
20231229,11:30:32,1109.0,50,100600
20231229,11:34:48,1109.0,100,100500
20231229,11:45:06,1114.65,50,100600
20231229,11:46:31,1114.95,50,100600
20231229,11:46:32,1115.0,50,100600
20231229,11:48:36,1115.85,50,100450
20231229,11:50:09,1114.75,100,100450
20231229,11:59:18,1105.0,100,100450
20231229,12:06:31,1110.05,100,100350
20231229,12:06:51,1114.0,50,100350
20231229,12:11:27,1111.2,150,100400
20231229,12:19:29,1111.2,50,100450
20231229,12:31:28,1123.5,100,100500
20231229,12:32:40,1121.35,100,100450
20231229,12:35:16,1122.25,100,100450
20231229,12:47:09,1122.0,50,100450
20231229,12:47:11,1133.25,50,100450
20231229,12:47:29,1130.65,150,100450
20231229,12:47:36,1131.25,250,100450
20231229,12:49:06,1130.25,350,100500
20231229,12:50:35,1130.6,150,100500
20231229,12:51:21,1130.6,150,100050
20231229,12:51:23,1129.95,100,100050
20231229,12:53:35,1132.8,150,100050
20231229,12:54:22,1131.15,100,100200
20231229,12:55:03,1128.1,100,100200
20231229,12:55:26,1129.65,150,100200
20231229,12:59:20,1128.65,150,100050
20231229,12:59:21,1128.05,50,100050
20231229,13:01:20,1128.05,50,100050
20231229,13:19:43,1103.85,100,100100
20231229,13:20:55,1115.15,50,100100
20231229,13:29:36,1125.0,100,100100
20231229,13:42:39,1125.1,150,100100
20231229,13:46:27,1125.0,150,100250
20231229,13:52:34,1115.0,50,100400
20231229,13:52:38,1118.1,50,100400
20231229,13:52:39,1112.0,50,100400
20231229,13:53:35,1112.0,100,100400
20231229,13:54:18,1112.0,100,100350
20231229,13:54:45,1113.0,50,100350
20231229,13:57:11,1113.5,50,100350
20231229,13:58:18,1130.0,50,100350
20231229,14:05:03,1110.0,100,100450
20231229,14:05:08,1110.0,50,100450
20231229,14:06:01,1110.0,150,100450
20231229,14:06:24,1110.0,100,100450
20231229,14:14:38,1132.45,200,100450
20231229,14:14:55,1132.55,50,100350
20231229,14:14:59,1132.9,250,100350
20231229,14:20:44,1132.9,150,100050
20231229,14:28:04,1140.05,100,100050
20231229,14:29:09,1140.05,100,100050
20231229,14:29:17,1147.1,50,100050
20231229,14:37:37,1105.45,150,100100
20231229,14:40:09,1130.0,50,100150
20231229,14:40:32,1110.8,50,100150
20231229,14:40:45,1108.2,350,100150
20231229,14:47:25,1119.0,350,100250
20231229,14:51:53,1110.0,50,100250
20231229,14:53:29,1109.95,50,100250
20231229,14:53:32,1110.0,150,100250
20231229,14:53:45,1110.0,50,100250
20231229,14:54:29,1112.0,100,100450
20231229,15:00:10,1104.0,250,100450
20231229,15:00:16,1104.0,250,100250
20231229,15:01:40,1100.0,300,100250
20231229,15:01:50,1100.0,350,100250
20231229,15:02:19,1103.0,150,100250
20231229,15:05:44,1106.0,50,100800
20231229,15:06:23,1114.0,100,100750
20231229,15:10:23,1114.0,300,100900
20231229,15:17:36,1117.0,50,101000
20231229,15:28:00,1137.95,100,100550
20240101,09:20:17,1157.0,1,100550
20240101,09:20:17,1157.0,50,100550
20240101,09:24:00,1129.3,50,100550
20240101,09:29:07,1129.3,50,100550
20240101,09:29:57,1150.0,50,100550
20240101,09:30:22,1150.05,50,100550
20240101,09:30:30,1160.0,50,100550
20240101,09:34:09,1160.0,50,100550
20240101,09:39:17,1149.9,50,100500
20240101,09:46:00,1160.0,150,100500
20240101,09:53:47,1138.2,50,100650
20240101,10:08:44,1138.7,50,100700
20240101,10:10:48,1140.0,50,100700
20240101,10:13:40,1140.0,50,100750
20240101,10:46:29,1134.0,50,100750
20240101,10:46:55,1134.0,50,100750
20240101,10:49:00,1133.0,50,100750
20240101,10:49:16,1133.0,50,100750
20240101,10:51:00,1127.0,50,100850
20240101,10:56:24,1127.0,50,100900
20240101,10:59:08,1127.0,250,100900
20240101,11:02:12,1125.0,500,100900
20240101,11:05:33,1125.0,500,101100
20240101,11:09:44,1117.8,500,101100
20240101,11:10:45,1117.8,50,101100
20240101,11:16:21,1149.65,50,101100
20240101,11:16:45,1130.0,50,101100
20240101,11:22:13,1121.4,50,101150
20240101,11:22:50,1123.35,50,101150
20240101,11:25:40,1123.85,50,101150
20240101,11:30:46,1123.0,100,101150
20240101,11:31:35,1121.0,100,101150
20240101,11:33:11,1125.05,200,101150
20240101,11:33:27,1125.0,100,101150
20240101,11:34:15,1124.95,250,101150
20240101,11:34:16,1125.0,50,101150
20240101,11:43:13,1125.0,100,101250
20240101,11:43:33,1125.0,50,101250
20240101,11:44:15,1125.0,50,101250
20240101,11:46:07,1125.0,50,101250
20240101,11:47:41,1125.0,100,101250
20240101,11:47:42,1125.0,50,101350
20240101,11:48:53,1125.0,50,101350
20240101,11:51:44,1123.0,50,101250
20240101,11:54:50,1125.0,100,101250
20240101,12:04:25,1111.55,100,101250
20240101,12:04:42,1111.55,50,101250
20240101,12:05:38,1124.9,100,101250
20240101,12:06:03,1126.35,50,101300
20240101,12:06:43,1126.35,50,101300
20240101,12:08:14,1126.0,50,101300
20240101,12:13:55,1122.0,50,101300
20240101,12:14:36,1121.85,100,101300
20240101,12:14:44,1117.7,100,101300
20240101,12:14:54,1120.0,50,101300
20240101,12:25:53,1140.0,50,101350
20240101,12:26:19,1139.4,200,101350
20240101,12:26:43,1140.0,400,101350
20240101,12:26:51,1140.0,300,101350
20240101,12:26:59,1140.0,150,102200
20240101,12:27:02,1140.0,50,102200
20240101,12:27:18,1140.0,150,102200
20240101,12:34:33,1140.0,200,102550
20240101,12:34:34,1134.9,100,102550
20240101,12:34:36,1134.95,50,102550
20240101,12:34:38,1134.75,100,102550
20240101,12:50:03,1130.05,150,102500
20240101,12:50:06,1130.0,150,102500
20240101,12:59:26,1130.0,100,102800
20240101,13:14:06,1130.0,150,102750
20240101,13:14:12,1130.0,150,102750
20240101,13:15:11,1130.0,300,103050
20240101,13:15:13,1130.0,50,103050
20240101,13:18:16,1118.2,100,103250
20240101,13:19:18,1127.6,50,103250
20240101,13:23:59,1127.9,100,103250
20240101,13:24:19,1127.95,50,103250
20240101,13:26:18,1124.65,50,103250
20240101,13:28:48,1127.15,50,103250
20240101,13:31:24,1125.0,150,103200
20240101,13:31:25,1125.0,250,103250
20240101,13:31:26,1125.0,250,103250
20240101,13:34:59,1125.0,350,102750
20240101,13:57:23,1118.15,50,102750
20240101,14:22:45,1099.0,50,102800
20240101,14:23:41,1098.8,50,102800
20240101,14:24:09,1097.45,50,102850
20240101,14:25:07,1097.45,50,102850
20240101,14:26:10,1097.0,100,102850
20240101,14:34:30,1095.0,50,102900
20240101,14:36:34,1090.0,50,102900
20240101,14:39:04,1090.0,50,102900
20240101,14:39:17,1097.8,50,102950
20240101,14:39:37,1099.0,50,102950
20240101,14:39:55,1096.0,50,102950
20240101,14:40:54,1090.65,50,102950
20240101,14:41:56,1091.1,50,102950
20240101,14:42:04,1091.0,150,102950
20240101,14:42:15,1088.5,100,103200
20240101,14:43:49,1080.0,100,103200
20240101,14:44:47,1075.0,50,103200
20240101,14:48:27,1075.0,50,103300
20240101,14:48:40,1074.75,50,103300
20240101,14:48:45,1074.6,50,103300
20240101,14:48:46,1074.6,100,103300
20240101,14:48:49,1078.55,50,103300
20240101,14:51:23,1070.0,100,103250
20240101,14:52:09,1069.95,250,103250
20240101,14:53:56,1072.35,50,103250
20240101,14:54:34,1075.0,100,103250
20240101,14:58:35,1071.2,200,103250
20240101,14:58:44,1072.85,100,103250
20240101,14:58:53,1061.2,100,103250
20240101,14:59:02,1074.35,50,103250
20240101,15:00:02,1072.05,100,103250
20240101,15:00:25,1070.85,150,103250
20240101,15:01:12,1074.5,50,103250
20240101,15:01:22,1077.0,150,103250
20240101,15:01:34,1081.0,250,103250
20240101,15:02:17,1083.25,200,103250
20240101,15:08:31,1098.65,50,103250
20240101,15:08:35,1100.15,150,103150
20240101,15:08:36,1100.2,200,103150
20240101,15:08:40,1100.2,250,103150
20240101,15:08:44,1100.2,300,103150
20240101,15:10:05,1112.0,100,102850
20240101,15:10:29,1120.0,50,102850
20240101,15:14:43,1139.0,200,102800
20240101,15:15:28,1149.0,800,102800
20240101,15:15:49,1126.4,250,102800
20240101,15:15:51,1135.75,100,102800
20240101,15:18:45,1135.75,50,102300
20240101,15:19:28,1134.05,100,102300
20240101,15:20:17,1135.35,50,102300
20240101,15:20:18,1139.95,50,102300
20240101,15:20:19,1135.4,50,102300
20240101,15:21:22,1148.0,100,102300
20240101,15:22:10,1157.0,50,102200
20240101,15:22:54,1152.95,100,102200
20240101,15:23:05,1148.15,150,102200
20240101,15:23:15,1147.1,150,102200
20240101,15:23:25,1144.5,250,102200
20240101,15:23:36,1144.5,100,102200
20240101,15:24:11,1149.95,100,102200
20240101,15:24:24,1145.0,100,101850
20240101,15:25:03,1134.35,250,101850
20240101,15:25:13,1146.0,50,101850
20240101,15:26:30,1150.0,50,101850
20240101,15:26:51,1151.0,50,101850
20240101,15:27:22,1150.0,250,101900
20240101,15:27:33,1150.0,450,101900
20240101,15:27:45,1150.0,200,101900
20240101,15:27:56,1150.0,250,101900
20240101,15:28:09,1150.0,100,101900
20240101,15:28:21,1146.0,50,101900
20240101,15:29:06,1145.0,250,101900
20240101,15:29:18,1140.0,300,101900
20240101,15:29:30,1140.0,100,101900
20240101,15:29:55,1150.0,50,101900
20240102,09:18:52,1145.05,1,102750
20240102,09:18:52,1145.0,150,102750
20240102,09:20:42,1121.0,50,102750
20240102,09:53:43,1121.0,50,102750
20240102,09:57:14,1167.0,150,102750
20240102,09:59:22,1180.0,50,102750
20240102,10:02:20,1191.2,50,102750
20240102,10:03:11,1191.2,50,102700
20240102,10:06:10,1189.0,100,102650
20240102,10:08:25,1168.25,50,102650
20240102,10:09:05,1183.0,100,102550
20240102,10:10:23,1183.0,100,102550
20240102,10:12:19,1185.0,250,102650
20240102,10:15:11,1185.1,50,102750
20240102,10:15:21,1186.95,50,102750
20240102,10:15:50,1186.5,50,102750
20240102,10:16:10,1184.35,100,102750
20240102,10:23:37,1195.0,50,102750
20240102,10:24:55,1231.1,300,102750
20240102,10:26:24,1231.1,50,102750
20240102,10:30:07,1212.35,50,102800
20240102,10:31:41,1208.3,100,102800
20240102,10:38:54,1230.0,50,102800
20240102,10:39:52,1233.05,100,102800
20240102,10:40:25,1238.0,150,102800
20240102,10:40:35,1238.05,50,102800
20240102,10:41:18,1238.05,250,102800
20240102,10:41:49,1238.0,600,102400
20240102,10:42:42,1233.0,450,102400
20240102,10:42:52,1233.0,300,102400
20240102,10:43:03,1233.0,450,102400
20240102,10:44:27,1218.0,50,102400
20240102,10:47:09,1225.0,50,102000
20240102,10:47:19,1222.0,100,102000
20240102,10:48:21,1222.0,150,102050
20240102,10:48:31,1222.0,50,102050
20240102,10:49:10,1222.05,450,102050
20240102,10:49:46,1222.0,350,102050
20240102,10:51:37,1223.0,50,102050
20240102,10:51:42,1223.0,50,102150
20240102,10:51:48,1223.0,50,102150
20240102,10:52:34,1224.0,50,102150
20240102,10:53:08,1223.0,50,102150
20240102,10:53:10,1223.0,50,102150
20240102,10:53:12,1223.0,300,102150
20240102,10:53:20,1223.0,50,102150
20240102,10:55:06,1223.0,100,102100
20240102,10:55:53,1223.0,250,102100
20240102,11:07:27,1220.0,50,102100
20240102,11:23:15,1220.0,100,102100
20240102,11:31:02,1219.9,300,102100
20240102,11:31:20,1220.0,150,102100
20240102,11:32:04,1233.05,200,102100
20240102,11:32:08,1231.7,50,102100
20240102,11:33:24,1225.0,150,102100
20240102,11:37:06,1225.05,100,102050
20240102,11:39:29,1225.0,300,102150
20240102,11:42:43,1225.05,50,102450
20240102,11:43:27,1225.05,100,102450
20240102,11:44:08,1225.05,50,102450
20240102,11:44:23,1225.05,100,102450
20240102,11:45:12,1226.15,50,102450
20240102,11:47:01,1227.6,100,102450
20240102,11:47:02,1227.35,50,102450
20240102,12:10:49,1188.5,250,102450
20240102,12:13:11,1215.0,50,102400
20240102,12:17:07,1203.25,100,102350
20240102,12:17:18,1201.55,150,102350
20240102,12:18:39,1201.55,50,102200
20240102,12:19:46,1189.45,150,102200
20240102,12:29:37,1210.0,50,102200
20240102,12:30:16,1210.0,100,102200
20240102,12:31:14,1210.0,50,102200
20240102,12:33:03,1225.55,300,102200
20240102,12:40:03,1203.4,50,102300
20240102,12:51:00,1212.0,50,102300
20240102,12:53:02,1206.0,100,102300
20240102,12:59:34,1211.5,100,102350
20240102,13:00:19,1213.05,200,102450
20240102,13:12:20,1213.05,100,102300
20240102,13:15:41,1222.0,150,102350
20240102,13:22:24,1222.9,50,102500
20240102,13:23:04,1226.0,200,102500
20240102,14:01:01,1207.0,100,102400
20240102,14:37:52,1182.0,250,102400
20240102,14:37:58,1177.35,50,102400
20240102,14:45:36,1182.0,50,102350
20240102,14:56:48,1185.0,100,102400
20240102,14:58:02,1185.0,100,102400
20240102,15:06:17,1185.0,100,102400
20240102,15:06:23,1188.0,100,102500
20240102,15:07:55,1200.0,100,102500
20240102,15:10:54,1216.0,50,102300
20240102,15:12:25,1216.0,100,102350
20240102,15:13:17,1222.0,150,102350
20240102,15:13:28,1222.0,1000,102350
20240102,15:19:38,1210.0,50,102350
20240102,15:28:00,1230.15,100,102350
20240102,15:28:01,1230.0,100,102350
20240102,15:29:19,1225.25,50,102350
20240103,09:19:22,1238.05,1,102400
20240103,09:19:22,1238.0,250,102400
20240103,09:19:22,1238.0,50,102400
20240103,09:19:24,1238.0,150,102400
20240103,09:20:10,1238.0,450,102400
20240103,09:24:16,1244.0,150,102500
20240103,09:26:09,1244.0,50,102500
20240103,09:27:28,1244.6,100,102300
20240103,09:27:46,1244.6,350,102300
20240103,09:28:24,1243.65,150,102300
20240103,09:34:07,1243.25,350,102800
20240103,09:34:35,1246.05,50,102800
20240103,09:36:39,1250.0,50,102650
20240103,09:36:48,1250.0,50,102650
20240103,09:41:04,1260.0,100,102600
20240103,09:48:26,1269.0,50,102500
20240103,09:55:40,1269.0,150,102450
20240103,09:55:57,1258.0,50,102450
20240103,09:58:01,1255.0,50,102400
20240103,09:58:20,1251.0,50,102400
20240103,10:03:43,1258.0,100,102450
20240103,10:03:52,1258.0,50,102450
20240103,10:05:06,1258.0,200,102450
20240103,10:10:08,1253.0,150,102450
20240103,10:11:00,1253.0,50,102450
20240103,10:22:38,1260.0,50,102450
20240103,10:27:07,1268.0,100,102500
20240103,10:29:04,1260.0,50,102500
20240103,10:29:25,1258.0,250,102500
20240103,10:30:58,1258.0,100,102650
20240103,10:33:09,1256.0,150,102650
20240103,10:36:52,1256.0,50,102650
20240103,10:36:59,1255.0,150,102650
20240103,10:44:00,1255.0,100,102650
20240103,10:57:29,1263.0,50,102650
20240103,10:57:54,1265.0,50,102650
20240103,11:06:52,1270.0,50,102650
20240103,11:19:37,1270.0,50,102700
20240103,11:20:55,1265.0,50,102700
20240103,11:45:33,1255.0,150,102750
20240103,11:47:42,1255.0,50,102750
20240103,11:48:00,1255.0,550,102750
20240103,11:48:57,1250.0,200,102700
20240103,11:51:48,1250.0,100,102650
20240103,11:51:51,1250.0,350,102650
20240103,11:51:52,1250.0,200,102650
20240103,11:51:57,1250.0,150,102650
20240103,11:53:13,1247.0,50,102650
20240103,12:03:48,1250.0,100,102500
20240103,12:14:22,1277.3,50,102600
20240103,12:21:05,1277.3,50,102650
20240103,12:24:04,1277.0,50,102650
20240103,12:28:46,1286.9,200,102600
20240103,12:28:55,1287.0,50,102600
20240103,12:43:01,1287.0,150,102450
20240103,12:50:54,1287.0,200,102600
20240103,12:51:02,1282.0,150,102600
20240103,12:53:57,1266.05,50,102850
20240103,13:14:03,1255.05,150,102900
20240103,13:21:59,1265.0,350,103050
20240103,13:32:53,1265.0,50,102950
20240103,13:38:59,1260.0,100,102950
20240103,13:39:46,1259.0,100,103050
20240103,13:40:23,1258.0,100,103050
20240103,13:40:24,1257.0,100,103050
20240103,14:07:00,1259.0,50,103350
20240103,14:46:31,1272.0,50,103350
20240103,14:51:07,1272.0,50,103300
20240103,14:53:16,1270.0,300,103250
20240103,14:53:55,1270.0,50,103250
20240103,14:54:22,1270.0,150,103250
20240103,15:00:12,1274.0,50,103250
20240103,15:08:22,1295.0,300,103200
20240103,15:09:03,1300.0,50,103200
20240103,15:09:42,1300.0,50,103100
20240103,15:12:52,1302.0,50,103050
20240103,15:13:19,1302.0,100,103050
20240103,15:14:21,1295.0,100,103050
20240103,15:17:16,1297.35,50,103050
20240103,15:17:26,1300.0,200,103050
20240103,15:18:28,1301.15,50,103050
20240103,15:19:13,1305.0,100,103000
20240103,15:22:00,1305.0,100,103100
20240103,15:23:29,1296.0,50,103100
20240103,15:25:03,1297.05,100,103050
20240103,15:26:38,1298.0,50,103050
20240103,15:27:22,1298.0,50,103050
20240103,15:27:41,1298.0,50,103150
20240103,15:28:08,1298.0,100,103150
20240104,09:24:19,1240.0,1,103150
20240104,09:24:19,1240.0,50,103150
20240104,09:29:56,1242.0,50,103150
20240104,09:30:15,1242.0,200,103150
20240104,09:32:51,1242.0,50,103150
20240104,09:37:51,1243.0,500,103150
20240104,09:38:23,1242.0,100,103150
20240104,09:38:33,1242.0,250,103250
20240104,09:38:51,1242.0,150,103250
20240104,09:42:14,1245.0,50,103200
20240104,09:45:08,1245.0,50,103250
20240104,09:45:37,1243.0,50,103250
20240104,09:49:04,1249.0,100,103300
20240104,09:49:32,1249.0,200,103300
20240104,09:51:02,1249.0,200,103300
20240104,09:54:44,1249.0,50,103300
20240104,09:54:53,1245.0,50,103300
20240104,09:57:24,1249.0,700,103250
20240104,09:57:51,1250.0,500,103250
20240104,10:02:04,1250.0,250,103250
20240104,10:02:22,1245.0,50,103250
20240104,10:02:38,1248.85,100,103250
20240104,10:04:46,1245.0,100,103250
20240104,10:04:58,1245.0,1000,103250
20240104,10:05:09,1242.0,50,103250
20240104,10:06:08,1242.0,50,103250
20240104,10:06:45,1242.0,100,103250
20240104,10:07:31,1242.0,150,103250
20240104,10:09:00,1242.0,100,103350
20240104,10:09:56,1241.0,300,103350
20240104,10:10:05,1241.0,150,103350
20240104,10:12:38,1241.0,100,103350
20240104,10:13:43,1241.0,600,103350
20240104,10:13:53,1241.0,100,103350
20240104,10:14:12,1241.0,250,103350
20240104,10:15:05,1230.0,300,103350
20240104,10:15:58,1230.0,250,103350
20240104,10:16:08,1230.0,250,103350
20240104,10:17:23,1230.0,50,103350
20240104,10:17:32,1230.0,650,103350
20240104,10:18:08,1223.15,100,104200
20240104,10:18:55,1220.55,100,104200
20240104,10:22:26,1210.05,100,104100
20240104,10:25:55,1210.05,100,104100
20240104,10:25:55,1211.8,100,104100
20240104,10:26:36,1223.95,100,104200
20240104,10:32:58,1222.0,250,104250
20240104,10:34:02,1222.0,100,104250
20240104,10:34:04,1222.0,150,104250
20240104,10:34:37,1222.0,250,104250
20240104,10:35:41,1222.0,250,104250
20240104,10:36:43,1221.95,100,104250
20240104,10:37:16,1221.0,200,104250
20240104,10:37:29,1215.0,250,104250
20240104,10:37:54,1221.0,250,104250
20240104,10:38:17,1221.0,100,104250
20240104,10:38:41,1220.0,100,104250
20240104,10:38:42,1220.0,50,104200
20240104,10:40:30,1217.0,250,104200
20240104,10:41:13,1220.0,50,104200
20240104,10:41:17,1217.0,50,104200
20240104,10:42:07,1215.0,100,104300
20240104,10:42:20,1214.0,200,104300
20240104,10:42:21,1214.0,50,104300
20240104,10:42:57,1214.0,250,104300
20240104,10:44:04,1214.0,250,104300
20240104,10:44:32,1214.0,200,104300
20240104,10:44:33,1214.0,150,104300
20240104,10:49:17,1214.55,450,104400
20240104,10:52:46,1218.0,100,104750
20240104,10:52:47,1218.0,50,104750
20240104,10:53:21,1218.0,350,104750
20240104,10:53:38,1218.0,150,104750
20240104,10:54:05,1218.0,50,104650
20240104,10:54:12,1217.0,150,104650
20240104,10:54:38,1218.0,50,104650
20240104,10:55:10,1216.0,100,104650
20240104,10:55:11,1216.0,100,104650
20240104,10:56:11,1215.0,50,104650
20240104,10:56:12,1215.0,100,104650
20240104,10:56:41,1214.0,150,104750
20240104,10:56:58,1214.0,150,104750
20240104,10:57:40,1214.0,50,104750
20240104,10:58:01,1213.0,100,104750
20240104,10:58:18,1213.0,100,104750
20240104,10:58:20,1213.0,50,104750
20240104,10:58:38,1213.0,50,104750
20240104,10:59:03,1213.0,100,104750
20240104,10:59:07,1213.0,50,104750
20240104,10:59:33,1212.0,150,104750
20240104,10:59:59,1213.0,100,104850
20240104,11:01:22,1213.0,50,104850
20240104,11:01:57,1210.0,100,104850
20240104,11:02:12,1209.0,100,104850
20240104,11:02:21,1209.0,200,104850
20240104,11:04:29,1208.0,200,104900
20240104,11:04:46,1208.0,100,104900
20240104,11:04:56,1208.0,150,104900
20240104,11:05:23,1207.0,100,104900
20240104,11:05:49,1206.0,50,105200
20240104,11:05:58,1205.0,100,105200
20240104,11:06:16,1205.0,100,105200
20240104,11:06:52,1204.0,200,105200
20240104,11:12:01,1202.1,50,105650
20240104,11:12:09,1201.0,250,105650
20240104,11:28:53,1201.0,50,105950
20240104,11:32:24,1209.55,50,105900
20240104,11:32:50,1209.55,50,105900
20240104,11:35:50,1213.05,350,105900
20240104,11:36:07,1213.0,300,105900
20240104,11:36:09,1213.0,50,105900
20240104,11:37:22,1212.2,50,105900
20240104,11:42:35,1200.0,50,105400
20240104,11:43:44,1200.0,50,105400
20240104,11:44:15,1202.05,50,105400
20240104,11:45:58,1211.05,250,105450
20240104,11:45:59,1211.0,100,105450
20240104,11:46:00,1211.0,150,105450
20240104,11:46:01,1211.0,150,105450
20240104,11:46:49,1211.0,200,105450
20240104,11:47:37,1211.0,300,105450
20240104,12:04:39,1213.0,900,105000
20240104,12:04:41,1213.0,200,105000
20240104,12:07:09,1213.0,350,104900
20240104,12:07:12,1213.0,250,104900
20240104,12:07:14,1213.0,200,104900
20240104,12:08:01,1213.0,200,104900
20240104,12:10:44,1213.85,300,104900
20240104,12:11:13,1213.85,50,104900
20240104,12:12:08,1213.85,50,104900
20240104,12:12:36,1215.0,200,104900
20240104,12:23:06,1202.65,50,105000
20240104,12:26:28,1196.6,50,105000
20240104,13:03:09,1196.6,50,105000
20240104,13:04:38,1198.0,150,105000
20240104,13:04:46,1198.0,150,105000
20240104,13:31:17,1210.0,50,105050
20240104,13:32:01,1200.0,50,105050
20240104,13:57:50,1195.0,50,105100
20240104,14:46:50,1195.0,100,105100
20240104,14:53:50,1203.0,250,105150
20240104,14:57:38,1200.05,50,105300
20240104,14:59:42,1206.25,100,105300
20240104,15:10:10,1206.2,50,105300
20240104,15:21:10,1186.2,100,105300
20240104,15:21:42,1186.2,100,105450
20240104,15:27:37,1177.65,50,105550
20240105,09:56:43,1170.0,1,105550
20240105,09:56:43,1170.0,50,105550
20240105,09:58:40,1168.8,50,105550
20240105,10:11:55,1160.0,100,105650
20240105,10:12:11,1160.0,150,105650
20240105,10:13:05,1163.35,150,105650
20240105,10:13:37,1163.35,300,105650
20240105,10:14:00,1161.6,50,105650
20240105,10:14:24,1163.35,350,105650
20240105,10:16:28,1162.4,200,106100
20240105,10:17:02,1164.0,100,106100
20240105,10:17:45,1164.5,150,105750
20240105,10:18:29,1170.0,50,105750
20240105,10:22:07,1165.25,100,105750
20240105,10:25:16,1165.0,150,105800
20240105,10:25:24,1165.0,100,105800
20240105,10:33:37,1160.0,100,105950
20240105,10:34:17,1160.0,100,105950
20240105,10:36:23,1158.2,100,106000
20240105,10:40:01,1158.2,100,106000
20240105,10:43:30,1162.0,150,106050
20240105,10:43:41,1162.0,50,106050
20240105,10:44:30,1175.0,50,106050
20240105,10:53:50,1192.0,50,106050
20240105,10:54:52,1200.05,100,106050
20240105,10:58:29,1200.05,100,106100
20240105,10:59:42,1186.55,100,106100
20240105,11:00:01,1189.0,100,106100
20240105,11:00:10,1189.0,100,106100
20240105,11:05:42,1184.25,200,106150
20240105,11:07:30,1182.2,300,106150
20240105,11:08:48,1185.0,150,106400
20240105,11:08:57,1185.0,200,106400
20240105,11:09:06,1185.0,1350,106400
20240105,11:09:16,1185.05,50,106400
20240105,11:10:09,1185.05,50,106400
20240105,11:10:28,1187.0,100,106400
20240105,11:10:55,1185.0,500,106400
20240105,11:11:08,1185.0,300,106400
20240105,11:11:09,1185.0,50,106400
20240105,11:11:13,1185.0,200,106400
20240105,11:12:17,1185.0,350,108750
20240105,11:12:37,1185.0,250,108750
20240105,11:12:38,1185.0,150,108750
20240105,11:16:26,1185.05,50,109400
20240105,11:23:17,1192.0,50,109400
20240105,11:24:19,1190.0,200,109400
20240105,11:28:00,1190.0,400,109400
20240105,11:31:21,1188.75,50,109300
20240105,11:35:41,1188.3,200,109300
20240105,11:36:37,1190.0,200,109300
20240105,11:50:52,1199.05,50,109350
20240105,11:51:12,1191.15,100,109350
20240105,11:54:50,1183.5,100,109350
20240105,11:55:20,1181.0,50,109350
20240105,11:58:36,1194.5,50,109400
20240105,12:00:05,1195.5,50,109400
20240105,12:04:20,1193.1,150,109450
20240105,12:11:06,1180.0,50,109450
20240105,12:20:56,1180.0,100,109600
20240105,12:21:56,1180.0,200,109600
20240105,12:23:19,1180.0,50,109600
20240105,12:27:07,1176.45,200,109600
20240105,12:28:34,1179.65,50,109600
20240105,12:28:48,1179.45,50,109600
20240105,12:28:58,1181.8,50,109600
20240105,12:29:18,1180.85,50,109600
20240105,12:29:36,1181.05,50,109600
20240105,12:37:38,1181.5,50,109850
20240105,12:37:39,1181.65,50,109850
20240105,12:38:50,1180.75,50,109850
20240105,12:41:34,1186.95,50,109850
20240105,12:41:59,1186.45,100,109800
20240105,13:01:06,1190.05,100,109800
20240105,13:01:20,1190.4,150,109800
20240105,13:02:26,1202.1,50,109800
20240105,13:02:39,1202.1,50,109800
20240105,13:02:53,1187.75,50,110100
20240105,13:05:14,1181.5,50,110100
20240105,13:15:48,1181.0,50,110150
20240105,13:35:24,1188.0,50,110150
20240105,13:35:35,1185.2,100,110150
20240105,13:36:19,1188.1,50,110100
20240105,13:43:29,1198.4,150,110150
20240105,13:45:36,1201.55,50,110300
20240105,13:49:00,1194.0,50,110300
20240105,13:54:37,1195.6,50,110350
20240105,14:14:49,1214.95,100,110350
20240105,14:15:02,1215.0,250,110350
20240105,14:18:12,1225.0,50,110100
20240105,14:18:52,1225.0,100,110100
20240105,14:24:23,1230.0,50,110000
20240105,14:25:56,1234.9,50,110000
20240105,14:28:39,1234.9,50,110050
20240105,14:29:30,1233.0,650,110050
20240105,14:29:38,1233.0,200,110050
20240105,14:31:04,1233.0,300,110150
20240105,14:34:33,1233.0,800,110150
20240105,14:36:15,1225.0,50,110850
20240105,14:44:48,1210.0,50,110850
20240105,14:44:49,1212.35,200,110850
20240105,14:45:25,1210.0,150,110850
20240105,14:45:27,1210.0,100,110950
20240105,14:46:16,1210.0,200,110950
20240105,14:49:43,1205.9,500,110950
20240105,14:51:04,1175.05,50,110950
20240105,14:51:06,1177.9,250,110950
20240105,14:53:09,1177.1,50,110950
20240105,14:53:20,1177.9,150,110950
20240105,14:53:49,1190.0,500,110950
20240105,14:55:08,1177.45,100,110950
20240105,15:00:16,1174.05,100,110950
20240105,15:00:27,1170.05,50,110950
20240105,15:28:01,1168.0,100,110950
20240105,15:29:41,1185.0,50,110950
20240108,09:16:53,1173.2,1,110950
20240108,09:16:53,1173.2,50,110950
20240108,09:23:07,1208.0,100,110900
20240108,09:23:16,1208.0,300,110900
20240108,09:29:27,1193.0,50,111200
20240108,09:33:36,1197.4,50,111200
20240108,09:34:25,1200.9,50,111200
20240108,09:34:28,1202.0,50,111200
20240108,09:37:29,1203.05,50,111250
20240108,09:38:10,1207.3,100,111250
20240108,09:41:03,1220.0,50,111250
20240108,09:47:47,1224.7,500,111200
20240108,10:03:40,1210.0,50,111300
20240108,10:04:30,1210.0,500,111300
20240108,10:05:27,1211.0,100,111300
20240108,10:07:00,1213.0,50,111250
20240108,10:11:50,1200.65,50,111250
20240108,10:21:46,1203.4,50,111300
20240108,10:39:55,1191.95,50,111250
20240108,10:41:44,1200.0,50,111200
20240108,11:04:41,1229.95,50,111200
20240108,11:09:44,1259.15,50,111250
20240108,11:15:35,1260.0,50,111200
20240108,11:17:30,1260.0,50,111200
20240108,11:22:09,1260.5,50,111200
20240108,11:24:01,1260.5,50,111150
20240108,11:27:07,1259.0,50,111100
20240108,11:30:54,1255.0,50,111050
20240108,11:34:49,1255.0,100,111050
20240108,11:51:41,1260.0,50,111150
20240108,11:54:50,1285.0,750,111100
20240108,11:55:13,1285.0,250,111100
20240108,11:58:46,1300.0,50,110100
20240108,11:59:31,1300.0,50,110100
20240108,12:04:18,1288.0,50,110050
20240108,12:14:38,1280.0,50,110000
20240108,12:15:44,1280.0,50,110000
20240108,12:16:45,1280.0,50,110000
20240108,12:34:39,1260.0,50,109950
20240108,12:50:54,1280.0,50,109950
20240108,12:52:48,1282.0,50,110000
20240108,12:55:30,1290.0,50,109950
20240108,13:28:50,1289.45,50,110000
20240108,13:38:08,1285.0,50,110050
20240108,13:43:27,1290.0,50,110100
20240108,13:46:06,1300.0,100,110150
20240108,14:07:19,1267.0,50,110150
20240108,14:28:21,1293.25,50,110200
20240108,14:29:54,1300.0,100,110200
20240108,14:31:12,1300.0,100,110100
20240108,14:33:24,1307.0,500,110000
20240108,14:33:36,1307.0,200,110000
20240108,14:34:11,1307.0,300,110000
20240108,14:35:11,1307.0,150,110000
20240108,14:37:40,1305.0,200,109250
20240108,14:38:12,1310.0,50,109250
20240108,14:38:35,1313.0,400,109250
20240108,14:49:51,1305.0,300,108650
20240108,14:52:27,1302.6,50,108650
20240108,14:53:04,1297.9,100,108650
20240108,14:58:40,1301.0,200,108650
20240108,14:58:51,1301.0,200,108650
20240108,15:02:59,1310.7,50,108700
20240108,15:04:10,1319.0,50,108700
20240108,15:15:08,1319.0,600,108650
20240108,15:15:42,1319.0,100,108500
20240108,15:21:27,1327.6,100,108600
20240108,15:23:53,1332.0,50,108600
20240108,15:24:52,1332.0,50,108600
20240108,15:25:02,1332.0,50,108600
20240108,15:25:40,1333.6,200,108600
20240108,15:27:18,1350.0,150,108600
20240108,15:28:05,1350.0,350,108250
20240109,09:23:02,1235.2,1,108250
20240109,09:23:02,1235.2,50,108250
20240109,09:28:00,1233.0,100,108250
20240109,09:58:14,1233.0,50,108150
20240109,09:58:34,1259.9,100,108150
20240109,09:59:15,1259.9,50,108150
20240109,10:00:46,1261.0,200,108250
20240109,10:07:05,1261.0,50,108250
20240109,10:12:10,1261.0,50,108300
20240109,10:14:12,1251.3,100,108300
20240109,10:25:15,1234.5,100,108400
20240109,10:25:25,1230.15,50,108400
20240109,10:27:10,1230.15,50,108550
20240109,10:29:04,1233.15,50,108550
20240109,10:30:35,1233.15,50,108650
20240109,10:32:37,1236.3,50,108650
20240109,10:43:21,1222.0,50,108700
20240109,10:44:22,1211.3,100,108700
20240109,10:44:34,1201.65,50,108700
20240109,10:45:09,1201.65,100,108750
20240109,10:45:19,1209.0,50,108750
20240109,10:45:30,1208.0,100,108750
20240109,10:47:33,1215.15,50,108750
20240109,10:51:36,1217.45,200,108550
20240109,10:55:25,1212.0,50,108350
20240109,10:55:44,1212.0,50,108350
20240109,10:56:42,1215.0,150,108350
20240109,10:57:23,1217.0,50,108350
20240109,10:57:33,1218.0,50,108350
20240109,10:58:05,1220.0,50,108350
20240109,10:58:16,1220.0,50,108350
20240109,10:58:45,1219.0,100,108350
20240109,10:59:06,1216.9,50,108350
20240109,11:02:24,1218.4,50,108650
20240109,11:03:44,1220.0,50,108700
20240109,11:06:50,1216.0,50,108750
20240109,11:11:12,1206.7,200,108800
20240109,11:12:27,1217.35,50,109000
20240109,11:12:37,1218.3,100,109000
20240109,11:12:48,1211.3,50,109000
20240109,11:14:05,1223.35,50,109000
20240109,11:17:00,1222.65,50,109050
20240109,11:17:30,1222.65,50,109050
20240109,11:19:22,1217.0,50,109000
20240109,11:23:20,1220.0,50,109050
20240109,11:23:30,1220.0,150,109050
20240109,11:25:16,1225.0,300,109050
20240109,11:28:01,1225.0,100,109350
20240109,11:29:10,1225.0,200,109350
20240109,11:30:08,1225.0,400,109650
20240109,11:30:36,1225.0,150,109650
20240109,11:30:46,1225.0,50,109650
20240109,11:36:04,1215.0,50,110250
20240109,11:38:57,1222.0,250,110250
20240109,11:40:11,1211.0,50,110550
20240109,11:44:52,1220.0,50,110550
20240109,11:45:45,1222.0,150,110600
20240109,11:48:15,1210.05,50,110750
20240109,11:50:34,1210.0,50,110750
20240109,11:50:44,1210.05,50,110750
20240109,11:55:21,1215.7,50,110750
20240109,11:56:23,1213.0,50,110750
20240109,11:59:19,1212.45,150,110750
20240109,12:08:35,1217.7,100,110700
20240109,12:26:41,1210.0,50,110700
20240109,12:27:11,1210.0,50,110700
20240109,12:32:43,1216.0,50,110750
20240109,12:55:41,1216.05,150,110750
20240109,12:58:40,1216.05,50,110900
20240109,13:18:50,1216.05,50,110950
20240109,13:26:39,1216.05,50,111000
20240109,13:27:03,1216.05,50,111000
20240109,13:39:52,1225.55,50,111100
20240109,13:40:02,1230.0,200,111100
20240109,13:48:17,1227.95,50,111350
20240109,13:52:54,1227.95,150,111300
20240109,14:14:38,1253.9,50,111250
20240109,14:15:43,1253.75,50,111200
20240109,14:16:04,1250.5,150,111200
20240109,14:32:51,1290.1,100,111000
20240109,14:44:51,1310.0,50,111100
20240109,14:54:28,1310.0,50,111100
20240109,14:55:10,1300.0,500,111100
20240109,14:57:19,1310.95,100,111100
20240109,15:00:13,1311.0,200,111650
20240109,15:00:38,1311.95,50,111600
20240109,15:02:24,1311.95,150,111600
20240109,15:08:35,1311.95,200,111600
20240109,15:11:49,1311.95,200,111600
20240109,15:13:31,1325.0,50,111800
20240109,15:19:22,1325.0,200,111750
20240109,15:20:48,1320.2,100,111750
20240109,15:22:19,1330.0,100,111650
20240109,15:22:52,1330.0,50,111650
20240109,15:25:03,1330.0,50,111600
20240109,15:27:44,1320.0,100,111600
20240110,09:21:21,1320.0,1,111450
20240110,09:21:21,1320.0,50,111450
20240110,09:24:15,1330.0,50,111450
20240110,09:25:56,1341.3,50,111450
20240110,09:27:56,1345.0,100,111450
20240110,09:28:42,1350.0,550,111450
20240110,09:28:54,1350.0,350,111450
20240110,09:45:57,1350.0,200,110600
20240110,09:52:26,1331.8,100,110500
20240110,09:55:29,1311.55,50,110550
20240110,09:56:59,1311.55,50,110550
20240110,09:58:39,1331.8,50,110550
20240110,10:02:42,1330.0,50,110500
20240110,10:03:30,1330.0,50,110550
20240110,10:04:53,1343.0,100,110550
20240110,10:07:52,1334.5,50,110600
20240110,10:24:24,1331.1,100,110550
20240110,10:26:31,1325.0,50,110550
20240110,10:39:01,1312.2,100,110550
20240110,10:41:51,1321.0,50,110550
20240110,10:42:40,1325.0,50,110450
20240110,11:11:44,1336.0,50,110350
20240110,11:11:53,1335.0,100,110350
20240110,11:31:32,1316.0,100,110450
20240110,11:31:41,1316.0,50,110450
20240110,11:35:30,1321.8,50,110300
20240110,11:47:58,1324.0,100,110350
20240110,11:50:34,1324.4,50,110450
20240110,12:06:05,1340.0,50,110500
20240110,12:19:34,1320.0,50,110500
20240110,12:27:20,1345.0,100,110500
20240110,12:42:32,1335.75,50,110600
20240110,12:45:06,1350.0,100,110600
20240110,12:45:54,1364.85,50,110550
20240110,12:46:49,1364.85,50,110550
20240110,13:06:28,1344.2,100,110550
20240110,13:18:22,1347.5,50,110550
20240110,13:19:09,1346.9,50,110550
20240110,13:20:34,1350.15,50,110550
20240110,13:22:32,1348.55,100,110550
20240110,13:23:10,1346.05,100,110550
20240110,13:38:41,1360.2,100,110550
20240110,13:44:39,1350.0,50,110550
20240110,13:47:44,1351.85,50,110550
20240110,13:49:35,1330.0,100,110550
20240110,13:49:45,1346.95,50,110550
20240110,13:50:08,1348.0,100,110550
20240110,14:03:48,1320.8,50,110550
20240110,14:04:50,1336.0,50,110550
20240110,14:23:27,1336.0,100,110550
20240110,14:26:49,1311.95,100,110550
20240110,14:35:43,1309.25,50,110650
20240110,14:35:55,1307.65,100,110650
20240110,14:38:15,1294.15,50,110700
20240110,14:53:43,1294.15,50,110650
20240110,14:54:24,1290.0,50,110650
20240110,14:57:19,1280.0,50,110750
20240110,15:01:14,1260.0,50,110750
20240110,15:08:39,1260.0,200,110800
20240110,15:12:33,1260.0,50,110800
20240110,15:15:48,1260.05,50,110800
20240110,15:18:04,1254.7,50,110800
20240110,15:18:05,1254.4,50,110800
20240110,15:18:06,1253.95,50,110800
20240110,15:21:31,1253.95,50,110700
20240110,15:24:57,1255.0,50,110700
20240110,15:25:16,1253.95,50,110700
20240110,15:28:05,1255.0,50,110750
20240110,15:29:00,1253.95,50,110750
20240110,15:29:28,1250.0,50,110750
20240111,09:21:27,1236.45,1,110850
20240111,09:21:27,1236.45,50,110850
20240111,09:22:55,1225.0,100,110850
20240111,09:26:40,1225.0,50,110800
20240111,09:46:10,1250.75,50,110800
20240111,10:16:36,1250.75,50,110800
20240111,10:20:06,1270.0,50,110800
20240111,10:21:55,1270.0,50,110800
20240111,10:23:19,1269.6,50,110800
20240111,10:23:56,1269.25,50,110800
20240111,10:29:30,1269.85,100,110800
20240111,10:30:57,1274.5,200,110800
20240111,10:31:06,1275.1,50,110800
20240111,10:33:33,1275.1,50,110800
20240111,10:36:18,1275.1,50,110850
20240111,10:36:54,1269.0,50,110850
20240111,10:37:03,1269.7,100,110850
20240111,10:38:29,1266.0,50,110850
20240111,10:42:13,1264.1,50,110850
20240111,10:50:06,1264.1,50,110850
20240111,10:54:48,1275.0,50,110850
20240111,10:59:03,1297.0,50,110850
20240111,10:59:49,1297.0,50,110850
20240111,11:00:27,1270.45,50,110900
20240111,11:02:21,1270.05,50,110900
20240111,11:08:48,1270.4,100,110900
20240111,11:27:52,1278.7,50,110900
20240111,11:41:14,1273.0,50,110900
20240111,11:42:27,1266.75,50,110900
20240111,11:44:55,1264.95,150,110900
20240111,11:45:12,1264.95,50,110900
20240111,12:08:24,1264.95,100,110950
20240111,12:08:55,1264.95,50,110950
20240111,12:10:48,1265.7,50,110950
20240111,12:13:03,1260.2,50,110950
20240111,12:17:49,1252.75,150,111000
20240111,12:21:11,1269.95,50,111100
20240111,12:22:04,1265.0,50,111100
20240111,12:22:27,1267.5,150,111100
20240111,12:27:56,1257.5,50,110900
20240111,12:28:45,1267.5,100,110900
20240111,12:28:59,1257.25,50,110900
20240111,12:55:34,1257.25,50,111000
20240111,12:55:55,1257.25,300,111000
20240111,12:56:07,1257.25,200,111000
20240111,12:56:19,1257.25,100,111000
20240111,13:02:19,1246.3,50,111600
20240111,13:02:29,1252.0,50,111600
20240111,13:26:45,1263.0,150,111650
20240111,13:27:01,1263.0,50,111650
20240111,13:30:44,1270.0,200,111550
20240111,13:35:01,1272.0,200,111550
20240111,13:35:10,1272.0,100,111550
20240111,13:36:35,1274.0,50,111550
20240111,13:36:46,1274.0,100,111550
20240111,13:44:05,1283.0,50,111700
20240111,13:44:26,1283.0,50,111700
20240111,13:44:34,1283.0,50,111700
20240111,13:44:51,1283.0,150,111700
20240111,13:51:58,1262.0,50,111700
20240111,13:52:51,1262.0,50,111700
20240111,13:53:08,1262.0,50,111700
20240111,13:53:34,1262.0,50,111700
20240111,13:53:43,1262.0,50,111700
20240111,13:54:51,1261.0,50,111700
20240111,13:55:06,1261.0,50,111700
20240111,13:55:42,1260.0,50,111700
20240111,13:55:45,1261.0,50,111700
20240111,13:56:48,1259.95,50,111700
20240111,13:56:49,1259.95,50,111700
20240111,13:56:51,1260.0,50,111700
20240111,13:56:57,1260.0,50,111700
20240111,13:57:01,1260.0,50,111700
20240111,13:58:17,1260.0,50,111700
20240111,13:58:21,1260.0,50,111700
20240111,14:00:06,1260.0,50,111700
20240111,14:00:42,1261.0,100,111700
20240111,14:06:09,1271.0,50,111700
20240111,14:22:34,1318.9,50,111700
20240111,14:27:26,1318.9,100,111750
20240111,14:28:08,1288.85,300,111750
20240111,14:30:56,1279.95,100,111750
20240111,14:34:02,1275.0,50,111750
20240111,14:36:08,1280.0,50,111750
20240111,14:36:11,1279.95,50,111750
20240111,14:36:16,1279.95,50,111750
20240111,14:36:18,1279.85,250,111750
20240111,14:36:23,1280.25,50,111700
20240111,14:36:25,1281.15,100,111700
20240111,14:37:15,1287.2,50,111700
20240111,14:38:19,1285.25,100,111700
20240111,14:38:32,1286.05,100,111700
20240111,14:38:33,1286.05,150,111700
20240111,14:38:43,1286.0,150,111700
20240111,14:39:07,1284.6,50,111700
20240111,14:39:32,1283.65,50,111800
20240111,14:39:40,1283.9,50,111800
20240111,14:40:06,1283.6,50,111800
20240111,14:41:36,1284.35,200,111800
20240111,14:43:08,1287.05,100,111700
20240111,14:43:11,1287.0,50,111700
20240111,14:43:21,1287.0,250,111700
20240111,14:57:13,1278.4,50,111800
20240111,15:00:58,1284.35,100,111800
20240111,15:04:40,1285.0,50,111700
20240111,15:04:50,1280.0,100,111700
20240111,15:08:20,1293.45,50,111650
20240111,15:09:25,1285.45,50,111650
20240111,15:25:06,1281.0,100,111650
20240112,09:15:08,1199.0,1,111550
20240112,09:15:08,1199.0,100,111550
20240112,09:16:38,1243.95,50,111550
20240112,09:18:22,1243.95,200,111500
20240112,09:18:57,1244.45,100,111500
20240112,09:19:02,1235.45,100,111500
20240112,09:24:16,1235.65,100,111450
20240112,09:24:23,1237.1,100,111450
20240112,09:25:28,1238.3,100,111450
20240112,09:27:22,1234.25,100,111450
20240112,09:31:48,1234.25,50,111450
20240112,09:32:03,1234.55,50,111450
20240112,09:53:56,1230.0,50,111550
20240112,09:54:18,1230.0,100,111550
20240112,09:54:47,1230.0,100,111550
20240112,09:55:11,1230.0,100,111550
20240112,09:56:14,1216.55,50,111550
20240112,09:56:40,1218.5,50,111550
20240112,09:57:20,1218.2,50,111550
20240112,09:57:30,1220.0,50,111550
20240112,09:58:58,1220.0,50,111550
20240112,10:01:32,1222.0,300,111550
20240112,10:03:30,1215.0,50,111550
20240112,10:07:18,1200.0,50,111600
20240112,10:13:38,1195.0,100,111600
20240112,10:14:32,1195.0,50,111600
20240112,10:14:47,1195.0,50,111650
20240112,10:15:03,1195.0,50,111650
20240112,10:15:49,1190.0,50,111650
20240112,10:16:52,1190.0,50,111650
20240112,10:17:00,1195.0,100,111650
20240112,10:17:32,1195.0,50,111650
20240112,10:18:55,1195.0,50,111700
20240112,10:19:02,1195.0,50,111700
20240112,10:19:47,1195.0,50,111700
20240112,10:23:03,1205.0,300,111700
20240112,10:28:16,1185.0,50,111700
20240112,10:28:34,1180.0,50,111700
20240112,10:29:01,1180.0,100,111700
20240112,10:41:33,1168.0,50,111800
20240112,10:41:42,1168.0,50,111850
20240112,10:44:28,1174.45,50,111850
20240112,10:51:06,1180.0,100,111900
20240112,10:52:06,1174.8,50,111900
20240112,10:52:18,1180.0,50,111900
20240112,10:56:31,1182.0,100,111800
20240112,10:56:47,1180.0,200,111700
20240112,10:57:02,1180.0,300,111700
20240112,11:03:51,1185.0,50,111700
20240112,11:05:04,1185.0,50,111700
20240112,11:05:24,1185.0,50,111700
20240112,11:06:09,1185.0,50,111700
20240112,11:06:52,1188.0,100,111700
20240112,11:08:12,1185.0,50,111700
20240112,11:11:24,1185.0,50,111700
20240112,11:11:58,1185.0,50,111700
20240112,11:13:48,1190.0,50,111700
20240112,11:14:09,1190.0,300,111700
20240112,11:14:15,1190.0,450,111700
20240112,11:14:36,1190.0,600,111700
20240112,11:17:59,1185.9,50,110850
20240112,11:19:47,1180.45,100,110850
20240112,11:22:09,1182.0,150,110800
20240112,11:22:31,1182.0,50,110800
20240112,11:30:18,1190.0,50,110800
20240112,11:32:33,1185.0,200,110800
20240112,11:35:48,1175.05,50,110600
20240112,11:36:53,1185.0,50,110600
20240112,11:42:31,1179.1,50,110600
20240112,11:48:02,1175.05,50,110550
20240112,11:55:44,1189.05,50,110550
20240112,11:56:05,1189.7,50,110550
20240112,11:56:58,1189.75,50,110650
20240112,11:57:48,1190.0,50,110650
20240112,11:58:40,1190.0,100,110650
20240112,11:59:13,1190.0,100,110650
20240112,12:03:34,1190.0,100,110950
20240112,12:04:25,1195.0,100,110950
20240112,12:08:20,1198.0,200,111050
20240112,12:10:17,1198.05,50,111150
20240112,12:10:24,1200.0,300,111150
20240112,12:12:06,1205.75,150,111450
20240112,12:23:48,1206.4,100,111600
20240112,12:31:56,1195.15,50,111600
20240112,12:32:17,1195.15,50,111600
20240112,12:36:02,1191.05,50,111650
20240112,12:36:19,1196.05,50,111650
20240112,12:42:17,1196.05,50,111600
20240112,12:44:07,1194.05,150,111600
20240112,12:44:08,1194.0,50,111600
20240112,12:44:09,1194.0,100,111600
20240112,12:44:43,1194.0,150,111600
20240112,12:46:57,1190.0,300,112000
20240112,12:50:01,1185.0,50,112000
20240112,12:54:22,1180.0,50,112000
20240112,12:56:30,1175.0,50,112000
20240112,12:57:51,1170.0,50,112050
20240112,12:57:58,1170.0,100,112050
20240112,12:58:14,1170.0,50,112050
20240112,13:04:30,1180.0,150,112050
20240112,13:04:44,1180.0,150,112050
20240112,13:06:38,1179.6,50,112250
20240112,13:06:45,1179.55,300,112250
20240112,13:07:08,1178.95,200,112250
20240112,13:08:23,1179.0,450,112250
20240112,13:08:58,1179.0,100,112250
20240112,13:11:28,1179.0,50,112550
20240112,13:14:57,1181.5,50,112550
20240112,13:15:04,1182.05,150,112650
20240112,13:15:12,1182.05,50,112650
20240112,13:16:00,1182.0,250,112650
20240112,13:18:06,1175.0,300,112950
20240112,13:18:34,1175.0,200,112950
20240112,13:22:49,1180.0,100,113250
20240112,13:24:03,1180.0,100,113250
20240112,13:26:37,1180.0,100,113450
20240112,13:26:58,1180.0,50,113450
20240112,13:27:18,1180.0,50,113600
20240112,13:27:25,1180.0,50,113600
20240112,13:27:40,1185.2,50,113600
20240112,13:27:48,1180.0,200,113600
20240112,13:27:56,1170.35,50,113600
20240112,13:30:17,1180.0,50,113850
20240112,13:30:35,1180.0,50,113850
20240112,13:31:33,1180.05,100,113850
20240112,13:31:43,1180.0,150,113850
20240112,13:31:53,1179.15,200,113850
20240112,13:32:08,1179.15,50,113850
20240112,13:34:07,1174.7,100,114300
20240112,13:34:40,1180.05,100,114300
20240112,13:34:47,1180.0,50,114300
20240112,13:36:20,1180.0,200,114450
20240112,13:36:30,1180.0,150,114450
20240112,13:39:27,1175.35,50,114750
20240112,13:41:34,1168.0,100,114750
20240112,13:41:44,1173.85,100,114750
20240112,13:42:04,1172.9,50,114750
20240112,13:42:35,1173.35,50,114900
20240112,13:42:44,1173.35,100,114900
20240112,13:43:24,1175.3,50,114900
20240112,13:46:26,1175.0,50,115100
20240112,13:46:43,1174.0,50,115100
20240112,13:47:01,1174.0,50,115100
20240112,13:48:05,1175.0,50,115250
20240112,13:51:56,1170.0,50,115250
20240112,13:53:19,1166.0,50,115300
20240112,14:00:14,1166.0,50,115350
20240112,14:07:39,1180.0,50,115350
20240112,14:08:27,1180.05,50,115350
20240112,14:08:43,1180.05,50,115350
20240112,14:09:00,1172.25,400,115350
20240112,14:17:08,1172.0,300,115800
20240112,14:18:56,1167.85,50,116100
20240112,14:18:59,1168.0,50,116100
20240112,14:19:01,1167.5,50,116100
20240112,14:19:12,1167.2,50,116100
20240112,14:19:28,1168.95,50,116100
20240112,14:19:35,1169.0,200,116100
20240112,14:26:45,1169.0,50,115950
20240112,14:27:01,1169.0,350,115950
20240112,14:31:19,1163.0,100,116250
20240112,14:34:12,1163.0,150,116350
20240112,14:35:50,1163.0,150,116350
20240112,14:36:00,1163.0,50,116350
20240112,14:36:02,1163.0,150,116350
20240112,14:36:04,1163.0,50,116350
20240112,14:36:14,1160.0,50,116350
20240112,14:36:19,1160.0,50,116700
20240112,14:37:09,1158.0,50,116700
20240112,14:37:58,1158.0,50,116700
20240112,14:38:42,1157.55,50,116700
20240112,14:39:11,1157.3,50,116700
