date,time,tick_price,volume,open_interest
20231027,09:34:02,124.35,100,100
20231027,09:36:49,128.0,50,100
20231027,09:47:41,128.0,50,150
20231027,09:51:47,110.0,600,200
20231027,10:13:24,110.0,50,800
20231027,10:15:01,114.9,50,800
20231027,10:17:13,114.9,50,800
20231027,10:21:12,113.45,50,800
20231027,10:21:45,113.8,50,850
20231027,10:21:51,112.0,200,850
20231027,10:22:41,112.0,100,850
20231027,10:23:01,115.0,200,850
20231027,10:26:37,116.15,50,1300
20231027,10:27:30,116.15,50,1300
20231027,10:27:43,116.15,50,1300
20231027,10:28:40,118.0,150,1300
20231027,10:28:46,118.0,250,1300
20231027,10:29:43,117.4,100,1800
20231027,10:38:02,117.0,350,1800
20231027,10:47:03,115.95,50,1900
20231027,10:51:24,109.0,150,1900
20231027,10:51:47,109.0,50,1900
20231027,10:51:53,111.0,50,1900
20231027,10:52:55,110.0,300,1900
20231027,10:54:52,113.85,50,2300
20231027,11:02:33,107.9,200,2250
20231027,11:02:51,107.9,50,2250
20231027,11:04:56,107.9,50,2250
20231027,11:05:26,107.6,100,2250
20231027,11:05:32,109.0,50,2550
20231027,11:05:38,107.9,100,2550
20231027,11:08:31,109.3,50,2550
20231027,11:10:46,108.65,100,2750
20231027,11:12:10,108.95,250,2800
20231027,11:13:51,108.25,100,2800
20231027,11:14:03,108.3,150,2800
20231027,11:18:00,108.65,50,3150
20231027,11:18:28,108.2,250,3150
20231027,11:18:50,108.2,250,3150
20231027,11:19:06,108.2,100,3150
20231027,11:19:12,108.25,50,3150
20231027,11:21:02,108.2,50,3850
20231027,11:22:01,108.2,100,3850
20231027,11:22:47,108.2,50,3850
20231027,11:22:58,108.2,200,3850
20231027,11:23:44,108.2,100,4250
20231027,11:23:50,108.2,400,4250
20231027,11:23:56,107.5,50,4250
20231027,11:24:28,105.8,200,4250
20231027,11:24:34,105.5,150,4250
20231027,11:24:48,104.55,50,4250
20231027,11:33:41,104.15,50,5000
20231027,11:35:21,104.15,50,5000
20231027,11:38:47,105.0,100,5000
20231027,11:39:54,105.5,50,5000
20231027,11:40:06,105.5,50,5000
20231027,11:44:06,108.0,100,5050
20231027,11:44:12,105.5,50,5050
20231027,11:44:19,105.5,50,5050
20231027,11:45:47,106.0,50,5250
20231027,11:45:58,106.0,50,5250
20231027,11:47:45,105.5,100,5250
20231027,11:50:37,105.1,200,5250
20231027,11:50:43,104.25,250,5250
20231027,11:51:19,104.25,200,5250
20231027,11:51:25,104.25,50,5250
20231027,11:51:53,104.25,50,5250
20231027,11:54:36,104.25,50,5700
20231027,11:55:45,105.0,50,5700
20231027,11:58:13,104.25,50,5800
20231027,11:59:39,104.25,150,5800
20231027,12:01:22,104.25,50,5950
20231027,12:01:55,104.25,50,5950
20231027,12:04:12,105.0,50,6000
20231027,12:05:51,104.25,50,6050
20231027,12:08:57,105.0,50,6100
20231027,12:09:03,105.85,50,6100
20231027,12:09:39,106.0,100,6100
20231027,12:09:51,107.0,100,6100
20231027,12:09:57,107.2,250,6100
20231027,12:19:09,108.5,500,6650
20231027,12:19:59,105.35,50,6650
20231027,12:20:05,105.6,100,6650
20231027,12:20:29,106.0,50,6650
20231027,12:21:15,106.0,200,7150
20231027,12:22:17,105.2,50,7150
20231027,12:22:33,107.1,100,7150
20231027,12:28:56,107.05,50,7450
20231027,12:29:08,107.1,50,7450
20231027,12:31:30,108.0,50,7550
20231027,12:31:36,108.5,300,7550
20231027,12:32:05,107.0,100,7550
20231027,12:32:44,108.5,50,7850
20231027,12:32:58,108.5,50,7850
20231027,12:34:23,111.2,50,7850
20231027,12:34:42,111.0,50,7850
20231027,12:35:34,109.25,50,7850
20231027,12:36:29,109.2,100,8000
20231027,12:36:58,109.2,50,8000
20231027,12:37:54,109.2,50,8000
20231027,12:44:10,110.1,1200,8200
20231027,12:48:53,109.0,50,9350
20231027,12:48:59,110.5,400,9350
20231027,12:49:05,110.5,50,9350
20231027,12:49:59,109.2,50,9350
20231027,12:50:05,109.15,100,9350
20231027,12:50:41,109.15,50,9350
20231027,12:52:19,109.15,50,9900
20231027,12:56:30,110.45,50,9900
20231027,12:59:44,110.1,150,9950
20231027,13:01:23,110.1,250,10100
20231027,13:10:52,109.1,50,10350
20231027,13:10:58,109.1,550,10350
20231027,13:20:27,107.85,50,10950
20231027,13:23:37,103.5,350,10900
20231027,13:29:06,103.5,100,10950
20231027,13:29:11,107.0,100,10950
20231027,13:30:47,107.0,50,11150
20231027,13:31:17,107.0,100,11150
20231027,13:32:50,107.0,350,11150
20231027,13:36:28,105.25,50,11650
20231027,13:36:34,105.25,150,11650
20231027,13:37:07,105.0,50,11650
20231027,13:44:36,105.0,100,11650
20231027,13:47:09,105.65,50,11650
20231027,13:47:54,105.65,450,11650
20231027,13:54:54,102.0,150,12000
20231027,13:55:06,102.0,200,12000
20231027,14:01:35,102.0,50,12000
20231027,14:04:23,102.0,300,12050
20231027,14:05:15,102.55,50,12050
20231027,14:05:32,102.55,50,12050
20231027,14:27:50,99.5,50,12100
20231027,14:30:53,99.0,50,12100
20231027,14:32:04,98.0,50,12100
20231027,14:32:10,98.0,100,12100
20231027,14:32:17,98.0,100,12100
20231027,14:35:31,98.0,200,12200
20231027,14:38:43,98.0,50,12350
20231027,14:41:41,100.0,100,12350
20231027,14:43:05,100.0,50,12500
20231027,14:43:41,100.65,400,12500
20231027,14:43:47,101.0,50,12500
20231027,14:43:53,101.0,50,12500
20231027,14:44:48,100.0,50,12500
20231027,14:51:19,101.1,50,13100
20231027,14:51:32,101.45,50,13100
20231027,14:51:45,102.0,150,13100
20231027,14:53:03,101.1,250,13100
20231027,14:53:42,101.0,50,13100
20231027,14:57:55,100.0,50,13100
20231027,15:00:33,100.2,50,13150
20231027,15:01:38,101.5,250,13150
20231027,15:01:51,101.95,50,13150
20231027,15:01:57,102.0,150,13150
20231027,15:05:10,102.1,150,13600
20231027,15:05:48,102.1,100,13600
20231027,15:06:52,102.0,150,13750
20231027,15:07:11,102.5,200,13750
20231027,15:07:18,102.65,250,13750
20231027,15:08:08,104.1,500,13750
20231027,15:08:14,104.1,250,13750
20231027,15:16:40,102.0,700,14900
20231027,15:18:16,103.0,600,15500
20231027,15:18:46,103.0,600,15500
20231027,15:19:04,103.0,700,15500
20231027,15:19:52,103.0,500,15500
20231027,15:19:58,103.0,350,15500
20231027,15:20:28,104.0,1750,15500
20231027,15:20:41,104.0,50,15500
20231027,15:21:43,104.0,50,17750
20231027,15:21:49,104.0,150,17750
20231027,15:22:07,104.0,200,17750
20231027,15:22:49,104.05,150,17750
20231027,15:25:36,104.0,50,18300
20231027,15:25:42,104.0,100,18300
20231027,15:25:49,104.0,200,18300
20231027,15:25:55,104.0,200,18300
20231027,15:26:08,104.0,100,18300
20231027,15:26:14,105.0,500,18300
20231027,15:26:20,105.0,300,18300
20231027,15:26:35,105.0,250,18300
20231027,15:27:08,106.0,1800,18300
20231027,15:27:34,107.0,400,21750
20231027,15:27:41,107.0,300,21750
20231027,15:28:01,107.0,150,21750
20231027,15:28:09,107.0,800,21750
20231027,15:28:28,108.0,1150,21750
20231027,15:29:05,105.0,100,21750
20231027,15:29:19,102.25,300,21750
20231030,09:15:20,102.45,1,21750
20231030,09:15:20,102.45,50,21750
20231030,09:15:22,116.95,150,24650
20231030,09:15:25,116.95,50,24650
20231030,09:15:26,115.65,100,24650
20231030,09:15:27,112.5,300,24650
20231030,09:15:28,114.65,300,24650
20231030,09:15:31,112.85,50,24650
20231030,09:18:15,116.15,300,25450
20231030,09:19:46,108.0,250,25450
20231030,09:19:53,108.0,200,25450
20231030,09:19:59,104.4,250,25450
20231030,09:20:34,107.95,50,26000
20231030,09:21:15,107.75,200,26000
20231030,09:21:29,107.0,50,26000
20231030,09:21:56,119.0,350,26000
20231030,09:22:56,119.0,50,26000
20231030,09:23:16,110.0,150,26000
20231030,09:24:23,111.1,50,26550
20231030,09:24:51,112.85,100,26550
20231030,09:25:32,113.0,200,26550
20231030,09:26:34,109.8,50,26700
20231030,09:27:34,110.15,50,26700
20231030,09:28:20,111.95,50,26700
20231030,09:29:07,109.05,50,26700
20231030,09:29:21,111.5,50,26700
20231030,09:29:35,110.3,50,26700
20231030,09:30:02,111.9,100,26700
20231030,09:30:17,112.0,100,26700
20231030,09:31:02,115.0,100,26700
20231030,09:31:10,113.95,150,26700
20231030,09:31:39,115.05,100,26700
20231030,09:31:46,118.8,50,26700
20231030,09:33:58,117.4,50,26700
20231030,09:34:20,119.0,50,26700
20231030,09:34:27,120.0,150,26700
20231030,09:35:24,124.0,200,26700
20231030,09:36:12,124.0,100,26700
20231030,09:37:21,124.0,250,26700
20231030,09:37:28,123.95,100,26700
20231030,09:39:26,120.0,100,27100
20231030,09:40:34,120.0,50,27100
20231030,09:42:16,119.0,150,27150
20231030,09:42:23,122.0,200,27150
20231030,09:43:12,122.0,50,27150
20231030,09:45:22,122.0,150,27050
20231030,09:49:09,122.05,50,27050
20231030,09:49:23,122.0,50,27050
20231030,09:50:50,121.0,50,27100
20231030,09:52:09,121.0,300,27100
20231030,09:52:15,118.8,400,27100
20231030,09:52:21,120.95,100,27100
20231030,09:52:28,121.0,50,27100
20231030,09:52:41,121.0,200,27100
20231030,09:55:00,124.05,100,27150
20231030,09:58:44,124.05,50,27150
20231030,09:59:04,121.0,50,27150
20231030,10:00:03,120.0,100,27200
20231030,10:00:10,120.0,100,27200
20231030,10:03:04,120.0,100,27300
20231030,10:03:26,117.25,50,27300
20231030,10:03:41,117.2,200,27300
20231030,10:05:37,115.0,200,27550
20231030,10:06:38,113.95,50,27550
20231030,10:09:44,115.95,50,27550
20231030,10:10:40,113.7,100,27550
20231030,10:10:48,112.0,50,27550
20231030,10:11:03,111.35,50,27550
20231030,10:11:10,111.0,200,27550
20231030,10:11:17,112.0,50,27550
20231030,10:11:44,111.0,200,27800
20231030,10:13:01,110.95,50,27800
20231030,10:14:52,110.25,150,27850
20231030,10:15:33,110.25,50,27850
20231030,10:15:47,110.4,50,27850
20231030,10:16:28,110.7,200,27850
20231030,10:16:42,110.75,100,27850
20231030,10:16:49,111.0,600,27850
20231030,10:17:15,111.95,50,27850
20231030,10:18:03,111.0,250,27900
20231030,10:18:17,110.0,100,27900
20231030,10:18:25,110.0,200,27900
20231030,10:20:49,105.05,100,28250
20231030,10:23:00,102.0,50,28250
20231030,10:26:26,96.3,250,28250
20231030,10:28:07,96.3,50,28350
20231030,10:29:19,101.4,200,28350
20231030,10:31:39,101.35,50,28400
20231030,10:34:00,101.05,50,28400
20231030,10:34:21,102.0,50,28400
20231030,10:34:34,101.0,50,28400
20231030,10:34:48,101.0,50,28400
20231030,10:38:48,104.0,50,28400
20231030,10:44:40,102.0,200,28400
20231030,10:46:09,101.0,50,28400
20231030,10:46:16,101.0,150,28400
20231030,10:46:22,100.0,50,28400
20231030,10:46:44,100.0,150,28400
20231030,10:46:51,100.0,100,28400
20231030,10:47:05,100.0,100,28400
20231030,10:47:32,100.0,50,28400
20231030,10:48:13,100.0,350,28700
20231030,10:49:30,97.7,50,28700
20231030,10:49:45,97.5,50,28700
20231030,10:50:55,100.0,500,29100
20231030,10:53:12,100.0,200,29100
20231030,10:54:34,100.0,100,29100
20231030,10:55:40,100.0,50,29800
20231030,10:57:01,100.0,100,29850
20231030,10:58:28,99.5,300,29850
20231030,10:58:41,99.5,250,29850
20231030,11:01:57,100.45,350,30500
20231030,11:02:04,100.5,50,30500
20231030,11:03:16,99.45,50,30400
20231030,11:03:30,101.0,50,30400
20231030,11:04:03,101.0,100,30400
20231030,11:05:21,100.75,250,30400
20231030,11:10:16,100.5,100,30350
20231030,11:18:52,100.0,100,30450
20231030,11:19:50,99.4,50,30450
20231030,11:20:26,101.0,100,30450
20231030,11:20:47,101.55,50,30400
20231030,11:25:29,100.0,50,30400
20231030,11:29:13,99.5,550,30450
20231030,11:29:20,99.5,50,30450
20231030,11:30:31,97.3,200,30450
20231030,11:32:35,96.7,150,30450
20231030,11:33:04,96.7,50,30450
20231030,11:34:01,96.7,150,30450
20231030,11:34:52,96.7,50,30450
20231030,11:36:06,98.25,50,30450
20231030,11:36:27,96.75,50,30450
20231030,11:38:55,96.7,150,30500
20231030,11:39:21,96.7,100,30500
20231030,11:41:29,95.0,50,30500
20231030,11:43:27,95.0,50,30400
20231030,11:43:52,95.05,100,30400
20231030,11:45:25,91.55,300,30500
20231030,11:45:38,91.55,300,30500
20231030,11:45:45,94.95,450,30500
20231030,11:45:52,94.95,250,30500
20231030,11:46:31,94.0,250,30500
20231030,11:46:38,94.0,50,30500
20231030,11:47:53,97.0,300,30450
20231030,11:48:00,97.0,400,30450
20231030,11:51:07,94.0,50,30550
20231030,11:52:24,94.65,50,30550
20231030,11:53:47,95.45,100,30550
20231030,11:53:53,95.5,200,30550
20231030,11:56:47,94.45,100,30450
20231030,11:57:13,95.5,100,30450
20231030,11:59:28,93.0,50,30450
20231030,12:01:34,90.55,650,30350
20231030,12:04:39,90.55,50,30550
20231030,12:05:06,91.0,50,30550
20231030,12:05:32,91.05,50,30550
20231030,12:07:52,91.2,250,30650
20231030,12:08:55,91.2,400,30850
20231030,12:09:53,91.55,250,30850
20231030,12:10:46,92.75,150,30850
20231030,12:14:58,94.0,50,31250
20231030,12:16:26,95.5,50,31250
20231030,12:19:26,97.0,100,31250
20231030,12:22:51,95.75,50,31250
20231030,12:26:25,95.0,150,31300
20231030,12:27:10,94.75,50,31300
20231030,12:27:22,95.0,400,31300
20231030,12:27:28,95.0,800,31300
20231030,12:27:35,96.45,650,31300
20231030,12:34:33,102.5,600,31600
20231030,12:35:43,96.0,50,31600
20231030,12:36:59,95.1,100,31200
20231030,12:39:10,94.85,50,31300
20231030,12:40:24,96.15,50,31300
20231030,12:43:05,96.45,150,31350
20231030,12:43:39,95.95,50,31350
20231030,12:43:45,95.9,50,31350
20231030,12:49:43,94.6,50,31450
20231030,12:49:55,94.45,50,31450
20231030,12:51:24,94.15,100,31500
20231030,12:54:34,93.9,50,31600
20231030,12:54:52,93.5,100,31600
20231030,12:55:11,94.3,50,31600
20231030,12:56:55,94.85,150,31800
20231030,12:57:01,94.85,50,31800
20231030,12:57:07,95.0,100,31800
20231030,13:02:14,95.65,50,32000
20231030,13:06:22,95.0,50,32000
20231030,13:09:56,95.65,50,32050
20231030,13:13:27,95.1,50,32100
20231030,13:14:17,93.3,100,32100
20231030,13:17:01,95.0,50,32150
20231030,13:17:19,95.0,50,32150
20231030,13:17:30,94.5,250,32150
20231030,13:18:16,93.6,100,32250
20231030,13:20:56,94.0,100,32250
20231030,13:21:09,93.35,50,32250
20231030,13:21:32,94.35,50,32250
20231030,13:28:35,94.0,900,32350
20231030,13:28:41,93.3,750,32350
20231030,13:32:25,93.9,50,33150
20231030,13:33:29,91.6,100,33150
20231030,13:34:19,92.0,50,33150
20231030,13:34:25,92.0,50,33150
20231030,13:38:53,92.5,150,33200
20231030,13:43:47,92.5,50,33350
20231030,13:49:49,93.0,50,33400
20231030,13:50:15,92.9,50,33400
20231030,13:52:11,95.0,150,33500
20231030,13:59:33,92.25,50,33400
20231030,14:04:27,94.55,150,33450
20231030,14:05:27,95.0,50,33450
20231030,14:05:47,96.0,150,33450
20231030,14:05:54,96.1,400,33450
20231030,14:06:13,97.4,200,33500
20231030,14:06:39,97.5,200,33500
20231030,14:07:29,93.85,200,33500
20231030,14:07:55,96.6,150,33500
20231030,14:08:26,96.2,150,33500
20231030,14:08:57,96.5,150,33500
20231030,14:12:34,93.1,100,33900
20231030,14:21:25,94.5,50,33900
20231030,14:21:45,94.45,50,33900
20231030,14:25:09,95.95,100,34000
20231030,14:25:48,96.0,350,34000
20231030,14:25:56,96.25,150,34000
20231030,14:26:02,96.5,50,34000
20231030,14:35:36,94.85,50,34500
20231030,14:35:55,94.4,200,34500
20231030,14:36:08,94.6,200,34500
20231030,14:36:15,94.0,50,34700
20231030,14:37:42,94.9,250,34700
20231030,14:41:22,95.0,50,34850
20231030,14:48:45,92.8,50,34900
20231030,14:49:23,92.8,150,34900
20231030,14:51:01,92.1,50,34900
20231030,14:51:07,92.1,50,34900
20231030,15:04:48,92.1,50,35100
20231030,15:06:01,92.05,50,35100
20231030,15:06:08,92.0,50,35100
20231030,15:10:37,91.85,50,35050
20231030,15:10:51,91.85,250,35050
20231030,15:10:58,91.85,150,35050
20231030,15:11:05,91.6,50,35050
20231030,15:12:25,91.75,100,35200
20231030,15:13:50,91.65,800,35200
20231030,15:13:54,92.0,600,35200
20231030,15:14:03,92.0,100,35200
20231030,15:15:41,94.0,50,36300
20231030,15:22:08,92.25,50,36350
20231030,15:23:01,92.25,200,36350
20231030,15:24:00,92.55,200,36350
20231030,15:26:30,93.5,50,36600
20231030,15:27:40,91.8,50,36600
20231030,15:28:02,90.15,200,36600
20231030,15:29:03,90.15,50,36600
20231030,15:29:34,90.0,50,36600
20231031,09:15:25,85.0,1,35750
20231031,09:15:25,85.0,50,35750
20231031,09:18:57,87.95,200,35750
20231031,09:19:29,88.0,50,35750
20231031,09:19:41,88.0,50,35750
20231031,09:19:54,89.6,100,35750
20231031,09:22:22,89.6,50,35950
20231031,09:23:18,88.25,100,35950
20231031,09:23:24,89.0,50,35950
20231031,09:23:55,89.0,50,36100
20231031,09:24:26,89.0,50,36100
20231031,09:24:39,89.95,250,36100
20231031,09:26:24,90.05,50,36100
20231031,09:26:31,90.05,150,36250
20231031,09:27:52,91.0,300,36250
20231031,09:28:47,91.35,50,36250
20231031,09:28:53,91.35,50,36250
20231031,09:31:19,92.45,50,36650
20231031,09:31:51,92.85,50,36650
20231031,09:32:23,92.9,50,36650
20231031,09:32:41,93.9,50,36800
20231031,09:32:48,95.0,50,36800
20231031,09:33:34,95.0,50,36800
20231031,09:33:40,93.0,100,36800
20231031,09:33:46,94.9,100,36800
20231031,09:33:52,95.0,150,36800
20231031,09:34:18,95.5,150,36800
20231031,09:34:24,96.0,50,36800
20231031,09:34:56,96.0,50,36800
20231031,09:35:21,93.15,200,36800
20231031,09:36:23,93.15,200,37250
20231031,09:36:37,93.15,50,37250
20231031,09:36:43,93.15,550,37250
20231031,09:41:09,92.0,50,37750
20231031,09:41:58,90.25,50,37800
20231031,09:42:53,92.0,150,37800
20231031,09:44:41,92.0,50,37700
20231031,09:45:00,92.0,50,37700
20231031,09:45:13,92.0,250,37700
20231031,09:46:21,92.9,100,37700
20231031,09:47:03,93.9,50,37700
20231031,09:47:15,94.5,150,37700
20231031,09:47:22,94.9,50,37700
20231031,09:47:29,95.0,50,37700
20231031,09:48:33,94.0,50,37800
20231031,09:48:45,94.65,100,37800
20231031,09:50:34,94.65,100,37800
20231031,09:50:46,95.0,200,38050
20231031,09:51:00,95.15,250,38050
20231031,09:51:06,95.45,50,38050
20231031,09:52:53,93.55,50,38050
20231031,09:55:23,95.0,50,38550
20231031,09:55:29,95.9,50,38550
20231031,09:56:37,96.45,150,38750
20231031,09:56:58,96.45,50,38750
20231031,09:58:44,96.55,50,38750
20231031,10:02:49,96.55,150,38850
20231031,10:02:56,94.0,500,38850
20231031,10:03:16,94.5,500,38850
20231031,10:08:19,94.5,600,39950
20231031,10:09:24,96.9,50,40250
20231031,10:10:44,99.0,50,40250
20231031,10:11:37,99.05,100,40250
20231031,10:12:09,99.05,250,40350
20231031,10:13:06,99.0,100,40350
20231031,10:15:15,99.6,200,40300
20231031,10:15:27,99.75,100,40300
20231031,10:15:40,99.75,50,40300
20231031,10:16:19,99.0,400,40300
20231031,10:16:38,97.4,100,40300
20231031,10:16:57,97.5,50,40300
20231031,10:18:07,97.5,50,40250
20231031,10:18:38,98.0,150,40250
20231031,10:18:57,98.5,100,40250
20231031,10:19:03,99.0,300,40250
20231031,10:20:47,97.45,50,40750
20231031,10:21:05,97.05,50,40750
20231031,10:21:18,97.05,50,40750
20231031,10:23:06,99.5,250,40750
20231031,10:23:39,100.55,50,41050
20231031,10:25:55,100.55,300,41050
20231031,10:28:43,98.85,50,41050
20231031,10:29:03,98.9,100,41050
20231031,10:31:27,99.1,50,41150
20231031,10:31:40,99.1,100,41150
20231031,10:31:59,99.45,50,41150
20231031,10:32:12,100.0,150,41150
20231031,10:32:58,100.2,150,41400
20231031,10:38:05,98.95,100,41550
20231031,10:41:29,98.25,100,41600
20231031,10:42:00,98.85,50,41700
20231031,10:42:06,99.0,50,41700
20231031,10:42:41,99.45,50,41700
20231031,10:43:14,99.9,100,41700
20231031,10:43:28,100.45,50,41700
20231031,10:43:35,100.5,50,41700
20231031,10:44:36,100.9,100,41700
20231031,10:45:01,100.9,50,42150
20231031,10:48:59,101.55,50,42150
20231031,10:51:15,102.6,50,42100
20231031,10:51:47,102.6,50,42100
20231031,10:52:07,100.75,100,42100
20231031,10:52:13,100.55,100,42100
20231031,10:52:26,101.0,50,42100
20231031,10:52:32,101.05,100,42100
20231031,10:54:56,102.0,50,42350
20231031,10:55:19,101.95,50,42350
20231031,10:55:37,102.05,100,42350
20231031,10:56:37,101.05,50,42350
20231031,11:00:08,100.0,50,42450
20231031,11:04:10,100.0,50,42450
20231031,11:04:52,100.0,100,42450
20231031,11:05:41,100.0,150,42350
20231031,11:05:53,100.0,50,42350
20231031,11:06:34,99.5,150,42350
20231031,11:12:34,99.35,50,42500
20231031,11:14:02,99.3,50,42500
20231031,11:15:48,97.0,100,42600
20231031,11:19:04,96.9,50,42650
20231031,11:19:09,97.45,50,42650
20231031,11:19:15,97.45,50,42650
20231031,11:19:22,97.9,100,42650
20231031,11:20:26,98.45,50,42650
20231031,11:21:02,97.0,50,42950
20231031,11:21:08,97.25,50,42950
20231031,11:21:14,97.65,50,42950
20231031,11:21:21,98.0,100,42950
20231031,11:21:44,97.75,50,42950
20231031,11:22:14,98.0,50,42950
20231031,11:23:13,98.0,50,42950
20231031,11:23:56,95.8,150,43300
20231031,11:26:15,95.95,100,43300
20231031,11:28:40,96.9,50,43350
20231031,11:28:46,97.15,100,43350
20231031,11:29:44,96.4,50,43350
20231031,11:29:50,96.5,50,43450
20231031,11:31:51,96.5,100,43450
20231031,11:37:17,96.85,50,43500
20231031,11:39:28,97.55,100,43550
20231031,11:41:38,98.7,50,43550
20231031,11:41:45,98.9,150,43550
20231031,11:41:51,99.0,50,43700
20231031,11:42:05,99.45,50,43700
20231031,11:42:57,99.1,50,43700
20231031,11:45:06,99.45,50,43850
20231031,11:48:40,99.75,50,43900
20231031,11:49:22,99.9,50,43900
20231031,11:49:35,100.0,500,43900
20231031,11:49:50,101.0,150,43900
20231031,11:57:24,101.35,50,44650
20231031,11:57:35,101.0,150,44650
20231031,12:01:42,102.45,50,44550
20231031,12:02:49,100.95,50,44600
20231031,12:02:55,100.5,50,44600
20231031,12:04:01,100.1,50,44600
20231031,12:39:21,96.65,50,44550
20231031,12:39:33,96.6,100,44550
20231031,12:46:50,96.15,100,44550
20231031,12:49:42,99.0,150,44650
20231031,12:54:04,98.6,50,44600
20231031,12:59:36,97.4,150,44650
20231031,12:59:37,97.35,100,44650
20231031,13:01:39,96.75,350,44500
20231031,13:06:56,95.35,50,44800
20231031,13:07:24,95.3,50,44800
20231031,13:07:30,95.3,250,44800
20231031,13:07:36,95.05,100,44800
20231031,13:12:23,94.95,50,45150
20231031,13:17:45,94.3,50,45200
20231031,13:17:57,94.5,50,45200
20231031,13:18:42,95.0,50,45250
20231031,13:22:41,95.25,150,45250
20231031,13:23:54,96.0,50,45250
20231031,13:24:48,96.5,250,45400
20231031,13:25:26,97.0,100,45400
20231031,13:25:32,97.0,100,45400
20231031,13:25:38,97.0,400,45400
20231031,13:29:57,94.0,100,46200
20231031,13:30:11,92.15,50,46150
20231031,13:31:27,92.1,100,46150
20231031,13:31:33,91.7,1500,46150
20231031,13:32:12,93.4,100,46150
20231031,13:32:47,93.4,50,46150
20231031,13:32:54,93.9,100,46150
20231031,13:33:14,94.0,50,47800
20231031,13:33:27,94.25,50,47800
20231031,13:33:33,94.5,550,47800
20231031,13:34:17,94.9,50,47800
20231031,13:34:47,95.45,50,47800
20231031,13:34:54,95.9,150,47800
20231031,13:36:14,96.25,300,48600
20231031,13:36:57,96.25,100,48600
20231031,13:39:59,95.65,50,49000
20231031,13:40:41,95.0,150,49000
20231031,13:43:11,95.05,50,49000
20231031,13:44:32,94.2,50,49000
20231031,13:45:12,94.2,100,49100
20231031,13:45:39,94.0,200,49100
20231031,13:45:40,94.0,50,49100
20231031,13:45:56,93.45,50,49100
20231031,13:51:18,93.85,50,49350
20231031,13:52:28,93.55,50,49350
20231031,13:52:45,93.55,50,49350
20231031,13:54:19,92.75,50,49450
20231031,13:56:11,92.7,200,49450
20231031,13:57:17,92.25,100,49550
20231031,13:59:48,94.2,150,49550
20231031,14:00:00,94.25,250,49550
20231031,14:00:12,94.3,300,49900
20231031,14:00:24,94.3,100,49900
20231031,14:00:30,94.5,50,49900
20231031,14:00:42,94.5,250,49900
20231031,14:00:48,94.5,50,49900
20231031,14:01:06,94.55,50,49900
20231031,14:01:17,94.55,100,49900
20231031,14:02:16,94.25,50,49900
20231031,14:02:22,94.7,100,49900
20231031,14:02:28,94.75,150,49900
20231031,14:02:40,94.7,50,49900
20231031,14:03:15,94.0,50,50850
20231031,14:03:21,94.05,50,50850
20231031,14:04:34,94.05,50,50850
20231031,14:05:07,94.1,50,50850
20231031,14:05:46,93.7,50,50850
20231031,14:10:16,93.0,150,50850
20231031,14:11:30,93.05,50,50850
20231031,14:12:27,92.65,50,50800
20231031,14:13:44,92.8,50,50800
20231031,14:13:49,92.8,50,50800
20231031,14:15:35,92.7,150,50800
20231031,14:18:20,90.05,50,50750
20231031,14:18:41,90.55,50,50750
20231031,14:18:47,90.05,100,50750
20231031,14:18:54,90.0,500,50750
20231031,14:19:00,90.05,100,50750
20231031,14:20:30,90.05,50,50750
20231031,14:20:38,90.05,50,50750
20231031,14:22:22,90.05,50,50400
20231031,14:23:49,90.05,50,50400
20231031,14:24:11,90.0,100,50400
20231031,14:25:54,90.75,50,50400
20231031,14:28:11,90.0,500,50400
20231031,14:28:49,90.0,600,50400
20231031,14:29:01,90.0,250,50400
20231031,14:32:28,88.7,100,49550
20231031,14:34:49,89.1,150,49450
20231031,14:36:03,90.0,100,49450
20231031,14:37:34,90.5,150,49250
20231031,14:38:03,90.5,300,49250
20231031,14:38:18,90.5,150,49250
20231031,14:38:46,91.15,150,49250
20231031,14:39:42,89.45,50,49250
20231031,14:41:04,89.75,50,49250
20231031,14:41:58,90.0,150,49250
20231031,14:42:52,90.1,50,49150
20231031,14:44:49,90.25,100,49150
20231031,14:45:02,90.05,100,49150
20231031,14:45:28,89.65,100,49150
20231031,14:45:53,89.8,150,49150
20231031,14:46:47,90.05,100,49150
20231031,14:49:42,89.95,750,48950
20231031,14:50:00,90.4,150,48950
20231031,14:50:42,89.4,50,48950
20231031,14:55:05,90.9,50,48850
20231031,14:55:27,91.45,50,48850
20231031,14:55:56,91.9,50,48850
20231031,14:58:34,93.0,50,49000
20231031,14:58:53,93.0,50,49000
20231031,15:00:31,94.0,150,49050
20231031,15:00:46,94.45,50,49050
20231031,15:01:01,95.65,750,49050
20231031,15:01:08,95.9,150,49050
20231031,15:01:23,94.3,50,49050
20231031,15:01:41,94.55,50,49050
20231031,15:01:48,94.95,100,49050
20231031,15:01:55,95.45,300,49050
20231031,15:02:03,96.0,200,49050
20231031,15:02:11,96.0,100,49050
20231031,15:02:20,96.25,700,49050
20231031,15:02:27,96.2,100,49050
20231031,15:02:35,95.25,250,49050
20231031,15:02:42,95.4,100,49050
20231031,15:02:49,95.45,400,49050
20231031,15:02:56,96.0,200,49050
20231031,15:03:03,96.25,100,49050
20231031,15:03:16,95.9,100,49050
20231031,15:03:23,95.9,100,52450
20231031,15:03:30,95.95,250,52450
20231031,15:03:45,95.95,150,52450
20231031,15:03:51,96.75,150,52450
20231031,15:03:58,94.5,100,52450
20231031,15:04:32,95.3,50,52450
20231031,15:04:45,95.95,500,52450
20231031,15:04:51,95.95,300,52450
20231031,15:05:05,96.7,500,52450
20231031,15:05:32,98.0,50,52450
20231031,15:05:46,99.35,50,52450
20231031,15:05:59,99.55,250,52450
20231031,15:08:08,99.0,350,53400
20231031,15:08:45,99.55,50,53400
20231031,15:08:57,98.35,50,53400
20231031,15:09:35,96.45,200,53400
20231031,15:13:47,93.6,100,53450
20231031,15:17:26,93.8,100,53450
20231031,15:17:52,93.7,100,53450
20231031,15:26:55,95.9,50,53450
20231031,15:28:00,95.6,50,53450
20231031,15:28:19,96.0,100,53450
20231031,15:28:25,96.0,100,53450
20231031,15:28:37,95.05,50,53450
20231031,15:29:02,95.05,50,53450
20231031,15:29:21,96.0,150,53450
20231031,15:29:40,96.0,50,53450
20231031,15:29:47,97.0,800,53450
20231101,09:15:01,98.0,1,53500
20231101,09:15:01,125.0,450,53500
20231101,09:16:26,98.0,50,53500
20231101,09:18:10,98.0,250,53550
20231101,09:18:29,97.1,100,53550
20231101,09:18:36,97.0,200,53550
20231101,09:18:43,97.0,100,53550
20231101,09:19:09,96.85,100,53550
20231101,09:19:16,94.85,300,53550
20231101,09:19:22,94.85,100,53550
20231101,09:24:26,94.85,400,53750
20231101,09:28:40,98.0,200,54050
20231101,09:30:02,97.9,50,54100
20231101,09:30:08,97.5,50,54100
20231101,09:30:33,97.0,200,54100
20231101,09:32:07,98.1,50,54100
20231101,09:33:43,95.65,100,54300
20231101,09:35:40,95.75,50,54200
20231101,09:36:19,93.75,50,54200
20231101,09:36:51,93.75,100,54200
20231101,09:36:58,94.25,50,54200
20231101,09:37:17,94.0,50,54200
20231101,09:37:24,94.25,50,54200
20231101,09:37:36,94.0,50,54200
20231101,09:39:35,94.0,200,54400
20231101,09:41:54,96.0,150,54600
20231101,09:46:24,96.9,250,54750
20231101,09:46:31,97.45,50,54750
20231101,09:48:32,98.15,100,55050
20231101,09:51:09,99.5,200,55150
20231101,09:52:13,99.9,50,55150
20231101,09:53:58,99.9,100,55400
20231101,09:56:01,100.0,100,55400
20231101,09:57:13,100.3,50,55600
20231101,09:57:38,99.0,200,55600
20231101,10:00:39,100.9,50,55750
20231101,10:03:44,102.0,50,55750
20231101,10:05:26,102.0,50,55750
20231101,10:05:45,102.25,100,55750
20231101,10:05:57,102.25,50,55750
20231101,10:06:16,102.25,50,55750
20231101,10:06:22,102.25,50,55750
20231101,10:06:28,102.25,50,55750
20231101,10:06:47,102.25,50,55750
20231101,10:08:35,103.0,200,55750
20231101,10:08:53,100.0,1200,56100
20231101,10:09:05,100.0,200,56100
20231101,10:10:28,100.1,50,56100
20231101,10:12:16,100.1,150,57000
20231101,10:13:38,99.55,50,57000
20231101,10:13:44,99.65,50,57000
20231101,10:14:02,99.9,50,57000
20231101,10:15:04,99.5,50,57300
20231101,10:15:54,99.1,100,57300
20231101,10:17:08,97.0,50,57300
20231101,10:17:21,97.0,150,57300
20231101,10:20:51,97.95,50,57500
20231101,10:20:57,98.0,400,57500
20231101,10:21:32,97.65,50,57500
20231101,10:21:44,97.55,50,57500
20231101,10:22:01,97.2,50,57500
20231101,10:22:12,98.0,150,57500
20231101,10:23:04,96.0,2050,57500
20231101,10:28:13,98.0,150,59800
20231101,10:29:43,98.4,50,59900
20231101,10:29:49,98.45,100,59900
20231101,10:31:24,98.85,100,59900
20231101,10:32:00,98.9,50,59900
20231101,10:34:28,99.45,50,60000
20231101,10:34:46,99.0,50,60000
20231101,10:34:52,98.9,50,60000
20231101,10:35:03,99.05,50,60000
20231101,10:35:33,99.9,50,60000
20231101,10:35:50,100.0,950,60250
20231101,10:36:02,100.0,50,60250
20231101,10:41:01,100.0,150,61250
20231101,10:44:10,99.5,50,61400
20231101,10:48:59,98.1,50,61400
20231101,10:49:10,98.25,50,61400
20231101,10:49:26,99.0,150,61400
20231101,10:51:32,99.0,50,61600
20231101,10:54:53,98.75,100,61600
20231101,10:54:59,98.0,50,61600
20231101,10:55:58,98.95,50,61600
20231101,10:56:43,98.0,50,61600
20231101,10:56:48,98.45,50,61750
20231101,10:57:11,98.5,150,61750
20231101,10:57:22,98.75,50,61750
20231101,10:57:44,98.75,100,61750
20231101,10:58:12,98.9,50,61750
20231101,10:59:19,98.05,100,61750
20231101,10:59:24,98.05,100,61750
20231101,11:03:26,98.95,100,62050
20231101,11:03:31,99.1,200,62050
20231101,11:05:33,99.2,150,62050
20231101,11:06:54,98.85,100,61900
20231101,11:07:05,98.9,100,61900
20231101,11:08:20,98.9,50,61900
20231101,11:08:25,99.25,250,61900
20231101,11:09:51,99.3,50,62200
20231101,11:10:39,99.9,100,62200
20231101,11:13:38,99.4,50,62350
20231101,11:15:05,99.3,100,62350
20231101,11:16:08,99.05,100,62350
20231101,11:18:56,100.85,50,62450
20231101,11:21:18,99.8,50,62400
20231101,11:22:40,100.15,50,62400
20231101,11:29:01,98.8,100,62500
20231101,11:29:34,99.1,50,62500
20231101,11:30:53,100.15,50,62550
20231101,11:31:37,100.35,150,62550
20231101,11:35:07,99.25,50,62550
20231101,11:37:24,98.2,150,62450
20231101,11:40:03,100.1,450,62550
20231101,11:40:19,100.1,200,62550
20231101,11:44:24,99.5,300,62000
20231101,11:44:45,98.5,100,62000
20231101,11:45:33,95.1,300,62300
20231101,11:46:39,97.2,50,62300
20231101,11:49:31,98.85,100,62550
20231101,11:49:47,98.25,100,62550
20231101,11:50:23,98.5,250,62550
20231101,11:51:16,98.55,50,62900
20231101,11:51:26,98.65,50,62900
20231101,11:51:43,98.65,50,62900
20231101,11:51:58,98.8,50,62900
20231101,11:52:18,98.9,50,62900
20231101,11:53:39,98.3,200,62900
20231101,11:53:49,98.0,200,62900
20231101,12:00:17,98.3,100,63550
20231101,12:00:22,98.45,100,63550
20231101,12:01:51,98.95,50,63550
20231101,12:07:16,99.1,50,63800
20231101,12:07:20,99.25,50,63800
20231101,12:08:12,98.85,50,63800
20231101,12:09:37,98.8,50,63800
20231101,12:11:20,98.2,250,63850
20231101,12:14:28,98.25,100,63950
20231101,12:15:28,97.3,150,63950
20231101,12:15:49,96.5,100,63950
20231101,12:15:55,96.1,150,63950
20231101,12:16:01,96.1,150,63950
20231101,12:16:21,96.45,50,63950
20231101,12:17:40,97.35,100,63950
20231101,12:17:57,97.4,50,63950
20231101,12:18:31,98.05,50,63950
20231101,12:19:13,98.2,100,63950
20231101,12:21:47,97.0,150,63950
20231101,12:23:23,96.95,50,63950
20231101,12:24:29,96.7,100,64050
20231101,12:24:35,96.65,100,64050
20231101,12:24:55,96.5,100,64050
20231101,12:25:36,96.5,50,64050
20231101,12:25:52,96.55,50,64050
20231101,12:25:57,96.5,50,64050
20231101,12:26:02,96.5,50,64050
20231101,12:26:13,96.55,50,64050
20231101,12:26:23,96.65,50,64050
20231101,12:27:17,96.65,100,64500
20231101,12:30:13,96.7,300,64500
20231101,12:30:25,96.95,50,64500
20231101,12:30:53,97.95,50,64500
20231101,12:31:05,98.0,50,64500
20231101,12:36:18,98.3,200,64750
20231101,12:36:24,98.65,100,64750
20231101,12:37:14,98.9,50,64750
20231101,12:37:47,99.55,250,64750
20231101,12:37:52,99.55,100,64750
20231101,12:40:03,99.25,50,65150
20231101,12:40:18,99.25,50,65150
20231101,12:40:40,99.9,50,65150
20231101,12:43:32,100.0,150,65200
20231101,12:43:42,99.85,50,65200
20231101,12:48:14,101.0,250,65200
20231101,12:48:40,101.05,100,65200
20231101,12:50:21,99.9,200,65200
20231101,12:50:38,99.75,50,65200
20231101,12:50:49,99.9,50,65200
20231101,12:51:31,99.85,50,65200
20231101,12:51:41,99.9,50,65200
20231101,12:51:52,99.95,50,65200
20231101,12:55:00,99.5,100,65350
20231101,12:55:06,98.95,250,65350
20231101,12:55:11,99.35,50,65350
20231101,12:55:33,99.5,100,65350
20231101,13:01:54,101.95,200,65750
20231101,13:04:06,100.9,100,65850
20231101,13:04:39,101.0,200,65850
20231101,13:05:41,100.35,50,65850
20231101,13:05:46,100.35,50,65850
20231101,13:05:56,100.35,50,65850
20231101,13:06:22,100.85,100,66000
20231101,13:06:27,100.4,50,66000
20231101,13:06:33,100.5,150,66000
20231101,13:08:33,100.5,200,66000
20231101,13:09:02,100.9,50,66000
20231101,13:11:29,101.9,50,66450
20231101,13:11:35,102.5,150,66450
20231101,13:11:43,103.9,150,66450
20231101,13:13:21,105.6,200,66800
20231101,13:13:40,105.0,50,66800
20231101,13:13:53,103.4,50,66800
20231101,13:14:06,103.45,50,66800
20231101,13:14:37,104.0,50,66800
20231101,13:15:13,104.9,150,66600
20231101,13:16:03,105.0,50,66600
20231101,13:16:27,105.9,200,66600
20231101,13:16:34,105.8,50,66600
20231101,13:16:54,106.0,150,66600
20231101,13:17:01,106.0,200,66600
20231101,13:17:08,106.0,200,66600
20231101,13:18:31,105.0,50,66000
20231101,13:22:50,102.95,50,66050
20231101,13:23:21,103.0,150,66050
20231101,13:25:03,104.65,150,66050
20231101,13:26:37,103.7,250,66050
20231101,13:28:58,102.4,50,66100
20231101,13:30:28,102.0,200,66100
20231101,13:31:15,102.0,50,66100
20231101,13:35:52,102.35,50,65950
20231101,13:35:57,102.35,50,65950
20231101,13:36:13,102.3,500,65950
20231101,13:37:47,102.25,250,65950
20231101,13:37:53,102.3,150,65950
20231101,13:38:32,101.6,50,65950
20231101,13:39:42,101.05,50,66600
20231101,13:40:06,101.05,50,66600
20231101,13:40:35,101.05,200,66600
20231101,13:42:53,101.5,50,66850
20231101,13:43:19,101.0,300,66850
20231101,13:45:02,99.05,50,66850
20231101,13:48:47,100.0,150,66850
20231101,13:49:33,99.4,100,66850
20231101,13:49:44,99.5,50,66850
20231101,13:50:11,99.9,50,66850
20231101,13:51:01,99.95,100,66850
20231101,13:51:07,100.0,100,66850
20231101,13:51:18,100.0,50,67150
20231101,13:51:35,100.0,150,67150
20231101,13:51:52,100.0,50,67150
20231101,13:51:58,100.25,50,67150
20231101,13:55:38,100.9,50,67450
20231101,13:55:49,101.0,100,67450
20231101,13:56:07,101.45,50,67450
20231101,13:57:33,101.9,50,67650
20231101,14:01:11,102.0,50,67650
20231101,14:01:28,102.0,50,67700
20231101,14:03:22,100.8,100,67750
20231101,14:03:28,101.0,50,67750
20231101,14:04:39,100.8,50,67750
20231101,14:04:45,101.0,50,67750
20231101,14:04:50,101.25,50,67750
20231101,14:05:02,101.1,50,67750
20231101,14:05:37,101.85,100,67750
20231101,14:08:11,101.0,50,68100
20231101,14:10:49,101.35,50,68150
20231101,14:14:46,102.9,50,68150
20231101,14:15:39,102.9,50,68150
20231101,14:16:59,103.0,50,68200
20231101,14:19:25,102.55,50,68250
20231101,14:19:43,102.0,50,68250
20231101,14:19:55,102.15,50,68250
20231101,14:20:30,102.25,150,68250
20231101,14:21:14,104.0,300,68250
20231101,14:22:50,102.5,100,68350
20231101,14:24:59,104.2,100,68350
20231101,14:29:55,101.65,150,68450
20231101,14:31:23,103.9,100,68350
20231101,14:31:29,104.0,200,68350
20231101,14:31:35,103.5,100,68350
20231101,14:34:43,101.25,100,68650
20231101,14:35:35,101.5,100,68650
20231101,14:35:53,101.9,100,68650
20231101,14:37:13,102.0,100,68850
20231101,14:38:22,102.0,100,68850
20231101,14:43:56,102.0,50,68850
20231101,14:44:12,102.3,100,69050
20231101,14:50:05,101.25,100,69050
20231101,14:50:27,101.35,150,69050
20231101,14:50:51,101.4,100,69050
20231101,14:50:56,101.5,200,69050
20231101,14:52:35,101.55,50,69550
20231101,14:52:41,101.55,50,69550
20231101,14:52:52,101.25,50,69550
20231101,14:53:38,101.2,150,69550
20231101,14:57:15,101.2,50,69600
20231101,14:57:41,101.0,50,69550
20231101,15:03:30,104.2,100,69600
20231101,15:04:02,103.8,100,69600
20231101,15:05:12,105.9,850,69600
20231101,15:05:50,104.25,200,69600
20231101,15:09:44,104.0,200,69100
20231101,15:14:44,104.95,50,69300
20231101,15:14:50,104.95,50,69300
20231101,15:15:13,103.75,150,69300
20231101,15:17:42,103.0,1800,69350
20231101,15:19:54,104.95,100,71050
20231101,15:20:32,104.85,50,71050
20231101,15:22:38,104.95,50,71000
20231101,15:22:43,103.7,50,71000
20231101,15:24:16,105.0,250,71000
20231101,15:24:40,105.0,500,71050
20231101,15:24:46,105.0,300,71050
20231101,15:25:32,105.0,300,71050
20231101,15:26:24,105.0,50,71050
20231101,15:27:02,105.0,100,71050
20231101,15:27:25,104.45,50,71050
20231101,15:27:43,104.6,150,70900
20231101,15:29:25,104.6,50,70900
20231101,15:29:31,103.15,900,70900
20231102,09:15:01,91.15,1,71800
20231102,09:15:01,91.15,50,71800
20231102,09:15:09,91.0,50,71800
20231102,09:15:23,83.5,100,71800
20231102,09:15:30,83.15,100,71800
20231102,09:15:44,83.15,150,71800
20231102,09:15:58,83.0,900,71800
20231102,09:16:12,83.55,100,71800
20231102,09:16:30,83.5,100,71800
20231102,09:17:12,82.9,50,71800
20231102,09:17:39,82.75,50,71050
20231102,09:17:59,82.75,100,71050
20231102,09:18:06,82.75,50,71050
20231102,09:18:13,82.9,250,71050
20231102,09:18:51,83.45,50,71050
20231102,09:18:57,83.8,400,71050
20231102,09:19:18,84.0,350,71050
20231102,09:20:05,84.8,50,71050
20231102,09:20:58,84.55,100,70900
20231102,09:21:04,84.0,100,70900
20231102,09:21:40,84.0,50,70900
20231102,09:22:18,84.1,100,70900
20231102,09:22:25,84.0,500,70900
20231102,09:22:31,84.0,1050,70900
20231102,09:23:05,83.05,200,70900
20231102,09:23:12,83.0,100,70900
20231102,09:23:25,83.0,50,70900
20231102,09:24:24,83.15,100,69900
20231102,09:25:36,83.15,100,69900
20231102,09:26:43,84.8,650,69800
20231102,09:30:15,82.3,50,69200
20231102,09:32:25,82.3,50,69200
20231102,09:32:44,84.0,200,69200
20231102,09:36:07,83.6,150,69200
20231102,09:36:20,83.85,150,69200
20231102,09:37:41,83.6,50,69200
20231102,09:38:07,82.85,250,69200
20231102,09:38:22,82.75,100,69200
20231102,09:39:59,81.65,50,69250
20231102,09:40:06,81.25,50,69250
20231102,09:40:19,81.25,250,69250
20231102,09:41:36,82.7,100,69450
20231102,09:42:33,82.7,50,69450
20231102,09:43:03,82.75,50,69450
20231102,09:45:09,82.25,100,69400
20231102,09:46:07,82.75,50,69400
20231102,09:46:14,82.75,550,69400
20231102,09:46:20,82.85,50,69400
20231102,09:48:54,82.4,350,70000
20231102,09:51:12,82.4,250,70300
20231102,09:51:19,83.45,50,70300
20231102,09:52:27,83.85,100,70300
20231102,09:52:33,83.9,50,70300
20231102,09:53:09,86.0,1200,70300
20231102,09:54:46,84.0,50,70850
20231102,09:58:10,84.6,50,70850
20231102,09:59:07,85.25,100,70850
20231102,10:00:26,85.25,500,70900
20231102,10:01:07,85.0,200,70900
20231102,10:02:32,85.0,100,71200
20231102,10:05:46,84.95,350,71100
20231102,10:06:04,84.75,100,71100
20231102,10:07:15,85.2,50,71100
20231102,10:08:18,84.65,50,71100
20231102,10:08:24,84.35,50,71100
20231102,10:08:30,84.75,200,71100
20231102,10:10:10,85.0,300,71050
20231102,10:11:27,84.45,50,71050
20231102,10:12:03,85.8,350,71100
20231102,10:13:29,86.55,100,71100
20231102,10:13:48,86.5,150,71100
20231102,10:14:50,86.15,50,70900
20231102,10:15:09,86.8,600,70900
20231102,10:15:57,86.75,50,70900
20231102,10:16:03,86.8,100,70900
20231102,10:16:10,86.8,100,70900
20231102,10:19:56,85.85,50,70950
20231102,10:20:56,86.0,50,70950
20231102,10:21:03,86.5,250,70950
20231102,10:21:09,86.9,50,70950
20231102,10:21:22,87.4,50,70950
20231102,10:21:34,87.45,200,70950
20231102,10:23:08,87.55,300,70950
20231102,10:25:25,87.85,100,71200
20231102,10:26:22,87.75,50,71200
20231102,10:28:46,87.7,100,71350
20231102,10:30:33,88.0,50,71450
20231102,10:31:18,87.6,50,71450
20231102,10:31:51,87.45,50,71450
20231102,10:34:42,86.6,50,71450
20231102,10:34:47,86.6,50,71450
20231102,10:36:49,87.0,200,71550
20231102,10:38:18,87.95,50,71550
20231102,10:38:39,87.5,50,71800
20231102,10:41:20,88.0,200,71800
20231102,10:41:41,87.15,100,71850
20231102,10:46:16,87.15,50,71950
20231102,10:49:40,86.0,50,72000
20231102,10:51:30,85.95,100,72050
20231102,10:51:36,86.85,1150,72050
20231102,10:53:37,86.35,100,72050
20231102,10:56:49,87.7,50,73300
20231102,10:57:38,86.15,50,73300
20231102,11:00:46,86.9,100,73400
20231102,11:02:42,87.7,50,73500
20231102,11:03:42,86.9,50,73500
20231102,11:03:52,86.9,100,73500
20231102,11:10:02,86.25,50,73700
20231102,11:11:46,85.85,50,73750
20231102,11:12:31,86.95,600,73750
20231102,11:13:09,86.3,50,73750
20231102,11:13:45,85.05,350,73750
20231102,11:18:38,85.3,50,74300
20231102,11:19:03,85.05,150,74300
20231102,11:19:14,85.2,50,74300
20231102,11:19:19,85.5,100,74300
20231102,11:21:19,85.5,50,74650
20231102,11:27:03,85.9,50,74700
20231102,11:29:44,86.15,100,74700
20231102,11:30:14,86.9,50,74700
20231102,11:33:18,86.35,250,74850
20231102,11:34:14,86.3,50,74850
20231102,11:34:33,85.8,100,74850
20231102,11:35:16,86.0,50,74850
20231102,11:42:57,89.6,400,75200
20231102,11:43:25,88.75,250,75200
20231102,11:44:44,88.5,200,75200
20231102,11:44:50,88.95,150,75600
20231102,11:45:19,89.0,50,75600
20231102,11:49:52,90.0,150,75600
20231102,11:50:20,92.0,900,75600
20231102,11:50:26,92.0,900,75600
20231102,11:52:02,92.0,50,75150
20231102,11:55:59,90.2,300,75150
20231102,11:56:36,90.0,200,75150
20231102,11:56:42,90.0,50,75150
20231102,11:56:48,90.0,50,74900
20231102,11:56:54,90.0,50,74900
20231102,11:57:06,90.0,100,74900
20231102,11:57:42,90.0,850,74900
20231102,11:58:38,90.0,50,74900
20231102,12:02:03,89.3,50,73850
20231102,12:03:35,89.45,50,73900
20231102,12:03:52,89.45,50,73900
20231102,12:04:09,89.45,50,73900
20231102,12:04:15,89.5,50,73900
20231102,12:10:36,89.95,50,73950
20231102,12:12:03,89.1,150,73950
20231102,12:12:15,89.0,50,73950
20231102,12:16:44,88.95,50,73900
20231102,12:17:07,88.55,50,73900
20231102,12:19:41,86.35,50,73850
20231102,12:19:47,86.5,50,73850
20231102,12:20:43,87.45,50,73850
20231102,12:21:17,87.65,350,73950
20231102,12:23:54,86.65,50,74300
20231102,12:24:07,86.85,100,74300
20231102,12:33:27,87.5,150,74250
20231102,12:36:39,87.0,150,74400
20231102,12:41:07,87.15,50,74400
20231102,12:41:13,87.0,250,74400
20231102,12:42:10,85.7,200,74400
20231102,12:42:34,86.3,50,74400
20231102,12:47:27,86.5,50,74450
20231102,12:48:56,86.0,50,74500
20231102,12:49:11,86.0,50,74500
20231102,12:50:07,86.25,50,74500
20231102,12:59:53,85.6,150,74650
20231102,13:03:36,84.6,50,74700
20231102,13:03:42,84.6,50,74700
20231102,13:06:56,84.7,50,74800
20231102,13:09:25,84.7,100,74850
20231102,13:09:40,84.7,200,74850
20231102,13:11:28,84.7,50,74850
20231102,13:14:56,84.6,50,74850
20231102,13:15:16,84.0,250,75150
20231102,13:16:04,83.6,50,75150
20231102,13:16:26,84.25,50,75150
20231102,13:24:19,84.0,50,75200
20231102,13:29:18,84.35,50,75250
20231102,13:30:15,84.0,50,75300
20231102,13:30:28,84.0,50,75300
20231102,13:30:54,84.45,50,75300
20231102,13:34:02,83.9,100,75450
20231102,13:37:29,83.25,50,75550
20231102,13:37:34,83.6,50,75550
20231102,13:38:29,84.0,50,75550
20231102,13:40:00,84.2,150,75700
20231102,13:43:20,83.95,50,75700
20231102,13:43:31,83.95,50,75700
20231102,13:43:46,83.65,100,75700
20231102,13:45:00,83.95,50,75700
20231102,13:46:07,83.55,50,75700
20231102,13:46:25,82.75,100,75700
20231102,13:46:28,83.0,50,75700
20231102,13:47:52,83.25,50,75700
20231102,13:49:09,83.25,200,75900
20231102,13:50:16,83.0,350,75900
20231102,13:50:23,82.4,300,75900
20231102,13:50:59,83.2,100,75900
20231102,13:51:20,82.0,50,76750
20231102,13:51:26,82.0,50,76750
20231102,13:52:08,82.0,100,76750
20231102,13:54:24,82.0,100,76800
20231102,13:56:18,81.0,50,76800
20231102,14:00:11,80.2,250,76800
20231102,14:01:40,80.2,150,76800
20231102,14:03:41,81.05,50,77000
20231102,14:03:51,81.05,50,77000
20231102,14:07:18,81.8,50,77100
20231102,14:10:23,81.8,50,77100
20231102,14:16:18,80.6,100,77100
20231102,14:18:09,81.0,50,77100
20231102,14:18:38,81.0,200,77100
20231102,14:19:27,80.85,50,77100
20231102,14:22:33,80.95,100,77350
20231102,14:22:39,81.2,150,77350
20231102,14:27:13,81.95,100,77400
20231102,14:30:02,82.0,50,77400
20231102,14:31:14,82.7,50,77450
20231102,14:32:34,81.8,150,77450
20231102,14:33:57,81.8,100,77500
20231102,14:35:00,81.9,50,77500
20231102,14:35:06,81.3,50,77500
20231102,14:35:17,80.35,50,77500
20231102,14:40:53,80.35,100,77650
20231102,14:43:05,80.7,50,77750
20231102,14:44:20,80.9,600,77750
20231102,14:45:43,82.25,50,78250
20231102,14:47:33,80.55,50,78250
20231102,14:48:55,81.45,50,78300
20231102,14:49:11,81.25,50,78300
20231102,14:49:33,81.25,50,78300
20231102,14:52:10,81.5,50,78300
20231102,14:56:41,79.95,600,78450
20231102,14:56:58,80.0,150,78450
20231102,14:57:04,79.5,350,78450
20231102,14:57:16,79.5,800,79700
20231102,15:02:42,79.0,50,79450
20231102,15:03:54,79.0,500,79450
20231102,15:08:18,81.0,100,79200
20231102,15:08:31,77.75,150,79200
20231102,15:09:08,77.75,100,79200
20231102,15:13:54,80.0,50,79150
20231102,15:14:00,80.4,50,79150
20231102,15:14:17,80.05,50,79150
20231102,15:14:40,80.5,200,79150
20231102,15:14:56,80.5,50,79150
20231102,15:15:02,80.5,250,79150
20231102,15:17:30,80.95,150,79350
20231102,15:17:42,81.0,200,79350
20231102,15:19:17,81.0,50,79450
20231102,15:19:28,79.5,100,79450
20231102,15:22:34,79.85,100,79450
20231102,15:24:34,79.5,200,79500
20231102,15:25:12,79.45,50,79500
20231102,15:25:32,79.2,200,79500
20231102,15:26:19,79.45,100,79500
20231102,15:27:45,78.0,50,79050
20231102,15:29:02,79.0,50,79050
20231102,15:29:29,77.7,50,79050
20231103,09:19:09,67.6,1,77700
20231103,09:19:09,67.6,100,77700
20231103,09:19:32,69.95,500,77700
20231103,09:19:38,69.95,100,77700
20231103,09:20:20,69.6,150,77700
20231103,09:21:35,67.65,150,78350
20231103,09:22:12,67.4,50,78350
20231103,09:23:55,67.4,50,78100
20231103,09:24:14,69.0,200,78100
20231103,09:24:33,69.0,200,78100
20231103,09:25:20,69.0,100,78100
20231103,09:26:59,68.35,50,78650
20231103,09:27:36,68.15,50,78650
20231103,09:28:14,68.0,100,78650
20231103,09:30:18,68.5,50,78800
20231103,09:30:36,68.0,50,78800
20231103,09:30:42,68.0,100,78800
20231103,09:30:55,68.0,50,78800
20231103,09:32:29,67.55,100,78950
20231103,09:32:54,67.0,150,78950
20231103,09:33:42,67.0,100,78950
20231103,09:33:49,68.0,250,78950
20231103,09:33:55,68.0,150,78950
20231103,09:34:01,68.0,50,78950
20231103,09:34:56,68.0,750,78950
20231103,09:36:49,68.55,50,77900
20231103,09:38:13,68.0,750,77900
20231103,09:38:30,68.0,200,77650
20231103,09:38:36,68.0,250,77650
20231103,09:39:17,67.5,150,77650
20231103,09:39:59,67.2,50,77650
20231103,09:41:27,67.5,100,77650
20231103,09:42:48,67.3,100,77350
20231103,09:43:46,67.0,150,77350
20231103,09:49:19,68.75,50,77500
20231103,09:50:08,67.9,150,77500
20231103,09:51:07,68.7,50,77650
20231103,09:51:19,68.0,100,77650
20231103,09:51:38,68.95,200,77650
20231103,09:51:50,68.95,50,77650
20231103,09:52:15,68.05,50,77650
20231103,09:52:27,68.1,50,77650
20231103,09:53:08,68.15,50,77650
20231103,09:53:19,68.1,150,77650
20231103,09:53:25,68.0,50,77950
20231103,09:55:40,67.5,50,77950
20231103,09:55:57,67.3,50,77950
20231103,09:57:24,67.1,50,78000
20231103,09:57:41,67.25,100,78000
20231103,09:57:51,67.3,50,78000
20231103,09:59:21,67.25,100,78000
20231103,10:00:16,67.25,50,78300
20231103,10:00:21,67.55,50,78300
20231103,10:00:33,67.75,100,78300
20231103,10:01:00,68.0,1650,78300
20231103,10:01:05,68.0,250,78300
20231103,10:01:27,67.5,50,78300
20231103,10:01:49,67.0,600,78300
20231103,10:04:11,66.55,250,76800
20231103,10:05:12,66.55,50,76800
20231103,10:05:23,66.3,50,76800
20231103,10:05:28,66.3,100,77000
20231103,10:05:34,66.35,50,77000
20231103,10:06:49,66.55,200,77000
20231103,10:06:55,66.55,50,77000
20231103,10:07:00,66.55,300,77000
20231103,10:07:06,66.15,50,77000
20231103,10:07:16,66.15,50,77000
20231103,10:07:21,66.2,50,77000
20231103,10:09:33,66.05,50,77850
20231103,10:09:50,66.05,50,77850
20231103,10:10:25,66.5,100,77850
20231103,10:10:30,66.55,100,77850
20231103,10:10:47,66.55,50,77850
20231103,10:11:14,66.55,100,77850
20231103,10:11:36,66.55,150,78100
20231103,10:11:41,66.6,500,78100
20231103,10:11:47,66.95,100,78100
20231103,10:12:22,66.15,100,78100
20231103,10:12:39,66.9,50,78100
20231103,10:12:56,67.0,150,78100
20231103,10:13:02,68.05,550,78100
20231103,10:13:15,68.0,650,78100
20231103,10:13:26,65.15,100,78100
20231103,10:14:23,65.15,50,78100
20231103,10:15:22,67.25,100,78100
20231103,10:16:44,67.35,50,79750
20231103,10:17:00,67.4,50,79750
20231103,10:18:14,67.45,50,79750
20231103,10:19:06,67.35,100,79750
20231103,10:20:06,67.5,250,79750
20231103,10:23:32,67.75,250,79650
20231103,10:29:41,67.95,100,79550
20231103,10:30:24,67.75,50,79550
20231103,10:31:27,68.0,100,79550
20231103,10:31:55,68.6,150,79550
20231103,10:32:06,69.0,300,79550
20231103,10:32:37,69.4,100,80100
20231103,10:33:37,69.1,150,80100
20231103,10:34:23,69.2,250,80100
20231103,10:35:03,69.15,250,80100
20231103,10:35:49,68.7,100,80550
20231103,10:37:20,68.05,50,80550
20231103,10:37:30,68.0,50,80550
20231103,10:38:21,68.1,100,80550
20231103,10:38:38,68.7,150,80650
20231103,10:38:49,69.15,150,80650
20231103,10:43:57,68.0,50,80600
20231103,10:44:11,68.1,250,80600
20231103,10:47:08,67.55,50,80600
20231103,10:47:43,67.45,100,80600
20231103,10:47:58,67.95,50,80600
20231103,10:48:08,67.45,100,80600
20231103,10:48:23,67.5,100,80600
20231103,10:48:38,67.05,100,80600
20231103,10:48:51,67.3,50,80600
20231103,10:49:20,67.3,50,80600
20231103,10:49:29,67.3,50,80600
20231103,10:52:25,67.45,50,81150
20231103,10:53:02,67.3,250,81150
20231103,10:54:24,67.85,200,81400
20231103,10:54:29,67.8,50,81400
20231103,10:54:34,68.2,200,81400
20231103,10:54:39,68.2,50,81400
20231103,10:59:42,68.0,50,81400
20231103,11:02:16,66.9,50,81400
20231103,11:02:32,66.75,100,81400
20231103,11:03:28,66.9,50,81450
20231103,11:04:11,67.0,100,81450
20231103,11:10:16,66.95,50,81450
20231103,11:10:41,67.0,100,81450
20231103,11:13:13,67.45,100,81450
20231103,11:14:51,67.45,50,81650
20231103,11:16:18,66.6,450,81650
20231103,11:16:23,66.45,100,81650
20231103,11:16:33,66.3,800,81650
20231103,11:17:22,66.3,300,81650
20231103,11:17:41,66.3,200,83150
20231103,11:19:50,66.45,100,83150
20231103,11:20:09,66.4,50,83150
20231103,11:20:13,66.5,50,83150
20231103,11:23:00,66.75,50,83250
20231103,11:23:14,66.75,50,83250
20231103,11:24:34,66.75,50,83300
20231103,11:26:10,66.75,100,83300
20231103,11:27:57,66.75,200,83450
20231103,11:28:33,66.95,50,83450
20231103,11:28:44,67.0,100,83450
20231103,11:28:54,67.0,100,83450
20231103,11:30:05,67.3,50,83900
20231103,11:30:16,67.4,100,83900
20231103,11:33:30,67.1,50,84000
20231103,11:34:36,67.2,50,84000
20231103,11:35:19,67.1,50,84000
20231103,11:35:29,67.1,50,84000
20231103,11:35:43,67.1,150,84200
20231103,11:36:17,67.15,50,84200
20231103,11:36:49,67.15,300,84200
20231103,11:38:04,67.1,250,84200
20231103,11:38:09,67.25,150,84200
20231103,11:38:19,67.0,100,84200
20231103,11:39:06,66.35,100,84200
20231103,11:39:38,66.75,100,84200
20231103,11:40:23,66.8,100,84200
20231103,11:40:49,66.75,50,84200
20231103,11:42:34,67.0,100,84300
20231103,11:43:18,67.0,100,84300
20231103,11:46:43,67.15,200,84500
20231103,11:49:20,67.0,50,84650
20231103,11:50:32,66.95,200,84650
20231103,11:51:13,67.05,150,84600
20231103,11:51:18,67.05,50,84600
20231103,11:52:37,67.45,50,84600
20231103,11:56:12,67.45,100,84800
20231103,11:56:40,67.6,50,84800
20231103,11:57:03,67.65,100,84800
20231103,12:00:05,67.55,100,84750
20231103,12:03:24,67.35,100,84750
20231103,12:03:43,67.65,50,84750
20231103,12:04:43,67.35,100,84750
20231103,12:04:48,67.35,50,84750
20231103,12:05:02,67.35,50,84750
20231103,12:05:22,67.05,50,84750
20231103,12:05:27,67.2,50,84750
20231103,12:05:42,67.15,150,84750
20231103,12:06:06,67.15,50,85200
20231103,12:06:56,66.85,400,85200
20231103,12:07:01,67.0,650,85200
20231103,12:08:03,67.15,50,85200
20231103,12:08:12,67.2,100,85200
20231103,12:08:40,67.45,50,85200
20231103,12:09:00,67.45,50,86200
20231103,12:09:18,67.3,50,86200
20231103,12:13:10,67.25,50,86200
20231103,12:15:00,66.65,50,86200
20231103,12:17:14,66.6,100,86200
20231103,12:17:47,66.9,50,86200
20231103,12:18:22,66.65,100,86250
20231103,12:18:49,66.65,50,86250
20231103,12:18:57,66.6,50,86250
20231103,12:19:01,66.4,100,86250
20231103,12:21:21,66.65,50,86450
20231103,12:21:44,66.5,100,86450
20231103,12:21:54,66.55,50,86450
20231103,12:25:47,66.65,50,86650
20231103,12:25:55,66.65,150,86650
20231103,12:28:46,66.75,50,86850
20231103,12:30:01,66.5,50,86850
20231103,12:30:47,66.9,50,86850
20231103,12:30:52,67.0,50,86850
20231103,12:33:39,67.25,50,86850
20231103,12:33:44,67.25,150,87000
20231103,12:33:48,67.25,50,87000
20231103,12:39:05,67.7,500,87250
20231103,12:39:26,67.4,50,87250
20231103,12:39:30,67.5,50,87250
20231103,12:40:53,66.2,100,87250
20231103,12:45:34,65.7,50,87600
20231103,12:47:57,65.75,50,87650
20231103,12:48:05,66.0,50,87650
20231103,12:48:22,66.0,50,87650
20231103,12:49:04,65.75,50,87650
20231103,12:49:17,65.75,50,87650
20231103,12:49:34,65.75,300,87650
20231103,12:51:35,65.95,300,87700
20231103,12:54:00,66.0,50,88000
20231103,12:55:33,66.0,50,88000
20231103,12:56:43,65.85,50,88000
20231103,13:04:00,66.25,50,88150
20231103,13:06:41,66.45,50,88200
20231103,13:13:41,66.9,150,88250
20231103,13:17:03,66.95,50,88100
20231103,13:17:12,67.0,50,88100
20231103,13:20:38,67.0,100,88150
20231103,13:21:20,66.35,50,88150
20231103,13:21:36,66.2,50,88150
20231103,13:21:41,66.1,50,88150
20231103,13:22:27,66.1,200,88150
20231103,13:26:35,65.95,50,88500
20231103,13:27:00,65.85,50,88550
20231103,13:34:29,65.85,50,88550
20231103,13:34:48,65.8,50,88550
20231103,13:34:53,65.8,50,88550
20231103,13:36:13,65.7,50,88600
20231103,13:36:24,65.75,100,88600
20231103,13:37:54,65.85,50,88600
20231103,13:42:05,65.8,50,88800
20231103,13:47:09,66.0,100,88800
20231103,13:47:14,66.1,50,88800
20231103,13:48:33,66.15,50,88950
20231103,13:49:03,66.25,50,88950
20231103,13:49:24,66.45,50,88950
20231103,13:50:56,66.4,50,88950
20231103,13:51:16,66.45,50,89050
20231103,13:54:30,66.45,50,89100
20231103,13:56:02,66.3,250,89100
20231103,13:57:04,66.4,50,89100
20231103,14:00:11,66.4,250,89250
20231103,14:05:11,65.9,50,89500
20231103,14:05:25,65.85,50,89500
20231103,14:06:03,65.7,50,89500
20231103,14:06:08,65.75,100,89650
20231103,14:06:58,65.65,200,89650
20231103,14:10:57,65.9,150,89950
20231103,14:15:30,66.0,50,90000
20231103,14:15:34,65.9,150,90000
20231103,14:16:54,65.95,50,90000
20231103,14:17:03,65.85,50,90000
20231103,14:17:08,65.8,50,90000
20231103,14:18:41,65.8,50,90250
20231103,14:18:56,65.8,100,90250
20231103,14:19:37,65.7,150,90250
20231103,14:19:56,65.8,50,90250
20231103,14:20:53,65.65,50,90250
20231103,14:20:58,65.45,100,90250
20231103,14:21:02,65.35,650,90250
20231103,14:25:45,65.2,650,91150
20231103,14:26:06,65.45,100,91150
20231103,14:28:09,65.7,50,91700
20231103,14:29:46,65.4,250,91700
20231103,14:29:53,65.15,100,91700
20231103,14:30:41,65.0,350,91350
20231103,14:30:47,65.0,150,91350
20231103,14:30:52,65.0,100,91350
20231103,14:31:09,65.0,100,91350
20231103,14:32:02,65.15,100,91350
20231103,14:34:02,65.75,50,91550
20231103,14:34:13,65.7,100,91550
20231103,14:34:18,65.75,200,91550
20231103,14:34:33,65.8,100,91550
20231103,14:35:45,66.0,50,91550
20231103,14:37:48,65.0,750,92050
20231103,14:38:38,66.15,50,92050
20231103,14:40:58,66.7,200,92450
20231103,14:42:31,67.0,50,92450
20231103,14:42:53,67.0,100,92450
20231103,14:42:59,66.2,750,92450
20231103,14:44:40,66.75,50,92450
20231103,14:44:45,66.85,50,92450
20231103,14:44:56,66.8,50,92450
20231103,14:45:56,67.7,50,93100
20231103,14:46:36,68.5,50,93100
20231103,14:47:58,67.5,50,93100
20231103,14:48:05,68.0,50,93100
20231103,14:48:17,67.85,50,93300
20231103,14:49:23,67.25,750,93300
20231103,14:51:43,68.05,100,94100
20231103,14:52:17,68.35,50,94100
20231103,14:52:47,69.6,100,94100
20231103,14:53:51,69.15,200,94100
20231103,14:54:03,68.85,50,94100
20231103,14:54:27,68.8,100,94300
20231103,14:54:52,68.8,50,94300
20231103,14:55:44,68.7,50,94300
20231103,15:01:18,68.05,300,94300
20231103,15:04:11,67.0,300,94300
20231103,15:07:15,69.0,50,94600
20231103,15:08:36,68.05,50,94600
20231103,15:08:42,68.5,150,94600
20231103,15:17:24,68.0,50,94450
20231103,15:21:34,67.8,100,94450
20231103,15:22:13,67.8,50,94450
20231103,15:23:47,68.0,100,94450
20231103,15:25:12,67.55,50,94500
20231103,15:25:24,67.9,50,94500
20231103,15:25:48,68.0,50,94500
20231103,15:26:05,68.0,50,94500
20231103,15:27:15,67.95,50,94500
20231103,15:28:20,67.8,250,94500
20231103,15:28:26,67.8,100,94500
20231103,15:29:34,68.2,50,94500
20231106,09:15:01,58.0,1,94500
20231106,09:15:01,58.0,50,94500
20231106,09:18:22,58.95,50,94450
20231106,09:18:38,58.95,100,94450
20231106,09:19:13,58.85,600,94450
20231106,09:20:20,58.0,300,94450
20231106,09:21:44,57.65,550,94500
20231106,09:23:54,57.85,350,94100
20231106,09:24:10,58.9,200,94100
20231106,09:24:27,58.3,50,94100
20231106,09:25:34,57.5,500,94100
20231106,09:26:34,57.5,50,94250
20231106,09:28:42,57.95,50,94250
20231106,09:28:58,58.0,1000,94250
20231106,09:29:14,58.0,50,94250
20231106,09:30:05,58.25,50,95250
20231106,09:31:42,57.5,50,95250
20231106,09:32:15,58.0,50,95250
20231106,09:32:31,58.0,50,95300
20231106,09:32:47,57.5,200,95300
20231106,09:33:03,58.0,50,95300
20231106,09:34:15,57.5,400,95300
20231106,09:35:38,57.5,100,95550
20231106,09:36:19,57.0,200,95550
20231106,09:37:08,57.0,50,95550
20231106,09:37:17,56.95,100,95550
20231106,09:37:41,56.05,100,95550
20231106,09:38:13,56.05,50,95550
20231106,09:38:46,56.5,150,95650
20231106,09:39:26,56.85,150,95650
20231106,09:39:34,56.55,200,95650
20231106,09:39:51,56.7,100,95650
20231106,09:40:15,56.7,50,95650
20231106,09:42:44,57.4,50,95950
20231106,09:43:08,57.0,50,95950
20231106,09:43:58,57.5,50,95950
20231106,09:46:33,57.15,150,95900
20231106,09:47:38,56.55,50,96050
20231106,09:47:50,56.5,50,96050
20231106,09:47:54,56.4,50,96050
20231106,09:48:01,56.55,100,96050
20231106,09:49:13,56.95,50,96050
20231106,09:49:53,57.0,50,96050
20231106,09:50:35,57.25,50,96300
20231106,09:51:57,57.4,50,96300
20231106,09:52:55,56.95,350,96300
20231106,09:53:04,56.95,100,96300
20231106,09:53:13,56.95,100,96300
20231106,09:53:37,56.95,100,96850
20231106,09:53:45,56.95,400,96850
20231106,09:54:02,56.9,50,96850
20231106,09:54:10,56.25,100,96850
20231106,09:54:18,56.25,850,96850
20231106,09:55:29,56.45,50,96850
20231106,09:56:29,57.25,50,96850
20231106,09:58:40,57.0,50,98350
20231106,10:02:07,56.25,50,98350
20231106,10:04:46,56.6,50,98350
20231106,10:04:54,56.7,100,98350
20231106,10:05:32,56.7,100,98350
20231106,10:08:30,56.45,50,98500
20231106,10:09:28,56.7,50,98500
20231106,10:09:43,56.65,50,98500
20231106,10:11:54,56.7,50,98500
20231106,10:13:13,56.8,50,98500
20231106,10:16:37,55.6,300,98600
20231106,10:17:02,55.25,50,98600
20231106,10:17:11,55.25,200,98600
20231106,10:17:27,55.35,50,98600
20231106,10:17:35,55.35,50,98600
20231106,10:17:43,55.35,150,99250
20231106,10:17:50,55.2,250,99250
20231106,10:21:34,55.15,100,99250
20231106,10:21:42,55.0,600,99650
20231106,10:21:51,55.1,50,99650
20231106,10:22:07,55.05,300,99650
20231106,10:22:15,55.0,200,99650
20231106,10:23:29,54.05,550,99650
20231106,10:23:37,55.15,50,99650
20231106,10:23:54,55.1,50,99700
20231106,10:24:10,55.6,600,99700
20231106,10:24:18,55.0,250,99700
20231106,10:24:42,55.1,400,99700
20231106,10:24:50,55.0,150,99700
20231106,10:24:58,55.2,250,99700
20231106,10:25:06,55.3,100,99700
20231106,10:25:14,55.0,50,99700
20231106,10:26:50,55.5,50,100550
20231106,10:26:51,55.05,50,100550
20231106,10:27:16,55.5,50,100550
20231106,10:27:22,55.05,50,100550
20231106,10:28:14,55.45,100,100550
20231106,10:28:22,54.95,50,100550
20231106,10:29:06,55.0,50,100550
20231106,10:29:21,55.4,150,100550
20231106,10:29:24,55.0,50,100550
20231106,10:29:30,54.95,50,100550
20231106,10:29:40,54.85,50,100600
20231106,10:29:44,54.95,50,100600
20231106,10:30:18,54.85,200,100600
20231106,10:30:20,55.0,100,100600
20231106,10:30:28,54.95,50,100600
20231106,10:30:30,55.0,250,100600
20231106,10:31:03,55.0,700,100600
20231106,10:31:58,55.0,50,100600
20231106,10:32:36,55.0,500,100600
20231106,10:33:21,55.0,50,102350
20231106,10:33:30,55.0,450,102350
20231106,10:33:38,55.9,300,102350
20231106,10:34:10,55.25,50,102350
20231106,10:35:05,55.25,50,102350
20231106,10:35:28,55.25,100,102350
20231106,10:35:59,55.7,50,103250
20231106,10:36:07,55.55,100,103250
20231106,10:36:14,55.7,100,103250
20231106,10:36:22,55.65,50,103250
20231106,10:37:30,56.0,50,103250
20231106,10:38:00,56.0,50,103250
20231106,10:40:59,56.25,100,103250
20231106,10:41:06,56.25,50,103250
20231106,10:41:14,56.5,250,103250
20231106,10:41:21,56.5,100,103250
20231106,10:41:45,56.5,50,103400
20231106,10:42:48,56.55,50,103400
20231106,10:43:44,57.0,500,103400
20231106,10:44:43,56.95,300,103900
20231106,10:45:51,56.7,150,103900
20231106,10:46:29,56.7,100,103900
20231106,10:46:37,56.75,100,103900
20231106,10:48:05,56.55,50,104350
20231106,10:49:32,56.5,50,104350
20231106,10:49:40,56.4,50,104350
20231106,10:49:55,56.4,50,104350
20231106,10:50:11,56.5,50,104350
20231106,10:50:53,56.85,100,104550
20231106,10:51:26,56.95,50,104550
20231106,10:51:50,56.85,50,104550
20231106,10:52:40,56.9,250,104550
20231106,10:52:56,56.9,500,104550
20231106,10:53:20,56.8,150,104550
20231106,10:53:28,56.8,150,104550
20231106,10:54:08,56.85,50,105800
20231106,10:57:22,56.9,100,105850
20231106,10:59:18,56.7,50,105850
20231106,10:59:25,56.7,50,105850
20231106,11:00:06,56.7,200,105850
20231106,11:00:26,56.7,50,105850
20231106,11:00:59,56.6,50,105850
20231106,11:01:14,56.5,100,105850
20231106,11:01:31,56.9,50,105850
20231106,11:01:39,56.8,50,105850
20231106,11:01:49,56.9,300,105850
20231106,11:01:59,56.9,600,105850
20231106,11:02:10,57.0,350,105850
20231106,11:03:16,56.65,50,107250
20231106,11:03:25,56.65,50,107250
20231106,11:03:42,56.8,100,107250
20231106,11:03:51,56.8,50,107250
20231106,11:04:25,57.0,50,107250
20231106,11:04:43,57.4,100,107250
20231106,11:05:09,57.45,100,107250
20231106,11:06:03,57.9,150,107600
20231106,11:06:31,57.8,50,107600
20231106,11:06:40,57.95,250,107600
20231106,11:06:49,57.75,50,107600
20231106,11:07:50,57.25,100,107600
20231106,11:11:10,56.55,100,107800
20231106,11:12:11,56.8,50,107800
20231106,11:12:20,56.85,150,107800
20231106,11:12:46,56.9,50,107800
20231106,11:13:02,57.05,350,107800
20231106,11:13:27,57.15,50,107800
20231106,11:13:35,57.0,500,107800
20231106,11:13:44,57.15,50,107800
20231106,11:13:53,57.15,50,107800
20231106,11:14:10,57.1,50,107800
20231106,11:14:19,57.0,200,107800
20231106,11:16:58,57.25,50,108500
20231106,11:17:29,57.45,50,108500
20231106,11:17:38,57.4,250,108500
20231106,11:19:08,57.05,100,108600
20231106,11:19:17,57.05,150,108600
20231106,11:19:34,56.9,50,108600
20231106,11:19:59,56.65,50,108600
20231106,11:20:07,56.85,50,108600
20231106,11:21:05,57.15,500,108650
20231106,11:21:14,57.25,50,108650
20231106,11:24:26,56.8,100,109100
20231106,11:25:19,56.8,50,109100
20231106,11:25:43,56.7,50,109100
20231106,11:32:23,56.7,100,109250
20231106,11:32:31,56.5,200,109250
20231106,11:33:43,56.5,600,109150
20231106,11:34:25,56.0,200,109150
20231106,11:34:42,56.0,100,109150
20231106,11:34:58,55.9,100,109150
20231106,11:35:06,55.95,100,109150
20231106,11:35:15,55.85,50,109150
20231106,11:35:24,56.15,250,109150
20231106,11:42:06,56.05,100,109050
20231106,11:46:57,55.95,50,109150
20231106,11:47:46,56.05,50,109150
20231106,11:47:54,55.95,100,109150
20231106,11:48:59,55.8,100,109150
20231106,11:49:07,55.75,50,109150
20231106,11:49:15,55.7,50,109150
20231106,11:49:23,55.55,50,109150
20231106,11:50:47,55.75,250,109150
20231106,11:56:08,55.75,150,109350
20231106,11:59:05,55.5,100,109500
20231106,11:59:30,55.65,50,109500
20231106,11:59:46,55.65,100,109500
20231106,11:59:55,56.0,50,109750
20231106,12:04:51,55.15,50,109800
20231106,12:04:59,55.1,100,109800
20231106,12:05:07,55.1,50,109800
20231106,12:05:15,55.1,50,109800
20231106,12:12:02,55.3,100,110050
20231106,12:13:04,55.2,150,110050
20231106,12:13:23,55.2,100,110050
20231106,12:13:32,55.2,50,110050
20231106,12:13:41,55.15,300,110050
20231106,12:13:50,55.15,50,110050
20231106,12:14:17,55.1,50,110050
20231106,12:15:06,55.4,200,110050
20231106,12:15:23,55.5,50,110050
20231106,12:17:00,55.4,100,110050
20231106,12:19:16,54.95,50,110250
20231106,12:19:24,54.9,50,110250
20231106,12:19:40,54.9,50,110250
20231106,12:20:59,54.6,350,110350
20231106,12:22:40,54.75,50,110350
20231106,12:24:10,54.7,50,110600
20231106,12:24:48,54.55,100,110600
20231106,12:27:30,54.5,50,110600
20231106,12:27:45,54.35,450,110600
20231106,12:27:52,54.3,350,110600
20231106,12:28:06,54.3,100,110600
20231106,12:29:28,54.5,150,110600
20231106,12:30:26,54.35,150,111600
20231106,12:32:19,54.0,150,111600
20231106,12:33:23,53.95,100,111900
20231106,12:33:41,53.95,100,111900
20231106,12:33:50,54.05,50,111900
20231106,12:33:58,54.1,50,111900
20231106,12:34:07,54.0,100,111900
20231106,12:36:08,53.85,50,112300
20231106,12:37:15,53.85,900,112300
20231106,12:43:33,53.75,200,112000
20231106,12:44:06,53.75,50,112000
20231106,12:50:18,54.15,50,111950
20231106,12:50:25,54.05,500,111950
20231106,12:54:36,53.85,150,112450
20231106,12:58:51,53.6,50,112450
20231106,12:59:06,53.6,300,112450
20231106,13:03:29,53.6,100,112450
20231106,13:04:13,53.75,50,112450
20231106,13:04:27,53.7,50,112450
20231106,13:04:34,53.65,50,112450
20231106,13:04:41,53.7,50,112450
20231106,13:05:23,53.7,50,112450
20231106,13:05:46,53.7,50,112450
20231106,13:06:45,53.7,50,112750
20231106,13:07:06,53.55,50,112750
20231106,13:08:14,53.55,50,112750
20231106,13:08:21,53.5,100,112750
20231106,13:10:00,53.5,50,113000
20231106,13:10:07,53.5,50,113000
20231106,13:10:14,53.5,200,113000
20231106,13:10:21,53.8,100,113000
20231106,13:10:35,53.6,50,113000
20231106,13:11:12,53.95,50,113000
20231106,13:11:27,54.15,150,113000
20231106,13:11:35,54.2,100,113000
20231106,13:11:41,54.3,50,113000
20231106,13:11:48,54.25,50,113000
20231106,13:13:30,54.0,150,113450
20231106,13:13:47,53.8,100,113450
20231106,13:19:47,53.55,100,113400
20231106,13:20:02,53.55,100,113400
20231106,13:23:23,53.5,300,113500
20231106,13:24:09,53.45,100,113600
20231106,13:25:12,53.4,100,113600
20231106,13:25:43,53.2,100,113600
20231106,13:26:07,53.2,50,113600
20231106,13:27:42,53.4,150,113750
20231106,13:28:09,53.45,50,113750
20231106,13:28:38,52.75,200,113750
20231106,13:29:33,52.75,300,113750
20231106,13:32:12,53.2,50,114050
20231106,13:33:32,53.1,100,114050
20231106,13:34:02,53.0,50,114050
20231106,13:35:10,53.2,250,114050
20231106,13:35:18,53.2,100,114050
20231106,13:35:51,53.2,100,114050
20231106,13:36:59,53.0,100,114450
20231106,13:38:20,52.95,50,114450
20231106,13:38:34,52.95,50,114450
20231106,13:39:33,52.65,50,114650
20231106,13:39:41,52.65,50,114650
20231106,13:39:55,52.75,100,114650
20231106,13:40:10,52.7,50,114650
20231106,13:40:48,52.75,50,114650
20231106,13:42:56,53.2,100,114700
20231106,13:43:14,52.85,100,114700
20231106,13:43:27,52.85,400,114700
20231106,13:44:03,52.8,300,114700
20231106,13:45:33,52.8,50,114650
20231106,13:45:39,52.8,200,114650
20231106,13:46:07,52.8,250,114650
20231106,13:47:24,52.7,50,114650
20231106,13:47:38,52.75,100,114650
20231106,13:47:53,52.8,250,114650
20231106,13:49:03,53.0,50,114550
20231106,13:51:09,53.25,200,114600
20231106,13:53:54,53.3,100,114600
20231106,13:56:07,53.3,100,114300
20231106,13:56:20,53.25,50,114300
20231106,13:56:27,53.25,50,114300
20231106,13:57:26,53.3,50,114400
20231106,13:58:06,53.4,100,114400
20231106,13:58:26,53.45,50,114400
20231106,13:59:17,53.25,50,114400
20231106,14:00:28,53.25,500,114450
20231106,14:02:21,53.25,100,114450
20231106,14:03:40,53.2,50,114500
20231106,14:04:56,53.0,100,114500
20231106,14:05:28,52.7,150,114500
20231106,14:05:36,52.75,50,114500
20231106,14:05:43,52.7,50,114500
20231106,14:05:50,52.65,100,114500
20231106,14:05:57,52.6,350,114500
20231106,14:08:04,52.55,50,115100
20231106,14:08:19,52.55,150,115100
20231106,14:11:52,52.55,200,115100
20231106,14:14:12,52.55,50,115300
20231106,14:14:51,52.6,300,115300
20231106,14:15:23,52.3,150,115300
20231106,14:15:33,52.25,350,115300
20231106,14:17:20,51.95,300,115300
20231106,14:17:30,51.95,100,115300
20231106,14:18:16,51.85,50,115550
20231106,14:18:33,51.75,50,115550
20231106,14:18:43,51.75,50,115550
20231106,14:18:52,51.55,50,115550
20231106,14:19:02,51.55,50,115550
20231106,14:19:12,51.5,200,115550
20231106,14:21:01,51.5,150,115550
20231106,14:21:39,51.9,50,115950
20231106,14:21:49,51.45,200,115950
20231106,14:22:19,51.0,250,115950
20231106,14:22:28,50.85,350,115950
20231106,14:22:57,50.85,100,115950
20231106,14:23:17,50.85,500,115950
20231106,14:27:15,51.0,350,116150
20231106,14:27:24,51.0,50,116150
20231106,14:27:58,51.0,150,116150
20231106,14:28:25,51.0,250,116150
20231106,14:28:33,51.0,1000,116150
20231106,14:28:42,51.0,200,116150
20231106,14:32:35,51.0,200,117900
20231106,14:32:52,50.95,50,117900
20231106,14:32:59,51.0,250,117900
20231106,14:33:07,51.0,100,117900
20231106,14:34:01,51.0,100,117750
20231106,14:34:26,51.3,250,117750
20231106,14:34:52,50.05,350,117750
20231106,14:35:01,50.05,350,117750
20231106,14:35:28,50.7,150,117750
20231106,14:35:37,50.75,50,117750
20231106,14:35:46,50.7,150,117750
20231106,14:35:55,50.65,100,117750
20231106,14:36:03,50.65,50,117750
20231106,14:36:52,50.5,50,118650
20231106,14:37:01,50.5,50,118650
20231106,14:37:26,50.5,200,118650
20231106,14:38:01,50.65,50,118650
20231106,14:38:57,50.85,100,118650
20231106,14:39:55,50.95,50,118950
20231106,14:41:01,51.2,150,118950
20231106,14:42:06,51.2,750,118950
20231106,14:42:32,51.2,200,118100
20231106,14:43:03,51.15,200,118100
20231106,14:43:12,51.05,700,118100
20231106,14:43:20,51.1,100,118100
20231106,14:45:39,51.0,500,118200
20231106,14:45:55,51.0,200,118200
20231106,14:46:04,51.0,50,118200
20231106,14:46:27,50.85,50,118200
20231106,14:46:35,50.85,50,118200
20231106,14:48:17,51.0,50,118400
20231106,14:48:57,51.0,1050,118400
20231106,14:49:06,51.0,100,118400
20231106,14:49:42,51.0,50,118400
20231106,14:50:25,51.0,50,118400
20231106,14:51:25,50.85,50,119600
20231106,14:51:42,50.6,50,119600
20231106,14:51:51,50.6,50,119600
20231106,14:54:39,50.65,100,119750
20231106,14:57:52,51.6,100,119750
20231106,14:58:31,51.05,50,119750
20231106,15:02:41,50.65,50,119900
20231106,15:05:01,51.15,500,119900
20231106,15:06:24,50.65,50,119900
20231106,15:08:18,50.1,200,119900
20231106,15:08:27,50.1,450,119900
20231106,15:09:28,50.65,50,120100
20231106,15:09:36,50.65,100,120100
20231106,15:10:28,50.7,100,120100
20231106,15:10:54,50.75,350,120100
20231106,15:12:31,50.35,150,120000
20231106,15:13:32,50.8,50,120000
20231106,15:14:08,50.8,50,120000
20231106,15:15:35,50.8,50,120150
20231106,15:16:01,50.7,50,120150
20231106,15:16:36,50.8,150,120150
20231106,15:17:54,50.8,50,120150
20231106,15:19:12,50.75,50,120150
20231106,15:19:30,50.75,150,120150
20231106,15:19:39,50.9,250,120150
20231106,15:20:06,50.75,50,120150
20231106,15:20:14,50.3,450,120150
20231106,15:20:23,50.7,100,120150
20231106,15:21:55,50.75,100,120050
20231106,15:22:54,50.95,50,120050
20231106,15:23:02,50.8,50,120050
20231106,15:23:45,50.4,250,120050
20231106,15:24:10,50.65,50,120050
20231106,15:24:18,50.35,50,120050
20231106,15:24:34,50.35,50,120400
20231106,15:25:08,50.4,550,120400
20231106,15:25:54,50.6,150,120400
20231106,15:26:14,50.7,200,120400
20231106,15:26:51,50.8,200,120400
20231106,15:27:11,50.7,50,120400
20231106,15:27:21,50.8,250,120950
20231106,15:27:31,50.8,50,120950
20231106,15:27:53,50.9,300,120950
20231106,15:28:23,50.7,300,120950
20231106,15:28:42,50.9,100,120950
20231106,15:29:02,50.95,100,120950
20231106,15:29:32,50.0,2300,120950
20231106,15:29:43,50.0,300,120950
20231106,15:29:53,50.9,50,120950
20231107,09:15:14,51.0,1,122400
20231107,09:15:14,51.0,950,122400
20231107,09:16:47,52.75,100,122400
20231107,09:16:55,52.8,150,122400
20231107,09:17:04,55.65,250,122400
20231107,09:17:12,53.0,50,122400
20231107,09:17:21,52.25,50,122400
20231107,09:17:57,52.6,50,122450
20231107,09:18:46,52.7,50,122450
20231107,09:18:55,52.75,100,122450
20231107,09:19:20,52.8,50,122450
20231107,09:19:35,52.8,300,122450
20231107,09:19:43,52.8,1000,122450
20231107,09:19:50,52.8,1000,122450
20231107,09:19:58,52.95,200,122450
20231107,09:20:32,52.65,150,122450
20231107,09:20:51,52.6,300,124100
20231107,09:20:59,52.35,50,124100
20231107,09:21:08,52.35,100,124100
20231107,09:21:35,52.5,50,124100
20231107,09:21:54,52.75,50,124100
20231107,09:22:19,53.0,500,124100
20231107,09:23:40,52.5,50,123050
20231107,09:24:40,52.15,50,123050
20231107,09:25:39,52.0,150,123050
20231107,09:25:48,52.0,650,123050
20231107,09:26:23,52.25,50,123050
20231107,09:27:13,52.25,150,123150
20231107,09:27:46,52.45,50,123150
20231107,09:31:00,52.5,150,123150
20231107,09:35:17,52.3,50,123250
20231107,09:37:19,52.3,50,123300
20231107,09:37:27,52.3,200,123300
20231107,09:37:36,52.35,100,123300
20231107,09:37:44,52.35,200,123300
20231107,09:38:19,52.3,100,123300
20231107,09:38:27,52.5,50,123300
20231107,09:39:25,52.5,350,123150
20231107,09:40:53,52.5,100,123150
20231107,09:41:20,52.7,100,123150
20231107,09:45:37,52.55,150,123050
20231107,09:50:08,52.95,50,123050
20231107,09:53:14,52.5,250,123050
20231107,09:53:21,52.5,500,123050
20231107,09:55:38,52.5,50,122600
20231107,09:55:48,52.65,100,122600
20231107,09:57:59,52.5,50,122450
20231107,09:58:50,52.4,100,122450
20231107,09:59:23,52.45,100,122450
20231107,10:00:30,52.8,50,122450
20231107,10:00:46,52.55,100,122450
20231107,10:00:54,52.55,50,122450
20231107,10:01:18,52.6,100,122450
20231107,10:01:26,52.65,150,122450
20231107,10:01:57,52.7,100,122450
20231107,10:02:05,52.7,150,122450
20231107,10:03:21,52.5,200,123100
20231107,10:03:57,52.5,350,123100
20231107,10:04:06,52.5,150,123100
20231107,10:06:03,52.9,50,123750
20231107,10:06:12,52.9,50,123750
20231107,10:06:57,52.8,50,123750
20231107,10:08:28,53.0,50,123750
20231107,10:10:00,52.55,50,123950
20231107,10:11:46,52.4,50,123950
20231107,10:11:54,52.35,50,123950
20231107,10:12:36,52.3,150,123950
20231107,10:12:44,52.3,250,123950
20231107,10:14:59,52.3,50,124450
20231107,10:15:17,52.2,50,124450
20231107,10:15:26,52.2,50,124450
20231107,10:16:09,52.2,50,124450
20231107,10:16:25,52.3,50,124450
20231107,10:17:16,52.25,150,124450
20231107,10:17:33,52.3,150,124450
20231107,10:17:42,52.3,300,125150
20231107,10:19:16,51.95,50,125150
20231107,10:19:32,51.95,50,125150
20231107,10:19:59,51.8,50,125150
20231107,10:21:05,51.5,100,125300
20231107,10:21:26,51.15,50,125300
20231107,10:21:54,51.1,50,125300
20231107,10:22:12,51.0,350,125300
20231107,10:23:04,51.25,50,125300
20231107,10:23:21,51.5,50,125300
20231107,10:23:46,51.9,50,125750
20231107,10:23:54,51.9,50,125750
20231107,10:25:49,51.75,50,125750
20231107,10:26:06,51.3,50,125750
20231107,10:30:34,51.3,100,125750
20231107,10:31:08,51.0,600,125750
20231107,10:34:32,50.85,50,126450
20231107,10:34:50,50.85,100,126450
20231107,10:36:37,50.45,200,126600
20231107,10:37:12,50.0,1100,126600
20231107,10:38:45,50.0,100,127950
20231107,10:41:42,50.0,50,127950
20231107,10:44:12,49.7,50,128050
20231107,10:44:29,49.7,50,128050
20231107,10:44:47,49.65,250,128050
20231107,10:46:09,50.0,100,128050
20231107,10:46:18,50.0,50,128050
20231107,10:46:53,50.45,150,128050
20231107,10:48:15,50.45,250,128050
20231107,10:49:30,50.45,200,128000
20231107,10:52:10,50.5,250,127650
20231107,10:52:26,50.5,250,127650
20231107,10:57:46,51.65,450,128050
20231107,10:58:28,51.65,100,128050
20231107,10:58:36,51.65,100,128050
20231107,10:58:51,51.85,100,128050
20231107,11:04:50,50.65,50,128200
20231107,11:06:17,50.8,50,128250
20231107,11:06:25,50.75,50,128250
20231107,11:07:03,51.5,300,128250
20231107,11:08:54,51.45,50,128500
20231107,11:09:11,50.75,50,128500
20231107,11:10:10,50.55,50,128500
20231107,11:15:36,51.0,150,128400
20231107,11:15:44,51.0,100,128400
20231107,11:19:10,50.65,50,128650
20231107,11:19:17,50.45,50,128650
20231107,11:19:39,50.6,50,128650
20231107,11:20:25,50.45,50,128650
20231107,11:20:32,50.45,150,128650
20231107,11:22:45,50.25,50,128900
20231107,11:23:56,50.45,150,128900
20231107,11:28:05,50.55,50,128850
20231107,11:34:04,50.55,50,128850
20231107,11:35:18,50.5,100,128850
20231107,11:37:56,48.5,150,129000
20231107,11:40:16,48.5,150,129050
20231107,11:40:26,51.75,250,129050
20231107,11:40:36,51.65,100,129050
20231107,11:41:28,52.0,50,129050
20231107,11:42:28,52.0,100,129500
20231107,11:45:17,52.75,250,129500
20231107,11:45:27,53.05,150,129500
20231107,11:49:54,53.5,150,129900
20231107,11:50:02,53.5,50,129900
20231107,11:50:11,53.5,50,129900
20231107,11:51:20,53.85,50,129800
20231107,11:52:51,53.65,50,129800
20231107,11:53:51,53.75,50,129800
20231107,11:53:59,53.75,50,129800
20231107,11:54:08,53.8,50,129750
20231107,11:55:51,53.5,50,129750
20231107,11:57:11,53.2,100,129650
20231107,12:00:45,53.5,50,129750
20231107,12:03:42,53.6,50,129750
20231107,12:04:07,53.3,50,129750
20231107,12:06:33,53.4,100,129850
20231107,12:07:39,52.45,100,129850
20231107,12:10:49,52.65,100,130050
20231107,12:17:26,53.15,150,130050
20231107,12:18:43,52.65,200,130100
20231107,12:19:01,52.65,50,130100
20231107,12:19:09,52.65,250,130100
20231107,12:19:42,52.0,50,130100
20231107,12:20:56,51.55,50,130100
20231107,12:23:23,52.15,50,130150
20231107,12:24:18,52.2,150,130200
20231107,12:25:28,52.15,50,130200
20231107,12:29:37,52.25,150,130100
20231107,12:34:40,52.15,950,130250
20231107,12:34:48,51.4,50,130250
20231107,12:35:07,51.25,50,130250
20231107,12:36:47,51.55,100,129350
20231107,12:38:49,51.7,200,129350
20231107,12:39:55,51.65,50,129250
20231107,12:40:10,51.55,50,129250
20231107,12:40:43,51.55,50,129250
20231107,12:40:51,51.7,100,129250
20231107,12:42:08,51.6,50,129050
20231107,12:44:18,51.65,350,129050
20231107,12:46:36,51.65,50,129300
20231107,12:46:45,51.7,300,129300
20231107,12:47:38,51.7,100,129300
20231107,12:47:57,51.7,150,129300
20231107,12:48:06,51.65,100,129300
20231107,12:48:24,51.6,50,129350
20231107,12:52:39,51.35,100,129350
20231107,12:52:54,51.35,200,129350
20231107,12:53:11,51.55,50,129350
20231107,12:54:00,51.55,50,129350
20231107,12:54:24,51.7,150,129250
20231107,12:54:33,51.6,50,129250
20231107,12:54:41,51.85,50,129250
20231107,12:55:49,52.0,200,129250
20231107,13:01:11,52.0,550,129450
20231107,13:01:18,52.0,150,129450
20231107,13:05:43,51.7,50,129450
20231107,13:05:51,51.7,50,129450
20231107,13:13:25,52.45,50,129450
20231107,13:14:24,52.05,50,129450
20231107,13:14:39,52.0,100,129450
20231107,13:18:26,52.5,150,129650
20231107,13:18:35,52.35,50,129650
20231107,13:20:37,52.5,50,129650
20231107,13:20:53,52.5,50,129650
20231107,13:21:11,52.5,200,129650
20231107,13:21:56,52.5,200,130000
20231107,13:33:25,51.95,50,130050
20231107,13:34:27,51.0,50,130050
20231107,13:37:14,51.25,50,130100
20231107,13:47:15,50.75,50,130150
20231107,13:49:32,50.55,100,130200
20231107,13:50:36,50.2,100,130200
20231107,13:50:45,50.15,50,130200
20231107,13:51:41,50.0,50,130200
20231107,13:53:15,49.8,150,130200
20231107,13:55:38,49.25,50,130050
20231107,13:56:09,49.25,50,130050
20231107,13:56:20,49.2,250,130050
20231107,13:58:42,49.3,100,130050
20231107,14:01:49,49.15,100,130150
20231107,14:02:07,48.7,150,130150
20231107,14:03:48,48.7,50,130400
20231107,14:04:17,48.5,100,130400
20231107,14:04:56,48.5,50,130400
20231107,14:05:25,48.05,100,130400
20231107,14:08:50,48.05,50,130500
20231107,14:09:10,49.0,50,130500
20231107,14:10:26,49.2,50,130550
20231107,14:10:35,49.2,50,130550
20231107,14:10:45,49.2,100,130550
20231107,14:13:23,48.35,100,130550
20231107,14:15:09,48.75,50,130550
20231107,14:16:07,48.8,200,130600
20231107,14:17:14,48.75,100,130600
20231107,14:18:47,48.2,50,130300
20231107,14:22:05,48.6,50,130300
20231107,14:27:21,48.8,50,130300
20231107,14:31:10,49.15,50,130300
20231107,14:31:28,49.0,150,130300
20231107,14:31:37,49.45,50,130300
20231107,14:31:46,49.4,50,130300
20231107,14:31:53,49.4,50,130300
20231107,14:31:54,49.5,100,130300
20231107,14:32:43,49.55,100,130300
20231107,14:34:33,49.75,50,130600
20231107,14:37:34,49.85,50,130650
20231107,14:37:48,49.85,50,130650
20231107,14:37:55,50.0,50,130650
20231107,14:43:58,50.0,50,130700
20231107,14:46:51,49.65,50,130700
20231107,14:47:25,50.5,150,130700
20231107,14:47:34,49.65,50,130700
20231107,14:47:42,49.65,50,130700
20231107,14:49:32,49.65,200,130800
20231107,14:51:32,49.0,100,130800
20231107,14:56:11,49.0,50,130850
20231107,14:58:03,48.9,200,130900
20231107,15:01:49,49.0,50,130950
20231107,15:07:58,48.9,100,130900
20231107,15:08:07,48.95,100,130900
20231107,15:10:02,48.95,300,130700
20231107,15:13:07,48.9,50,130600
20231107,15:13:17,48.9,50,130600
20231107,15:17:47,48.5,50,130600
20231107,15:18:05,48.35,50,130600
20231107,15:18:15,48.35,50,130600
20231107,15:19:20,48.2,200,130650
20231107,15:22:47,47.85,250,130800
20231107,15:23:14,47.85,50,130800
20231107,15:25:03,47.9,50,130950
20231107,15:27:11,47.85,100,130950
20231107,15:27:21,47.65,50,130950
20231107,15:27:51,47.65,100,130950
20231107,15:28:10,47.6,150,130950
20231107,15:28:19,47.0,500,130950
20231107,15:28:27,47.0,600,130950
20231107,15:28:37,47.3,200,130950
20231107,15:29:04,47.55,250,130950
20231107,15:29:55,47.55,50,130950
20231108,09:16:48,43.8,1,131500
20231108,09:16:48,43.8,300,131500
20231108,09:16:55,44.75,50,131500
20231108,09:17:10,45.1,50,131500
20231108,09:17:50,45.55,150,131500
20231108,09:17:57,45.6,100,131500
20231108,09:18:31,45.65,150,131500
20231108,09:18:40,45.95,100,131500
20231108,09:18:48,45.95,300,131500
20231108,09:19:05,45.65,50,131500
20231108,09:19:13,45.45,300,131500
20231108,09:20:03,46.0,150,131500
20231108,09:20:12,45.85,50,131500
20231108,09:21:23,46.6,150,131550
20231108,09:24:23,49.7,1000,131450
20231108,09:24:55,49.7,500,131450
20231108,09:26:29,46.3,50,131450
20231108,09:26:38,46.3,100,131450
20231108,09:27:03,46.15,200,130750
20231108,09:27:23,45.3,150,130750
20231108,09:28:04,45.7,100,130750
20231108,09:28:24,45.85,50,130750
20231108,09:28:32,45.7,50,130750
20231108,09:28:48,45.75,100,130750
20231108,09:29:58,45.6,100,130950
20231108,09:30:15,45.45,100,130950
20231108,09:30:23,45.4,100,130950
20231108,09:31:28,45.4,150,130950
20231108,09:31:52,45.7,50,130950
20231108,09:32:08,45.65,50,130950
20231108,09:33:34,45.75,50,130950
20231108,09:34:06,45.7,50,130950
20231108,09:34:13,45.65,50,130950
20231108,09:34:21,45.6,50,130950
20231108,09:34:29,45.8,100,130950
20231108,09:34:37,45.8,50,130950
20231108,09:34:54,45.85,300,130950
20231108,09:35:09,46.05,50,130950
20231108,09:37:09,46.5,100,131400
20231108,09:37:16,46.2,100,131400
20231108,09:37:24,46.55,100,131400
20231108,09:38:33,46.6,100,131400
20231108,09:39:19,46.9,200,131600
20231108,09:41:15,46.6,50,131600
20231108,09:41:30,46.6,100,131600
20231108,09:42:53,46.0,350,131600
20231108,09:43:53,46.45,200,131600
20231108,09:44:39,46.45,50,131600
20231108,09:46:40,46.6,50,131850
20231108,09:47:03,46.6,100,131850
20231108,09:47:57,46.7,150,131850
20231108,09:48:05,46.75,50,131850
20231108,09:48:21,46.9,200,131850
20231108,09:48:38,47.1,50,131850
20231108,09:48:55,47.15,50,131850
20231108,09:49:36,47.0,50,131850
20231108,09:50:17,47.0,50,131850
20231108,09:50:26,47.0,100,131850
20231108,09:53:02,46.9,50,132150
20231108,09:53:43,46.75,200,132150
20231108,09:53:51,46.6,100,132000
20231108,09:56:20,46.2,50,132000
20231108,09:56:29,46.15,50,132000
20231108,09:56:39,46.1,350,132000
20231108,09:57:06,45.9,150,131650
20231108,09:58:14,45.6,100,131650
20231108,10:00:11,45.65,100,131650
20231108,10:00:19,45.65,400,131650
20231108,10:00:27,45.65,50,131650
20231108,10:01:27,45.5,150,131650
20231108,10:02:26,45.15,100,131650
20231108,10:03:22,45.3,50,131750
20231108,10:04:25,45.25,50,131750
20231108,10:04:41,45.25,50,131750
20231108,10:04:49,45.2,50,131750
20231108,10:04:56,45.2,100,131750
20231108,10:05:33,45.2,50,131750
20231108,10:08:36,45.2,450,131750
20231108,10:09:51,45.45,200,132000
20231108,10:10:33,45.55,50,132000
20231108,10:14:46,45.25,200,132200
20231108,10:15:02,45.5,250,132200
20231108,10:15:11,45.75,50,132200
20231108,10:18:11,45.25,100,132600
20231108,10:18:35,45.25,100,132600
20231108,10:19:13,45.25,100,132600
20231108,10:19:44,45.25,150,132600
20231108,10:22:14,45.25,50,133050
20231108,10:23:55,45.05,150,133050
20231108,10:24:03,45.0,250,133050
20231108,10:26:15,45.05,50,133050
20231108,10:26:47,44.9,300,133100
20231108,10:27:04,44.85,100,133100
20231108,10:27:12,44.8,150,133100
20231108,10:27:42,44.6,100,133100
20231108,10:28:05,44.6,600,133100
20231108,10:28:30,45.5,1900,133100
20231108,10:28:48,45.5,150,133100
20231108,10:30:29,45.6,50,135300
20231108,10:30:55,45.5,50,135300
20231108,10:31:03,45.5,550,135300
20231108,10:31:21,45.5,250,135300
20231108,10:31:38,45.5,250,135300
20231108,10:33:00,45.45,50,135200
20231108,10:34:26,45.65,100,135200
20231108,10:35:56,45.0,650,135200
20231108,10:44:29,44.2,250,135200
20231108,10:45:37,44.2,100,135200
20231108,10:47:36,44.1,200,135200
20231108,10:47:50,44.0,150,135100
20231108,10:50:06,44.0,200,135100
20231108,10:50:33,43.9,200,135100
20231108,10:52:35,43.9,100,134800
20231108,10:54:19,43.9,50,134800
20231108,10:55:11,43.9,150,134800
20231108,10:55:40,43.9,100,134800
20231108,10:55:47,43.95,50,134800
20231108,10:56:28,43.95,50,134800
20231108,11:01:11,44.2,50,134650
20231108,11:04:57,44.0,900,134700
20231108,11:05:10,43.95,200,134700
20231108,11:05:36,43.5,900,134700
20231108,11:06:16,43.35,700,134300
20231108,11:06:23,43.4,1200,134300
20231108,11:09:03,44.2,350,134300
20231108,11:17:27,45.0,150,134300
20231108,11:18:48,45.0,150,134450
20231108,11:19:34,46.0,200,134450
20231108,11:23:47,45.0,50,134350
20231108,11:28:06,44.25,200,134300
20231108,11:28:38,44.2,50,134300
20231108,11:30:12,43.0,150,134200
20231108,11:30:20,43.0,100,134200
20231108,11:33:16,43.0,50,134350
20231108,11:41:53,43.0,100,134300
20231108,11:43:20,43.0,150,134400
20231108,11:50:03,43.3,50,134550
20231108,11:51:34,43.15,50,134600
20231108,11:51:41,44.0,400,134600
20231108,11:51:50,43.05,100,134600
20231108,11:51:57,42.0,900,134600
20231108,11:52:20,42.0,300,134600
20231108,11:53:11,43.0,500,134600
20231108,11:53:50,42.95,150,134600
20231108,11:54:05,43.25,100,136450
20231108,11:56:06,43.05,200,136450
20231108,11:57:38,43.3,100,136750
20231108,11:58:27,44.1,50,136750
20231108,12:00:58,43.5,50,136800
20231108,12:07:23,43.0,350,136800
20231108,12:14:03,43.0,1200,137150
20231108,12:16:49,42.95,100,138250
20231108,12:24:43,43.2,100,138250
20231108,12:26:04,43.5,50,138250
20231108,12:28:33,43.75,700,138350
20231108,12:29:17,43.35,100,138350
20231108,12:30:07,43.3,50,138150
20231108,12:31:04,42.8,200,138150
20231108,12:33:13,42.95,100,138150
20231108,12:34:08,42.95,100,138150
20231108,12:36:16,43.0,250,138250
20231108,12:36:28,43.0,1250,138250
20231108,12:37:04,43.0,50,138250
20231108,12:37:36,43.0,150,138250
20231108,12:43:34,43.85,50,138450
20231108,12:47:05,42.5,1500,138400
20231108,12:50:37,42.75,50,139800
20231108,12:57:03,43.3,250,139800
20231108,13:01:21,43.3,500,140050
20231108,13:09:25,43.0,250,139750
20231108,13:10:10,42.55,100,139750
20231108,13:12:50,42.55,50,139700
20231108,13:14:10,43.75,50,139700
20231108,13:14:22,43.05,50,139700
20231108,13:14:37,43.05,100,139700
20231108,13:14:56,42.6,50,139700
20231108,13:16:46,42.3,100,139750
20231108,13:17:21,42.1,300,139750
20231108,13:18:46,41.9,50,139750
20231108,13:19:36,41.9,50,139750
20231108,13:20:35,42.0,350,139750
20231108,13:20:49,42.05,50,139750
20231108,13:20:57,41.9,50,139750
20231108,13:21:06,41.5,350,139750
20231108,13:21:16,41.75,200,139900
20231108,13:21:33,41.55,50,139900
20231108,13:21:59,41.5,600,139900
20231108,13:22:08,41.5,100,139900
20231108,13:22:17,41.25,500,139900
20231108,13:23:07,41.25,50,139900
20231108,13:24:24,41.75,100,139300
20231108,13:24:46,42.0,50,139300
20231108,13:25:10,42.4,100,139300
20231108,13:25:32,42.4,50,139300
20231108,13:25:39,42.45,50,139300
20231108,13:25:55,42.0,50,139300
20231108,13:26:17,42.5,50,139300
20231108,13:26:40,42.6,100,139300
20231108,13:26:56,42.7,50,139300
20231108,13:27:04,42.05,100,139300
20231108,13:27:18,42.55,50,139250
20231108,13:28:13,42.05,150,139250
20231108,13:29:32,42.3,50,139250
20231108,13:30:21,42.05,100,139250
20231108,13:30:22,42.0,50,139250
20231108,13:35:25,41.5,50,139250
20231108,13:36:40,42.15,50,139250
20231108,13:41:05,40.4,250,139250
20231108,13:41:18,40.4,50,139250
20231108,13:43:20,41.2,100,139550
20231108,13:46:34,41.2,150,139650
20231108,13:50:46,41.95,250,139600
20231108,13:52:14,41.8,50,139600
20231108,13:54:42,41.7,50,139550
20231108,13:57:34,41.7,300,139550
20231108,13:58:23,41.7,100,139550
20231108,13:58:40,41.7,100,139550
20231108,13:59:58,41.7,100,139550
20231108,14:00:59,40.9,300,139600
20231108,14:03:58,40.45,200,139400
20231108,14:04:03,40.0,850,139400
20231108,14:14:12,40.0,50,140100
20231108,14:19:37,43.0,450,140100
20231108,14:27:27,42.05,100,139750
20231108,14:31:21,42.6,50,139750
20231108,14:32:32,42.95,100,139750
20231108,14:32:49,43.0,100,139750
20231108,14:33:31,43.0,250,139800
20231108,14:35:08,43.45,50,139800
20231108,14:35:32,42.5,2000,139800
20231108,14:36:22,42.8,100,139800
20231108,14:36:55,41.75,50,139900
20231108,14:38:28,42.45,50,139900
20231108,14:41:22,41.8,50,139900
20231108,14:45:45,41.8,300,139900
20231108,14:46:07,41.75,300,139900
20231108,14:52:05,41.8,150,139750
20231108,14:52:36,41.75,250,139750
20231108,14:54:24,41.75,250,139750
20231108,14:57:03,42.85,400,139750
20231108,14:59:06,41.8,100,139800
20231108,15:00:08,41.75,800,139800
20231108,15:00:18,41.75,150,139800
20231108,15:00:52,41.75,50,139800
20231108,15:04:40,40.15,300,139800
20231108,15:06:15,40.95,250,139800
20231108,15:07:17,41.05,50,140150
20231108,15:07:33,41.05,50,140150
20231108,15:07:41,41.05,350,140150
20231108,15:10:28,42.0,300,140600
20231108,15:15:12,41.05,200,140450
20231108,15:15:41,41.0,50,140650
20231108,15:19:15,41.25,100,140700
20231108,15:21:14,41.35,250,140700
20231108,15:21:52,41.5,50,140700
20231108,15:22:14,41.65,100,141000
20231108,15:23:07,41.5,150,141000
20231108,15:25:00,42.45,100,141300
20231108,15:27:26,41.9,100,141300
20231108,15:28:22,41.55,100,141300
20231108,15:29:10,42.0,100,141300
20231108,15:29:35,42.0,250,141300
20231109,09:20:35,41.5,1,141100
20231109,09:20:35,41.5,50,141100
20231109,09:21:23,41.7,50,141100
20231109,09:28:20,41.7,50,141150
20231109,09:28:45,40.0,50,141150
20231109,09:29:27,39.45,50,141150
20231109,09:30:26,39.45,100,141150
20231109,09:30:59,39.5,50,141150
20231109,09:32:02,39.9,550,141150
20231109,09:32:10,40.0,150,141150
20231109,09:32:33,39.7,50,141750
20231109,09:33:54,40.25,50,141750
20231109,09:36:20,40.55,50,141750
20231109,09:37:16,39.95,50,141750
20231109,09:37:31,39.95,50,141750
20231109,09:38:33,40.0,250,141750
20231109,09:38:48,40.0,50,141750
20231109,09:39:20,40.0,500,141750
20231109,09:40:05,40.45,50,141750
20231109,09:43:25,40.45,100,142550
20231109,09:44:35,40.0,50,142550
20231109,09:45:22,39.2,500,142550
20231109,09:45:44,39.2,50,142550
20231109,09:50:30,40.1,300,143050
20231109,09:51:55,40.95,50,143350
20231109,09:55:06,39.15,150,143350
20231109,09:55:17,39.15,50,143350
20231109,09:55:54,39.15,200,143350
20231109,09:56:11,40.0,50,143350
20231109,10:00:01,39.3,50,143600
20231109,10:05:39,38.15,1100,143600
20231109,10:05:49,39.35,100,143600
20231109,10:06:09,39.55,450,143600
20231109,10:08:40,39.4,100,143250
20231109,10:11:11,39.4,50,143250
20231109,10:11:19,39.4,100,143250
20231109,10:12:18,39.4,50,143500
20231109,10:15:21,39.4,150,143550
20231109,10:15:31,39.45,350,143550
20231109,10:17:06,39.45,50,143550
20231109,10:25:04,39.75,100,143900
20231109,10:25:20,39.95,350,143900
20231109,10:25:35,40.0,200,143900
20231109,10:25:51,40.0,150,143900
20231109,10:25:59,40.45,100,143900
20231109,10:26:15,40.5,150,143900
20231109,10:26:46,41.0,750,144300
20231109,10:27:06,41.0,100,144300
20231109,10:29:19,40.7,250,144300
20231109,10:29:38,40.85,150,144350
20231109,10:29:47,40.95,100,144350
20231109,10:29:56,41.0,250,144350
20231109,10:30:05,40.85,250,144350
20231109,10:30:56,41.0,150,144350
20231109,10:33:43,40.7,50,143900
20231109,10:34:21,40.5,50,143900
20231109,10:35:29,40.7,50,143900
20231109,10:36:04,40.9,100,144000
20231109,10:36:12,40.85,50,144000
20231109,10:36:20,40.85,250,144000
20231109,10:36:39,41.0,50,144000
20231109,10:37:12,41.15,100,144000
20231109,10:40:17,41.15,50,144200
20231109,10:40:30,39.95,200,144200
20231109,10:40:58,40.0,500,144200
20231109,10:45:09,40.5,100,144300
20231109,10:47:29,40.5,300,144300
20231109,10:52:02,40.5,50,144300
20231109,10:54:42,39.9,100,144250
20231109,10:55:34,40.0,200,144250
20231109,10:55:43,40.0,300,144250
20231109,10:56:43,40.0,50,144350
20231109,11:00:36,40.0,250,144300
20231109,11:04:50,39.95,100,144150
20231109,11:05:19,39.95,50,144150
20231109,11:05:25,39.95,50,144150
20231109,11:05:32,40.0,150,144150
20231109,11:09:48,40.0,500,144150
20231109,11:09:56,40.05,400,144150
20231109,11:10:10,40.3,200,144150
20231109,11:11:51,40.15,150,144200
20231109,11:12:07,40.2,100,144200
20231109,11:13:05,40.4,50,144200
20231109,11:13:46,40.15,100,144200
20231109,11:16:24,40.85,700,144150
20231109,11:16:31,40.8,550,144150
20231109,11:16:38,40.75,450,144150
20231109,11:16:45,40.3,100,144150
20231109,11:16:57,40.75,50,144150
20231109,11:17:13,41.15,450,144150
20231109,11:17:21,40.55,100,144150
20231109,11:17:29,40.75,350,144150
20231109,11:17:37,40.6,200,144150
20231109,11:17:45,40.9,50,144150
20231109,11:18:01,40.95,50,144150
20231109,11:18:08,40.9,250,144150
20231109,11:18:16,41.1,250,144150
20231109,11:18:23,41.0,400,144150
20231109,11:18:30,41.0,250,144150
20231109,11:18:37,41.15,250,144150
20231109,11:18:44,41.2,250,144150
20231109,11:19:05,41.2,50,144150
20231109,11:19:27,41.2,50,144150
20231109,11:19:49,41.2,50,144150
20231109,11:20:09,41.05,50,144150
20231109,11:20:23,40.95,100,144150
20231109,11:20:36,41.0,50,144150
20231109,11:24:25,40.85,100,144250
20231109,11:25:14,41.0,150,144250
20231109,11:25:20,40.0,1000,144250
20231109,11:25:36,40.6,250,144250
20231109,11:26:18,40.4,150,144250
20231109,11:26:37,40.5,50,144250
20231109,11:27:03,40.5,250,145250
20231109,11:27:47,40.3,100,145250
20231109,11:28:03,40.35,100,145250
20231109,11:28:47,40.5,50,145250
20231109,11:28:55,40.45,50,145250
20231109,11:30:40,41.25,50,145250
20231109,11:32:09,41.25,400,145250
20231109,11:33:37,40.4,200,144900
20231109,11:41:26,40.45,200,144850
20231109,11:41:41,40.55,50,144850
20231109,11:42:43,40.3,100,145000
20231109,11:43:05,40.4,200,145000
20231109,11:43:35,40.4,50,145000
20231109,11:43:50,40.4,50,145000
20231109,11:44:34,40.45,100,145000
20231109,11:45:11,40.65,50,145000
20231109,11:45:51,40.5,50,145000
20231109,11:46:08,40.45,50,145000
20231109,11:46:16,40.3,350,145000
20231109,11:46:33,40.3,550,145000
20231109,11:46:41,40.3,100,145000
20231109,11:46:49,40.3,250,145000
20231109,11:46:58,40.95,650,145000
20231109,11:47:30,40.35,100,145000
20231109,11:47:55,41.0,200,145250
20231109,11:48:04,41.3,250,145250
20231109,11:48:13,41.2,100,145250
20231109,11:48:21,41.2,100,145250
20231109,11:48:29,41.2,100,145250
20231109,11:48:45,41.35,350,145250
20231109,11:49:01,41.4,150,145250
20231109,11:50:23,41.05,50,145250
20231109,11:50:58,40.95,50,145250
20231109,11:51:06,41.0,500,145250
20231109,11:51:15,41.0,50,145250
20231109,11:52:33,40.3,50,145250
20231109,11:53:16,40.85,1450,145250
20231109,11:53:40,40.95,50,145250
20231109,11:55:09,40.9,150,145700
20231109,11:55:32,40.95,150,145700
20231109,11:57:11,41.4,250,145900
20231109,11:59:10,41.4,450,145900
20231109,12:00:23,41.1,50,145950
20231109,12:00:54,41.45,50,145950
20231109,12:02:07,41.15,50,145950
20231109,12:04:03,41.75,500,145900
20231109,12:04:19,41.75,150,145900
20231109,12:04:49,41.6,50,145900
20231109,12:04:56,41.75,650,145900
20231109,12:05:03,41.7,250,145900
20231109,12:05:10,41.65,50,145900
20231109,12:16:36,41.6,50,145950
20231109,12:18:58,40.05,500,145900
20231109,12:21:22,41.2,50,145600
20231109,12:24:56,41.5,50,145650
20231109,12:26:04,41.05,100,145650
20231109,12:28:24,41.55,50,145650
20231109,12:28:31,41.65,150,145650
20231109,12:28:38,41.6,150,145650
20231109,12:28:45,41.65,150,145650
20231109,12:29:00,41.65,50,145650
20231109,12:30:12,41.55,50,145300
20231109,12:35:23,41.45,400,145300
