date,time,tick_price,volume,open_interest
20240202,09:43:24,472.0,50,50
20240202,09:48:18,479.0,50,50
20240202,09:51:07,479.0,100,100
20240202,09:58:31,470.0,1800,200
20240202,09:59:00,470.0,400,200
20240202,09:59:39,471.35,500,2350
20240202,09:59:49,471.35,250,2350
20240202,10:04:42,457.85,350,3100
20240202,10:08:24,456.45,50,3450
20240202,10:09:03,455.6,300,3500
20240202,10:11:28,455.0,400,3800
20240202,10:23:26,455.0,50,4200
20240202,10:25:11,458.15,400,4200
20240202,10:37:17,461.8,250,4650
20240202,10:37:30,460.65,400,4650
20240202,10:58:00,452.65,50,5300
20240202,11:15:06,421.45,50,5350
20240202,11:16:51,407.15,400,5350
20240202,11:17:13,406.95,400,5350
20240202,11:21:18,401.05,50,6200
20240202,11:22:21,395.5,350,6200
20240202,11:22:36,394.2,50,6200
20240202,11:25:03,394.2,50,6200
20240202,11:25:14,397.2,250,6650
20240202,11:29:17,397.95,250,6950
20240202,11:30:01,398.2,50,6950
20240202,11:32:10,390.75,250,6950
20240202,11:32:33,390.75,700,7300
20240202,11:32:45,395.7,450,7300
20240202,11:33:20,395.7,200,7300
20240202,11:33:31,396.2,600,7300
20240202,11:34:03,398.15,100,7300
20240202,11:34:26,393.85,50,7300
20240202,11:35:48,392.0,50,7350
20240202,11:38:34,385.6,50,7300
20240202,11:39:15,381.0,50,7300
20240202,11:39:28,380.85,850,7300
20240202,11:39:40,380.4,300,7300
20240202,11:39:52,380.8,100,7300
20240202,11:41:19,383.0,900,7300
20240202,11:42:27,373.65,1500,8300
20240202,11:42:38,376.85,200,8300
20240202,11:42:50,377.8,250,8300
20240202,11:43:02,377.0,400,8300
20240202,11:43:13,381.75,50,8300
20240202,11:43:25,383.2,350,8300
20240202,11:43:36,383.0,50,8300
20240202,11:43:48,386.15,1950,8300
20240202,11:44:00,386.3,50,8300
20240202,11:44:11,383.0,450,8300
20240202,11:44:23,384.15,350,8300
20240202,11:44:34,388.7,500,8300
20240202,11:45:09,388.25,50,9700
20240202,11:45:20,387.05,300,9700
20240202,11:46:58,388.05,200,9700
20240202,11:47:22,386.3,250,9700
20240202,11:47:27,389.35,500,9700
20240202,11:50:31,391.15,50,10450
20240202,11:50:42,393.1,50,10500
20240202,11:50:44,391.8,500,10500
20240202,11:50:59,390.7,50,10500
20240202,11:51:01,390.95,100,10500
20240202,11:51:11,394.8,250,10500
20240202,11:51:21,395.35,50,10500
20240202,11:52:10,395.55,50,10500
20240202,11:52:12,395.65,50,10500
20240202,11:52:15,395.8,150,10500
20240202,11:55:51,391.3,150,11500
20240202,11:55:59,391.3,150,11500
20240202,11:56:32,388.55,50,11500
20240202,11:57:48,382.8,50,11300
20240202,11:57:49,380.0,50,11300
20240202,12:03:46,374.75,100,11300
20240202,12:03:51,374.55,50,11300
20240202,12:04:21,376.65,50,11300
20240202,12:06:15,380.0,50,11450
20240202,12:07:45,389.05,100,11450
20240202,12:07:47,388.45,100,11450
20240202,12:09:10,388.75,50,11350
20240202,12:12:24,392.75,50,11400
20240202,12:15:31,397.7,50,11400
20240202,12:16:08,395.75,100,11400
20240202,12:16:32,393.15,50,11400
20240202,12:17:18,396.4,250,11400
20240202,12:17:56,397.95,50,11400
20240202,12:18:33,393.95,50,11400
20240202,12:18:36,396.6,50,11400
20240202,12:22:36,398.55,400,11350
20240202,12:25:18,409.95,100,11400
20240202,12:26:11,413.2,50,11400
20240202,12:29:01,436.55,50,11350
20240202,12:29:39,450.55,50,11300
20240202,12:30:26,474.05,50,11300
20240202,12:30:33,480.0,50,11300
20240202,12:30:35,484.2,100,11300
20240202,12:30:36,482.9,250,11300
20240202,12:30:46,476.6,150,11300
20240202,12:31:06,476.3,50,11300
20240202,12:31:29,490.0,50,11300
20240202,12:31:43,502.35,200,11300
20240202,12:31:48,502.35,250,11300
20240202,12:31:54,504.05,50,11300
20240202,12:32:08,504.05,650,11300
20240202,12:32:13,494.25,50,11300
20240202,12:32:28,488.45,50,11300
20240202,12:32:41,493.9,50,11450
20240202,12:32:46,496.05,50,11450
20240202,12:32:48,497.0,600,11450
20240202,12:33:01,495.95,150,11450
20240202,12:33:16,504.05,300,11450
20240202,12:33:23,503.85,200,11450
20240202,12:33:26,498.5,900,11450
20240202,12:33:30,496.5,500,11450
20240202,12:33:50,491.05,150,11450
20240202,12:34:03,485.4,150,11450
20240202,12:34:15,477.05,150,11450
20240202,12:35:10,487.3,250,11450
20240202,12:35:21,500.6,200,11450
20240202,12:35:30,504.05,200,11450
20240202,12:35:31,504.5,200,11450
20240202,12:35:38,505.1,450,11450
20240202,12:35:40,511.3,50,11450
20240202,12:35:43,513.4,900,11000
20240202,12:35:48,516.85,50,11000
20240202,12:36:03,532.35,500,11000
20240202,12:36:05,532.35,850,11000
20240202,12:36:06,531.3,1300,11000
20240202,12:36:08,532.95,450,11000
20240202,12:37:08,524.1,250,11000
20240202,12:37:29,520.0,50,11000
20240202,12:37:33,514.55,250,11000
20240202,12:37:48,513.15,50,11000
20240202,12:38:03,509.3,150,11000
20240202,12:38:06,512.0,50,11000
20240202,12:38:23,507.1,200,11000
20240202,12:38:24,509.2,100,11000
20240202,12:38:38,502.05,100,11000
20240202,12:39:14,508.95,150,11000
20240202,12:39:18,511.0,400,10400
20240202,12:39:21,514.05,50,10400
20240202,12:39:53,500.0,50,10400
20240202,12:40:08,494.05,200,10400
20240202,12:40:13,487.35,50,10400
20240202,12:40:35,487.05,200,10400
20240202,12:42:20,506.1,200,10400
20240202,12:42:21,504.25,50,9700
20240202,12:42:41,494.8,50,9700
20240202,12:45:27,486.55,50,9550
20240202,12:47:10,504.25,50,9550
20240202,12:47:22,499.9,50,9550
20240202,12:49:09,508.25,200,9450
20240202,12:49:14,513.95,50,9450
20240202,12:49:21,520.0,50,9450
20240202,12:49:22,517.7,150,9450
20240202,12:49:44,517.0,50,9450
20240202,12:50:36,530.0,50,9450
20240202,12:50:39,529.05,50,9450
20240202,12:50:42,525.75,50,9150
20240202,12:51:11,513.25,50,9150
20240202,12:51:44,506.75,450,9150
20240202,12:54:01,498.7,50,8950
20240202,13:00:59,508.15,50,8950
20240202,13:01:01,506.15,50,8950
20240202,13:06:03,502.9,200,8900
20240202,13:07:34,494.5,100,8900
20240202,13:09:18,511.3,50,8850
20240202,13:14:08,526.15,50,8850
20240202,13:14:26,529.15,50,8850
20240202,13:14:36,538.95,50,8850
20240202,13:15:15,546.05,100,8800
20240202,13:15:30,550.0,50,8800
20240202,13:19:02,550.0,100,8650
20240202,13:23:58,548.95,50,8650
20240202,13:25:58,576.15,400,8650
20240202,13:26:00,580.0,450,8650
20240202,13:26:02,580.0,50,8650
20240202,13:26:08,565.2,50,8650
20240202,13:26:35,553.2,400,8650
20240202,13:27:28,562.3,100,8000
20240202,13:27:46,562.3,50,8000
20240202,13:30:10,540.85,400,8000
20240202,13:31:56,560.0,100,8100
20240202,13:32:20,554.85,300,8100
20240202,13:32:28,556.8,50,8100
20240202,13:33:48,555.5,50,7800
20240202,13:34:16,549.5,100,7800
20240202,13:40:21,527.85,150,7700
20240202,13:41:19,538.4,50,7700
20240202,13:41:26,541.15,50,7700
20240202,13:41:36,544.75,400,7700
20240202,13:43:37,536.75,400,7550
20240202,13:43:38,538.95,100,7550
20240202,13:46:56,525.75,350,7450
20240202,13:51:03,543.75,50,7100
20240202,14:08:56,499.0,50,7100
20240202,14:13:19,510.25,500,7100
20240202,14:13:24,510.15,400,7100
20240202,14:19:55,506.0,350,7200
20240202,14:20:01,505.6,200,7200
20240202,14:20:19,503.45,100,7200
20240202,14:24:11,510.3,400,7850
20240202,14:24:16,511.95,50,7850
20240202,14:33:48,511.55,50,7850
20240202,14:34:06,514.4,50,8200
20240202,14:34:25,513.95,50,8200
20240202,14:35:04,509.0,100,8200
20240202,14:37:13,500.95,50,8300
20240202,14:37:55,495.1,50,8300
20240202,14:38:01,497.95,150,8300
20240202,14:40:56,506.35,100,8200
20240202,14:43:37,490.0,50,8200
20240202,14:54:18,526.35,250,8100
20240202,14:55:01,524.05,150,8100
20240202,14:55:58,531.75,50,8100
20240202,14:58:08,562.1,100,7950
20240202,15:01:38,540.95,150,7950
20240202,15:02:18,545.25,100,7950
20240202,15:16:05,550.3,400,7950
20240202,15:21:07,548.45,500,7850
20240202,15:21:31,552.1,100,7850
20240202,15:24:08,550.1,200,7950
20240202,15:26:24,550.5,400,7950
20240202,15:26:48,549.05,400,7950
20240202,15:27:13,545.8,200,7950
20240205,09:16:03,567.25,1,7950
20240205,09:16:03,567.25,100,7950
20240205,09:16:45,567.25,500,7950
20240205,09:16:51,567.25,400,7950
20240205,09:17:31,562.4,150,7950
20240205,09:19:08,584.25,900,7950
20240205,09:19:43,589.5,50,8250
20240205,09:19:54,589.5,300,8250
20240205,09:21:31,573.0,500,8250
20240205,09:24:22,562.05,50,8700
20240205,09:24:51,555.4,100,8700
20240205,09:24:52,555.1,100,8700
20240205,09:24:57,554.45,50,8700
20240205,09:25:14,549.7,100,8700
20240205,09:26:18,539.35,250,8700
20240205,09:28:18,531.6,50,8850
20240205,09:28:38,531.6,50,8850
20240205,09:29:23,535.95,50,8850
20240205,09:34:18,562.95,50,8800
20240205,09:34:51,564.0,50,8800
20240205,09:42:05,546.45,400,8800
20240205,09:48:40,519.2,50,8950
20240205,09:50:33,507.65,50,8900
20240205,09:51:02,500.0,1800,8900
20240205,09:51:07,500.0,50,8900
20240205,09:51:41,505.1,50,8900
20240205,09:53:12,492.0,400,7150
20240205,09:53:24,490.5,300,7150
20240205,09:53:44,490.5,400,7150
20240205,09:54:01,498.6,400,7150
20240205,09:54:06,493.2,100,7150
20240205,09:54:09,492.8,350,7150
20240205,09:54:11,493.95,400,7150
20240205,09:54:19,497.7,400,7150
20240205,09:54:32,499.1,700,7150
20240205,09:55:00,493.5,300,7150
20240205,09:55:13,500.1,100,7150
20240205,09:55:17,500.75,50,8600
20240205,09:55:30,503.25,50,8600
20240205,09:55:40,502.15,150,8600
20240205,09:55:53,505.0,100,8600
20240205,09:56:13,499.05,150,8600
20240205,09:56:48,502.55,400,8600
20240205,09:57:41,511.4,100,8600
20240205,09:58:01,505.55,50,8600
20240205,10:00:05,500.55,50,8850
20240205,10:01:03,511.0,50,8850
20240205,10:01:32,504.6,100,8750
20240205,10:03:02,504.05,50,8750
20240205,10:04:25,521.2,50,8650
20240205,10:17:24,535.0,50,8650
20240205,10:18:09,554.8,50,8650
20240205,10:18:37,562.7,50,8650
20240205,10:19:38,583.65,50,8700
20240205,10:19:52,581.75,50,8700
20240205,10:32:44,571.15,50,8700
20240205,10:33:17,570.0,50,8700
20240205,10:35:08,575.75,50,8650
20240205,10:42:20,553.0,50,8650
20240205,10:43:37,546.05,350,8700
20240205,10:47:17,532.0,50,9000
20240205,10:51:01,542.0,50,9000
20240205,10:55:13,536.0,50,8950
20240205,10:57:51,528.0,50,9000
20240205,10:59:49,535.0,50,9050
20240205,11:05:18,539.0,50,9050
20240205,11:24:45,529.65,50,9000
20240205,11:32:16,529.0,50,9050
20240205,11:34:13,520.0,50,9050
20240205,11:40:38,501.35,50,9050
20240205,11:44:12,515.0,50,9050
20240205,11:48:09,515.0,50,9050
20240205,11:51:41,519.2,50,9100
20240205,11:58:29,509.95,50,9100
20240205,11:59:54,498.6,50,9150
20240205,12:02:47,505.05,50,9150
20240205,12:09:03,526.0,50,9100
20240205,12:10:03,525.0,100,9100
20240205,13:07:35,481.8,200,9050
20240205,13:17:38,481.8,50,9150
20240205,13:36:38,494.85,100,9150
20240205,13:37:11,491.1,100,9150
20240205,13:52:19,497.35,100,9150
20240205,13:52:25,496.05,100,9150
20240205,13:56:39,492.0,50,9150
20240205,13:58:03,497.6,100,9150
20240205,13:58:15,495.6,100,9150
20240205,13:59:01,492.5,100,9150
20240205,14:10:37,535.0,50,9150
20240205,14:11:31,550.0,50,9100
20240205,14:12:38,545.0,150,9100
20240205,14:14:17,526.0,50,8950
20240205,14:22:39,524.8,50,8950
20240205,14:23:35,524.35,100,9000
20240205,14:23:55,527.35,150,9000
20240205,14:24:43,536.0,50,9000
20240205,14:25:08,528.85,100,9000
20240205,14:26:12,533.55,100,9050
20240205,14:27:44,548.05,50,9050
20240205,14:28:22,538.25,50,9050
20240205,14:29:08,541.65,50,9100
20240205,14:35:10,577.7,50,9050
20240205,14:35:48,594.15,100,9050
20240205,14:35:50,591.0,50,9050
20240205,14:36:37,596.4,50,9050
20240205,14:36:52,602.85,50,9050
20240205,14:37:50,605.75,100,9050
20240205,14:38:52,621.85,50,8950
20240205,14:39:01,626.25,350,8950
20240205,14:39:03,624.7,50,8950
20240205,14:39:05,624.5,50,8950
20240205,14:39:49,618.75,100,8950
20240205,14:40:29,624.45,100,8950
20240205,14:45:17,685.0,50,8750
20240205,14:45:19,691.1,50,8750
20240205,14:59:18,691.2,50,8650
20240205,15:00:40,691.2,50,8650
20240205,15:21:16,676.25,900,8550
20240205,15:22:22,670.05,750,8550
20240205,15:25:10,670.9,200,7800
20240205,15:29:01,676.9,500,7600
20240206,09:30:25,613.15,1,7600
20240206,09:30:25,613.15,50,7600
20240206,09:34:11,620.0,50,7600
20240206,09:43:11,620.0,50,7550
20240206,09:49:13,593.1,200,7600
20240206,10:01:55,583.9,1800,7600
20240206,10:11:58,572.75,750,8300
20240206,10:19:28,591.1,50,9050
20240206,10:20:49,582.55,150,9100
20240206,10:26:46,605.0,1800,9250
20240206,10:27:28,604.6,50,9250
20240206,10:27:53,603.0,50,9250
20240206,10:29:41,610.9,50,9150
20240206,10:34:50,631.0,50,9200
20240206,10:46:47,631.0,50,9200
20240206,11:01:51,574.0,900,9200
20240206,11:33:07,559.1,250,8800
20240206,11:38:15,544.2,50,8800
20240206,11:40:17,534.0,50,8800
20240206,11:41:10,534.0,50,8800
20240206,11:50:31,548.25,50,8750
20240206,12:11:50,526.1,50,8800
20240206,12:12:21,526.1,50,8800
20240206,12:13:51,527.0,50,8800
20240206,12:36:44,517.7,50,8800
20240206,12:38:39,516.0,50,8800
20240206,12:56:24,516.0,50,8800
20240206,12:58:11,539.0,50,8800
20240206,13:06:05,532.0,50,8750
20240206,13:06:11,528.0,50,8750
20240206,13:13:36,524.0,50,8800
20240206,13:21:19,520.0,50,8750
20240206,13:28:32,509.0,50,8750
20240206,13:35:12,509.0,50,8750
20240206,13:36:15,514.0,50,8750
20240206,13:37:41,538.0,250,8750
20240206,13:40:26,524.55,50,8800
20240206,14:04:33,500.55,50,8800
20240206,14:08:28,500.55,50,8800
20240206,14:13:46,526.0,50,8850
20240206,14:19:02,502.1,50,8850
20240206,14:27:10,515.0,50,8900
20240206,14:28:09,515.95,50,8900
20240206,14:30:07,515.2,50,8900
20240206,14:48:24,513.0,50,8850
20240206,14:49:31,517.0,50,8850
20240206,14:58:17,527.0,50,8850
20240206,15:05:27,511.35,50,8850
20240206,15:20:14,528.2,50,8900
20240206,15:25:40,500.0,50,8900
20240206,15:27:57,495.0,50,8900
20240207,09:15:27,408.8,1,8950
20240207,09:15:27,408.3,1,8950
20240207,09:15:27,408.85,350,8950
20240207,09:15:38,411.6,200,8950
20240207,09:15:54,415.0,350,8950
20240207,09:16:07,422.65,150,8950
20240207,09:16:22,417.45,100,8950
20240207,09:16:34,413.4,200,9400
20240207,09:16:48,413.55,100,9400
20240207,09:17:35,414.5,50,9400
20240207,09:18:07,420.2,50,9400
20240207,09:18:42,425.05,50,9400
20240207,09:19:09,428.85,150,9400
20240207,09:19:20,430.9,100,9400
20240207,09:19:24,430.9,100,9400
20240207,09:19:37,426.0,50,9750
20240207,09:20:08,425.0,150,9750
20240207,09:20:16,431.4,250,9750
20240207,09:20:49,426.15,1000,9750
20240207,09:21:05,431.0,50,9750
20240207,09:22:00,435.0,50,9750
20240207,09:23:53,435.0,50,9900
20240207,09:24:15,435.0,50,9900
20240207,09:24:17,431.4,50,9900
20240207,09:24:18,429.25,100,9900
20240207,09:24:38,425.0,200,9900
20240207,09:24:53,424.0,150,9900
20240207,09:25:02,420.0,150,9900
20240207,09:25:07,420.0,50,9900
20240207,09:25:50,435.0,50,10250
20240207,09:26:25,436.0,50,10250
20240207,09:26:35,440.05,100,10250
20240207,09:26:48,440.05,100,10250
20240207,09:27:09,442.8,100,10250
20240207,09:27:22,445.15,1000,10250
20240207,09:28:24,445.55,50,10250
20240207,09:28:25,445.55,50,10250
20240207,09:28:34,453.5,100,10250
20240207,09:29:42,453.5,50,11500
20240207,09:29:59,445.0,50,11500
20240207,09:30:05,449.7,50,11500
20240207,09:31:04,446.75,50,11500
20240207,09:31:22,437.5,250,11500
20240207,09:31:30,436.25,100,11500
20240207,09:32:25,444.55,50,11600
20240207,09:32:30,443.25,50,11600
20240207,09:35:32,438.9,250,11800
20240207,09:35:37,440.25,200,11800
20240207,09:36:02,439.0,600,11800
20240207,09:37:15,436.65,200,11800
20240207,09:37:20,435.6,50,11800
20240207,09:37:24,434.0,50,11800
20240207,09:37:40,429.45,100,12250
20240207,09:37:42,431.5,600,12250
20240207,09:38:36,429.8,100,12250
20240207,09:39:02,427.65,200,12250
20240207,09:42:10,437.0,50,13050
20240207,09:42:38,450.0,250,13050
20240207,09:42:40,450.9,50,13050
20240207,09:42:55,453.8,50,13050
20240207,09:43:02,455.95,150,13050
20240207,09:44:33,464.8,50,13000
20240207,09:47:13,469.45,50,13050
20240207,09:47:20,469.45,100,13050
20240207,09:47:22,465.7,100,13050
20240207,09:48:37,464.45,100,13050
20240207,09:50:45,468.1,50,13100
20240207,09:51:35,460.9,100,13100
20240207,09:52:58,452.9,100,13250
20240207,09:53:34,454.35,50,13250
20240207,09:53:48,451.45,50,13250
20240207,09:55:54,445.75,50,13250
20240207,09:56:35,438.0,50,13250
20240207,09:56:45,440.0,50,13250
20240207,09:56:56,440.1,50,13250
20240207,09:57:38,441.2,50,13250
20240207,09:57:53,446.1,50,13250
20240207,09:58:20,449.1,100,13250
20240207,09:58:44,441.8,100,13250
20240207,10:00:13,437.9,50,13250
20240207,10:00:22,440.25,50,13250
20240207,10:01:08,446.25,50,13250
20240207,10:02:30,449.25,50,13200
20240207,10:03:21,455.0,50,13200
20240207,10:04:11,458.7,50,13200
20240207,10:05:19,473.05,100,13150
20240207,10:08:57,451.0,50,13250
20240207,10:09:13,445.05,50,13250
20240207,10:10:13,448.85,50,13250
20240207,10:13:41,442.0,100,13200
20240207,10:13:56,440.0,150,13200
20240207,10:17:21,446.0,50,13200
20240207,10:20:16,444.4,50,13250
20240207,10:20:58,445.0,150,13250
20240207,10:23:43,448.25,50,13250
20240207,10:26:43,449.3,50,13250
20240207,10:27:05,452.0,150,13250
20240207,10:28:34,442.55,50,13250
20240207,10:30:55,445.0,50,13200
20240207,10:33:07,442.55,50,13200
20240207,10:36:22,457.45,50,13200
20240207,10:36:49,460.0,100,13200
20240207,10:36:57,458.45,50,13200
20240207,10:36:59,458.05,50,13200
20240207,10:37:38,463.2,50,13200
20240207,10:39:59,463.45,50,13400
20240207,10:40:44,476.05,50,13350
20240207,10:40:54,476.05,50,13350
20240207,10:42:08,482.4,50,13350
20240207,10:42:25,482.4,150,13350
20240207,10:43:48,486.55,50,13350
20240207,10:48:00,486.55,100,13300
20240207,10:57:22,460.0,50,13400
20240207,10:57:24,460.0,50,13400
20240207,11:00:09,472.6,50,13400
20240207,11:00:19,475.0,100,13400
20240207,11:01:19,466.05,50,13400
20240207,11:02:55,469.55,500,13350
20240207,11:05:43,488.25,50,13400
20240207,11:06:08,494.0,50,13400
20240207,11:07:17,494.0,100,13400
20240207,11:10:00,493.7,100,13400
20240207,11:10:36,490.0,100,13300
20240207,11:11:44,488.15,50,13200
20240207,11:12:45,480.0,50,13200
20240207,11:16:29,482.6,500,13150
20240207,11:17:06,480.0,100,13150
20240207,11:19:16,483.85,500,13250
20240207,11:21:12,483.35,100,13250
20240207,11:26:37,500.0,50,13250
20240207,11:26:39,501.0,450,13250
20240207,11:26:56,505.0,50,13250
20240207,11:27:38,505.0,100,13250
20240207,11:31:40,510.0,150,13200
20240207,11:33:07,531.0,200,13150
20240207,11:33:32,531.0,50,13150
20240207,11:34:24,535.0,50,13150
20240207,11:34:56,535.0,50,13150
20240207,11:35:28,538.9,200,13000
20240207,11:35:35,535.0,450,13000
20240207,11:35:36,533.7,200,13000
20240207,11:36:25,530.05,100,13000
20240207,11:36:48,526.25,50,13000
20240207,11:38:59,552.7,50,13000
20240207,11:39:02,555.0,350,12700
20240207,11:41:48,555.6,50,12750
20240207,11:42:35,555.6,350,12750
20240207,11:42:54,544.7,50,12750
20240207,11:43:45,550.0,50,12750
20240207,11:45:45,545.8,100,12750
20240207,11:47:36,533.0,50,12800
20240207,11:48:40,535.95,50,12800
20240207,11:48:50,533.0,100,12800
20240207,11:49:39,530.0,50,12800
20240207,11:51:37,534.3,100,12800
20240207,11:53:05,537.0,50,12800
20240207,11:55:58,555.0,50,12800
20240207,11:57:11,569.3,50,12800
20240207,11:59:45,569.3,50,12800
20240207,12:00:57,558.0,50,12800
20240207,12:01:55,560.25,50,12800
20240207,12:04:26,542.15,50,12800
20240207,12:10:53,546.8,50,12800
20240207,12:11:53,533.8,50,12850
20240207,12:14:21,555.0,500,12850
20240207,12:14:26,555.0,50,12850
20240207,12:14:52,553.75,50,12850
20240207,12:20:00,538.65,150,12850
20240207,12:21:24,542.0,500,12850
20240207,12:21:27,543.05,150,12850
20240207,12:29:53,540.2,200,12700
20240207,12:31:53,534.0,100,12700
20240207,12:33:06,525.0,100,12500
20240207,12:35:08,520.0,50,12500
20240207,12:38:08,532.4,100,12500
20240207,12:39:09,535.0,450,12500
20240207,12:43:18,535.8,50,12600
20240207,12:44:06,540.0,450,12600
20240207,12:50:34,550.0,150,12550
20240207,12:53:33,549.75,50,12400
20240207,12:53:40,550.0,50,12400
20240207,12:53:43,551.2,250,12400
20240207,13:02:20,550.0,50,12650
20240207,13:12:37,530.0,100,12650
20240207,13:20:51,529.8,100,12650
20240207,13:30:21,550.0,150,12700
20240207,13:31:38,548.15,50,12700
20240207,13:31:40,547.3,50,12700
20240207,13:32:33,530.4,50,12650
20240207,13:32:54,531.95,50,12650
20240207,13:33:07,527.9,100,12650
20240207,13:33:10,525.0,100,12650
20240207,13:34:21,526.25,50,12650
20240207,13:34:51,520.0,300,12650
20240207,13:34:53,520.0,100,12650
20240207,13:34:55,520.0,50,12650
20240207,13:35:19,523.15,50,12700
20240207,13:40:54,500.4,250,12750
20240207,13:40:55,500.0,50,12750
20240207,13:41:42,492.65,50,12850
20240207,13:41:54,490.7,100,12850
20240207,13:42:20,485.0,100,12850
20240207,13:47:15,515.0,100,13100
20240207,13:49:05,526.0,50,13100
20240207,13:57:10,510.0,50,13100
20240207,13:58:22,504.0,50,13100
20240207,13:59:22,500.0,50,13200
20240207,14:03:40,497.0,50,13200
20240207,14:09:01,478.0,50,13200
20240207,14:09:13,475.3,100,13200
20240207,14:10:09,482.6,50,13200
20240207,14:11:06,470.9,50,13200
20240207,14:11:32,462.5,50,13250
20240207,14:11:58,460.0,100,13250
20240207,14:12:11,462.15,50,13250
20240207,14:13:03,463.45,100,13250
20240207,14:15:15,464.7,50,13400
20240207,14:16:23,475.0,100,13400
20240207,14:16:44,480.7,500,13400
20240207,14:16:55,478.8,500,13400
20240207,14:17:55,485.0,50,13400
20240207,14:18:30,476.0,50,14350
20240207,14:21:02,452.15,50,14350
20240207,14:22:33,462.75,50,14350
20240207,14:23:55,460.0,100,14350
20240207,14:25:23,461.5,50,14350
20240207,14:26:16,461.3,50,14450
20240207,14:27:06,463.0,50,14450
20240207,14:27:25,463.0,500,14450
20240207,14:29:19,467.45,50,14700
20240207,14:29:21,469.2,50,14700
20240207,14:30:01,474.9,250,14700
20240207,14:30:28,470.95,100,14700
20240207,14:30:46,470.95,50,14700
20240207,14:31:29,475.0,50,14700
20240207,14:32:38,475.0,50,14700
20240207,14:35:07,489.15,50,14700
20240207,14:36:22,485.0,50,14650
20240207,14:36:52,480.0,50,14650
20240207,14:37:04,480.0,150,14650
20240207,14:38:28,492.0,50,14550
20240207,14:38:51,502.95,50,14550
20240207,14:38:53,503.3,200,14550
20240207,14:39:03,510.75,250,14550
20240207,14:39:08,512.6,250,14550
20240207,14:39:18,508.95,50,14550
20240207,14:40:34,508.8,50,14550
20240207,14:41:03,506.05,100,14550
20240207,14:42:36,498.65,100,14300
20240207,14:46:42,492.5,950,14300
20240207,14:50:48,492.5,50,15150
20240207,14:59:22,500.0,50,15200
20240207,14:59:53,510.0,50,15200
20240207,15:00:58,495.0,200,15200
20240207,15:08:22,495.0,250,15300
20240207,15:10:13,490.0,50,15300
20240207,15:14:59,483.4,100,15050
20240207,15:15:08,481.0,50,15050
20240207,15:18:25,481.0,50,15150
20240207,15:21:02,479.0,50,15150
20240207,15:21:22,479.0,50,15150
20240207,15:23:12,476.55,50,15150
20240207,15:24:24,470.0,50,15100
20240207,15:25:22,467.4,500,15100
20240207,15:27:39,466.3,50,15050
20240207,15:27:44,466.5,100,15050
20240207,15:27:49,466.0,50,15050
20240207,15:28:45,453.95,1250,15050
20240207,15:28:51,454.1,500,15050
20240207,15:29:05,454.7,500,15050
20240207,15:29:34,459.45,50,13800
20240208,09:15:27,434.95,1,13850
20240208,09:15:27,434.95,50,13850
20240208,09:15:45,424.75,100,13850
20240208,09:15:53,424.75,50,13850
20240208,09:16:07,424.75,200,13850
20240208,09:16:09,424.0,50,13850
20240208,09:16:51,421.75,50,14300
20240208,09:17:11,421.75,50,14300
20240208,09:17:25,421.55,50,14300
20240208,09:17:26,419.2,50,14300
20240208,09:17:34,419.2,100,14300
20240208,09:18:01,417.45,50,14300
20240208,09:18:14,417.45,100,14300
20240208,09:18:36,417.85,50,14300
20240208,09:18:48,415.05,50,14300
20240208,09:19:21,415.05,50,14300
20240208,09:19:52,416.95,50,14500
20240208,09:20:25,411.0,50,14500
20240208,09:20:27,410.0,100,14500
20240208,09:20:50,406.65,50,14500
20240208,09:21:09,399.1,250,14500
20240208,09:21:17,399.1,150,14500
20240208,09:21:46,400.0,100,14500
20240208,09:22:15,402.15,50,14500
20240208,09:22:43,407.85,50,14850
20240208,09:23:07,406.9,50,14850
20240208,09:23:17,410.05,50,14850
20240208,09:23:25,410.4,50,14850
20240208,09:24:10,412.0,50,14850
20240208,09:25:03,412.0,50,14850
20240208,09:25:08,413.55,50,14850
20240208,09:25:13,413.55,100,14850
20240208,09:25:15,412.65,100,14850
20240208,09:25:55,408.2,50,14850
20240208,09:26:27,407.0,50,14850
20240208,09:27:33,406.0,50,14850
20240208,09:29:29,403.6,50,14950
20240208,09:30:23,406.0,100,14950
20240208,09:30:33,404.4,400,14950
20240208,09:30:38,403.45,50,14950
20240208,09:31:04,408.5,100,14950
20240208,09:31:44,409.45,50,15000
20240208,09:32:33,412.0,50,15000
20240208,09:32:57,413.85,50,15000
20240208,09:33:53,415.7,500,15000
20240208,09:34:05,414.55,50,15000
20240208,09:35:27,416.0,300,15550
20240208,09:35:37,420.0,50,15550
20240208,09:36:03,419.55,50,15550
20240208,09:36:10,419.0,50,15550
20240208,09:36:23,418.5,50,15550
20240208,09:36:38,414.0,50,15550
20240208,09:37:35,419.5,250,15550
20240208,09:37:59,423.15,200,15800
20240208,09:38:37,423.15,50,15800
20240208,09:39:11,428.05,100,15800
20240208,09:39:24,430.0,50,15800
20240208,09:39:27,434.7,50,15800
20240208,09:40:31,428.65,200,15800
20240208,09:41:04,428.8,50,16000
20240208,09:41:31,432.7,150,16000
20240208,09:41:44,430.8,150,16000
20240208,09:42:11,439.0,50,16000
20240208,09:43:06,442.0,50,16000
20240208,09:43:21,442.0,50,16000
20240208,09:43:26,437.05,50,16000
20240208,09:43:46,435.0,50,16200
20240208,09:43:47,435.0,50,16200
20240208,09:43:49,435.0,100,16200
20240208,09:46:31,449.0,50,16200
20240208,09:46:36,450.0,50,16200
20240208,09:46:56,450.0,50,16250
20240208,09:48:05,437.0,500,16250
20240208,09:48:43,439.0,500,16250
20240208,09:48:45,437.0,50,16250
20240208,09:49:50,440.0,800,16300
20240208,09:49:53,442.0,50,16300
20240208,09:50:15,446.0,100,16300
20240208,09:51:10,452.0,50,16300
20240208,09:51:16,452.0,50,16300
20240208,09:52:35,452.0,50,16300
20240208,09:52:43,448.0,50,16300
20240208,09:53:02,445.45,50,16450
20240208,09:53:07,444.05,100,16450
20240208,09:58:13,440.0,50,16400
20240208,09:58:23,441.0,800,16400
20240208,09:59:57,441.0,50,16150
20240208,10:00:03,450.65,50,16150
20240208,10:00:42,435.0,50,16150
20240208,10:00:45,435.0,50,16150
20240208,10:02:47,442.05,50,16150
20240208,10:03:32,435.0,50,16150
20240208,10:03:40,440.0,200,16150
20240208,10:04:13,440.0,100,16150
20240208,10:04:48,438.85,100,16400
20240208,10:05:00,421.0,50,16400
20240208,10:05:16,414.0,250,16400
20240208,10:05:31,426.0,50,16400
20240208,10:05:35,426.0,50,16400
20240208,10:05:41,439.4,50,16400
20240208,10:06:24,446.2,150,16400
20240208,10:06:57,435.0,100,16400
20240208,10:07:02,433.15,50,16400
20240208,10:08:11,440.0,100,16450
20240208,10:08:14,442.0,50,16450
20240208,10:09:06,451.15,50,16450
20240208,10:09:14,465.05,500,16450
20240208,10:09:16,466.15,100,16450
20240208,10:09:18,466.15,100,16450
20240208,10:09:19,462.65,100,16450
20240208,10:09:33,463.15,300,16450
20240208,10:10:05,480.0,100,16450
20240208,10:10:07,484.85,300,16450
20240208,10:10:09,484.85,50,16450
20240208,10:10:12,480.4,50,16450
20240208,10:10:14,479.0,50,16450
20240208,10:10:24,477.0,50,16450
20240208,10:11:44,472.1,100,16400
20240208,10:12:00,477.45,1200,16400
20240208,10:12:17,478.0,100,16400
20240208,10:13:27,473.8,100,16400
20240208,10:14:11,465.0,50,17350
20240208,10:15:14,473.8,50,17350
20240208,10:15:18,473.2,50,17350
20240208,10:15:19,473.8,50,17350
20240208,10:15:26,480.0,50,17350
20240208,10:15:34,492.0,50,17350
20240208,10:15:36,497.15,150,17350
20240208,10:15:38,493.4,200,17350
20240208,10:15:39,493.35,400,17350
20240208,10:15:41,494.15,100,17350
20240208,10:15:44,494.15,100,17350
20240208,10:15:48,498.0,100,17350
20240208,10:15:49,500.0,300,17350
20240208,10:15:51,501.8,50,17350
20240208,10:15:53,501.8,150,17350
20240208,10:16:03,509.45,100,17350
20240208,10:16:08,507.3,100,17350
20240208,10:16:10,507.75,50,17350
20240208,10:16:11,502.05,50,17350
20240208,10:16:23,501.25,50,17350
20240208,10:17:01,500.0,50,17100
20240208,10:17:20,500.0,50,17100
20240208,10:17:26,499.45,100,17100
20240208,10:17:31,498.55,200,17100
20240208,10:18:07,492.0,50,17100
20240208,10:18:57,504.8,100,17100
20240208,10:18:58,506.3,250,17100
20240208,10:19:10,500.0,50,17100
20240208,10:20:11,488.5,50,16850
20240208,10:20:38,488.7,50,16850
20240208,10:21:06,489.5,1000,16850
20240208,10:21:41,493.15,50,16850
20240208,10:21:43,492.9,50,16850
20240208,10:21:49,494.85,50,16850
20240208,10:21:56,496.5,150,16850
20240208,10:22:26,490.0,50,16850
20240208,10:22:28,490.6,150,16850
20240208,10:22:48,488.15,100,16850
20240208,10:23:51,487.7,50,17900
20240208,10:24:19,483.6,100,17900
20240208,10:25:25,476.3,150,17900
20240208,10:25:30,475.2,50,17900
20240208,10:25:35,473.25,50,17900
20240208,10:26:02,475.0,100,17900
20240208,10:26:20,463.45,50,17900
20240208,10:26:22,458.0,50,17900
20240208,10:26:40,458.0,50,17900
20240208,10:27:00,459.45,50,17900
20240208,10:27:06,447.85,100,17900
20240208,10:27:08,445.0,150,17900
20240208,10:27:16,450.45,150,17900
20240208,10:27:30,445.0,50,17900
20240208,10:27:46,445.0,50,17900
20240208,10:28:18,446.9,50,17900
20240208,10:28:20,445.35,50,17900
20240208,10:28:45,446.55,50,17900
20240208,10:28:51,447.05,150,17900
20240208,10:29:01,445.9,50,18500
20240208,10:29:26,440.05,50,18500
20240208,10:30:42,453.35,50,18500
20240208,10:31:22,440.0,100,18500
20240208,10:31:34,439.7,50,18500
20240208,10:32:05,438.75,50,18650
20240208,10:32:23,439.4,50,18650
20240208,10:34:31,445.0,50,18650
20240208,10:37:02,449.7,50,18700
20240208,10:37:20,450.0,200,18700
20240208,10:38:11,449.0,50,18700
20240208,10:38:59,445.25,250,18700
20240208,10:39:01,446.55,50,18700
20240208,10:39:07,445.0,50,18700
20240208,10:41:19,454.15,100,18650
20240208,10:41:30,472.75,50,18650
20240208,10:41:32,477.1,100,18650
20240208,10:41:35,484.6,150,18650
20240208,10:42:09,503.6,50,18650
20240208,10:42:34,491.6,50,18650
20240208,10:42:43,497.6,100,18650
20240208,10:42:44,495.05,50,18650
20240208,10:43:05,500.0,50,18650
20240208,10:43:17,504.1,150,18650
20240208,10:43:30,513.25,200,18650
20240208,10:43:37,516.0,50,18650
20240208,10:43:55,516.0,50,18450
20240208,10:44:12,504.05,500,18450
20240208,10:44:40,505.45,100,18450
20240208,10:44:49,505.65,100,18450
20240208,10:44:50,508.25,200,18450
20240208,10:45:02,510.0,100,18450
20240208,10:45:35,501.1,50,18450
20240208,10:46:05,504.0,50,18450
20240208,10:46:10,500.0,50,18450
20240208,10:46:46,499.75,150,18450
20240208,10:46:47,498.4,150,18450
20240208,10:47:20,500.0,50,17900
20240208,10:49:04,500.0,50,17900
20240208,10:49:34,503.45,50,17900
20240208,10:50:03,501.85,50,17900
20240208,10:50:26,495.0,100,17900
20240208,10:50:34,493.9,50,17900
20240208,10:50:58,489.55,50,17900
20240208,10:51:11,490.0,100,17900
20240208,10:52:45,506.0,100,17900
20240208,10:57:18,510.95,200,17700
20240208,10:57:36,514.85,50,17700
20240208,10:57:46,521.3,150,17700
20240208,10:57:48,525.85,50,17700
20240208,10:57:50,528.95,100,17700
20240208,10:57:51,531.9,200,17700
20240208,10:57:55,531.9,400,17700
20240208,10:57:56,531.9,50,17700
20240208,10:58:03,544.55,50,17700
20240208,10:58:04,544.55,100,17700
20240208,10:58:12,543.0,50,17700
20240208,10:58:40,531.55,250,17700
20240208,10:59:05,546.7,100,16800
20240208,10:59:17,546.7,50,16800
20240208,10:59:25,543.0,50,16800
20240208,10:59:40,542.1,50,16800
20240208,10:59:44,541.35,200,16800
20240208,10:59:47,542.5,200,16800
20240208,11:00:07,550.25,150,16800
20240208,11:00:11,550.25,150,16800
20240208,11:00:51,550.0,50,16800
20240208,11:01:02,553.9,50,16800
20240208,11:01:22,558.0,50,16800
20240208,11:02:07,565.0,50,16550
20240208,11:02:22,572.7,400,16550
20240208,11:02:44,576.75,50,16550
20240208,11:02:53,579.3,50,16550
20240208,11:03:13,598.25,100,16550
20240208,11:03:51,599.15,50,16550
20240208,11:03:56,600.05,50,16550
20240208,11:04:27,630.0,50,16550
20240208,11:04:34,631.1,150,16550
20240208,11:04:46,642.8,250,16550
20240208,11:04:47,642.8,100,16550
20240208,11:04:57,623.9,100,16550
20240208,11:05:22,637.0,150,16350
20240208,11:05:37,647.6,50,16350
20240208,11:05:52,647.6,50,16350
20240208,11:06:53,620.0,100,16350
20240208,11:07:51,616.7,100,16350
20240208,11:08:06,610.55,50,16100
20240208,11:08:26,616.85,50,16100
20240208,11:08:54,624.55,50,16100
20240208,11:09:40,635.1,50,16100
20240208,11:09:50,634.5,50,16100
20240208,11:10:03,632.55,50,16100
20240208,11:10:20,635.25,50,16100
20240208,11:11:03,631.75,50,15950
20240208,11:11:08,625.45,50,15950
20240208,11:11:15,623.7,150,15950
20240208,11:11:38,616.5,50,15950
20240208,11:11:45,611.9,100,15950
20240208,11:12:00,612.75,50,15950
20240208,11:12:54,613.5,50,15950
20240208,11:12:57,618.75,50,15950
20240208,11:13:12,611.85,50,15950
20240208,11:13:30,614.95,100,15950
20240208,11:15:14,623.4,100,15850
20240208,11:17:16,606.3,200,15850
20240208,11:18:36,603.8,50,15850
20240208,11:18:46,606.0,50,15850
20240208,11:21:43,609.45,50,15850
20240208,11:27:08,600.85,50,15800
20240208,11:28:30,598.6,50,15800
20240208,11:29:46,598.6,50,15800
20240208,11:31:19,594.25,50,15850
20240208,11:33:18,615.0,250,15850
20240208,11:34:31,615.0,250,15850
20240208,11:35:26,613.8,1000,15600
20240208,11:36:31,605.0,500,15600
20240208,11:43:03,592.0,100,15100
20240208,11:53:23,582.0,50,15200
20240208,11:53:27,580.0,50,15200
20240208,11:54:00,571.05,50,15200
20240208,12:01:16,577.0,50,15250
20240208,12:06:28,578.2,100,15300
20240208,12:09:55,576.2,50,15400
20240208,12:11:25,571.2,50,15400
20240208,12:16:16,561.7,250,15400
20240208,12:17:52,566.45,50,15300
20240208,12:20:38,575.3,50,15350
20240208,12:23:42,590.95,50,15400
20240208,12:25:04,581.05,50,15400
20240208,12:25:24,578.8,50,15400
20240208,12:26:08,571.3,50,15400
20240208,12:26:23,570.5,100,15450
20240208,12:26:33,572.65,50,15450
20240208,12:26:40,576.25,100,15450
20240208,12:30:47,587.0,50,15500
20240208,12:31:18,589.0,50,15500
20240208,12:33:23,583.4,50,15500
20240208,12:35:45,575.35,200,15450
20240208,12:37:36,573.85,50,15450
20240208,12:46:16,568.75,50,15500
20240208,12:47:13,572.0,50,15500
20240208,12:51:18,570.0,50,15500
20240208,12:57:22,573.0,50,15500
20240208,12:59:27,565.0,50,15450
20240208,12:59:29,560.0,50,15450
20240208,13:00:50,560.0,100,15450
20240208,13:01:49,570.0,50,15450
20240208,13:02:11,572.0,1000,15450
20240208,13:03:14,576.0,50,14850
20240208,13:10:00,562.0,50,14850
20240208,13:10:30,562.15,50,14850
20240208,13:10:35,565.0,50,14850
20240208,13:13:26,556.3,100,14850
20240208,13:14:30,559.05,50,14750
20240208,13:15:20,559.65,50,14750
20240208,13:15:21,559.65,50,14750
20240208,13:16:36,557.85,50,14750
20240208,13:17:54,557.65,50,14850
20240208,13:18:30,558.5,50,14850
20240208,13:18:52,560.3,50,14850
20240208,13:20:06,567.0,50,14850
20240208,13:21:55,573.0,50,14850
20240208,13:22:54,572.2,50,14850
20240208,13:24:48,578.0,50,14750
20240208,13:28:08,570.0,100,14700
20240208,13:32:25,567.7,150,14700
20240208,13:35:39,570.0,100,14800
20240208,13:35:41,570.0,400,14800
20240208,13:43:38,573.0,150,14350
20240208,13:52:34,579.0,50,14500
20240208,13:53:38,592.2,50,14450
20240208,13:55:10,590.85,100,14450
20240208,13:55:22,596.5,50,14450
20240208,13:55:50,590.0,500,14450
20240208,13:58:05,592.55,50,14800
20240208,13:58:07,590.95,500,14800
20240208,14:00:25,587.05,200,14950
20240208,14:03:38,602.75,50,14950
20240208,14:04:06,605.0,250,14950
20240208,14:04:18,598.6,50,14950
20240208,14:04:51,605.0,250,14950
20240208,14:05:04,614.25,100,14950
20240208,14:05:27,611.9,50,14950
20240208,14:05:46,612.05,50,14800
20240208,14:08:00,604.8,50,14800
20240208,14:08:13,603.4,200,14800
20240208,14:08:16,604.8,950,14800
20240208,14:08:41,605.65,100,14550
20240208,14:09:25,610.05,100,14550
20240208,14:10:13,610.0,500,14550
20240208,14:11:11,612.0,50,14550
20240208,14:13:12,611.8,50,14550
20240208,14:13:54,615.0,50,14550
20240208,14:13:56,615.0,450,14550
20240208,14:14:17,629.15,50,14550
20240208,14:15:13,635.0,50,14550
20240208,14:16:45,635.0,50,14550
20240208,14:16:53,636.15,50,14550
20240208,14:17:13,630.0,50,14550
20240208,14:17:21,623.45,50,14550
20240208,14:18:52,608.0,50,14600
20240208,14:18:59,606.0,50,14600
20240208,14:20:34,606.7,100,14600
20240208,14:21:01,617.75,50,14600
20240208,14:25:19,620.0,150,14500
20240208,14:27:12,635.7,50,14500
20240208,14:32:26,642.5,50,14500
20240208,14:37:11,655.3,50,14500
20240208,14:39:07,665.85,400,14500
20240208,14:39:45,665.85,500,14500
20240208,14:42:47,640.35,100,14950
20240208,14:43:10,640.5,200,14950
20240208,14:43:29,647.25,50,14950
20240208,14:48:34,641.0,50,14950
20240208,14:49:13,638.5,50,14900
20240208,14:50:04,636.65,100,14900
20240208,14:53:35,644.7,50,15100
20240208,14:55:29,652.0,50,15100
20240208,14:56:18,654.3,50,15100
20240208,14:56:55,658.0,50,15100
20240208,14:56:59,658.0,200,15150
20240208,14:58:51,671.0,50,15150
20240208,14:58:52,671.0,150,15150
20240208,15:01:19,671.6,50,14950
20240208,15:02:22,677.0,50,14950
20240208,15:02:49,677.45,200,14900
20240208,15:02:50,678.0,550,14900
20240208,15:04:09,678.0,50,14900
20240208,15:04:27,670.0,250,14900
20240208,15:04:59,658.25,50,14900
20240208,15:05:04,648.55,100,14900
20240208,15:05:34,648.55,250,14900
20240208,15:05:51,644.0,50,14550
20240208,15:07:54,635.65,50,14550
20240208,15:09:02,623.85,600,14450
20240208,15:10:21,626.2,50,14450
20240208,15:12:11,630.3,1350,14100
20240208,15:12:13,630.0,2250,14100
20240208,15:12:35,629.5,500,14100
20240208,15:12:47,633.9,50,14100
20240208,15:14:06,627.9,450,14100
20240208,15:14:07,627.9,1350,14100
20240208,15:14:10,629.65,350,14100
20240208,15:15:12,633.9,600,18750
20240208,15:15:16,635.0,50,18750
20240208,15:15:31,640.5,100,18750
20240208,15:17:19,632.2,50,18750
20240208,15:21:52,630.0,400,18850
20240208,15:22:01,627.65,100,18850
20240208,15:22:16,627.65,50,18850
20240208,15:23:20,626.3,1400,18850
20240208,15:23:49,626.3,100,17600
20240208,15:24:00,624.1,1800,17600
20240208,15:24:20,622.5,1800,17600
20240208,15:25:58,624.7,250,17600
20240208,15:26:32,628.7,100,17600
20240208,15:27:18,626.4,250,15500
20240208,15:27:22,626.35,350,15500
20240208,15:27:53,622.75,50,15500
20240208,15:29:05,623.8,200,15500
20240208,15:29:35,624.85,50,15500
20240209,09:15:19,666.5,1,14900
20240209,09:15:19,666.5,50,14900
20240209,09:15:29,680.65,500,14900
20240209,09:15:40,680.65,50,14900
20240209,09:15:50,661.0,50,14900
20240209,09:15:55,668.9,50,14900
20240209,09:16:18,669.4,50,15000
20240209,09:17:09,689.1,200,15000
20240209,09:17:27,689.1,50,15000
20240209,09:18:00,692.65,50,15000
20240209,09:18:07,693.05,50,15000
20240209,09:18:22,693.05,50,15000
20240209,09:18:26,692.1,50,15000
20240209,09:18:35,690.05,100,15000
20240209,09:18:44,691.05,50,15000
20240209,09:18:46,688.2,50,15000
20240209,09:18:48,688.0,50,15000
20240209,09:18:51,689.4,50,15000
20240209,09:18:51,690.35,50,15000
20240209,09:18:52,691.25,50,15000
20240209,09:18:55,688.1,50,15000
20240209,09:20:55,677.0,50,15450
20240209,09:21:25,655.15,50,15450
20240209,09:21:32,653.15,50,15450
20240209,09:21:34,646.15,50,15450
20240209,09:21:48,641.0,50,15450
20240209,09:22:54,635.2,50,15450
20240209,09:23:41,628.0,50,15450
20240209,09:23:59,627.05,50,15450
20240209,09:25:39,627.05,50,15450
20240209,09:26:09,648.75,1800,15400
20240209,09:27:07,653.55,50,15400
20240209,09:27:59,640.55,50,15400
20240209,09:28:21,613.55,200,16900
20240209,09:28:29,613.55,1800,16900
20240209,09:28:30,617.9,1150,16900
20240209,09:28:55,613.0,50,16900
20240209,09:28:56,613.0,300,16900
20240209,09:29:45,613.0,50,16900
20240209,09:29:46,620.0,50,16900
20240209,09:29:47,620.0,1300,16900
20240209,09:30:47,626.65,50,16900
20240209,09:30:59,632.1,50,16900
20240209,09:31:00,630.55,1800,16900
20240209,09:31:02,630.7,200,16900
20240209,09:31:04,633.15,1400,16900
20240209,09:31:18,640.0,1900,16900
20240209,09:31:28,640.45,1800,19400
20240209,09:32:33,631.5,50,19400
20240209,09:33:13,640.0,50,19400
20240209,09:35:24,624.0,100,18250
20240209,09:35:27,620.0,150,18250
20240209,09:35:41,623.45,50,18250
20240209,09:35:44,621.75,50,18250
20240209,09:36:02,616.35,200,18250
20240209,09:36:05,615.0,350,18250
20240209,09:36:06,615.3,100,18250
20240209,09:36:38,617.4,100,18250
20240209,09:36:55,619.75,50,18250
20240209,09:37:28,630.0,100,17750
20240209,09:37:57,640.15,50,17750
20240209,09:38:11,640.95,50,17750
20240209,09:38:56,640.0,350,17750
20240209,09:39:27,643.65,1800,17750
20240209,09:39:29,642.2,200,17750
20240209,09:40:18,667.3,50,17750
20240209,09:41:46,659.45,100,17250
20240209,09:45:23,633.75,150,16950
20240209,09:45:26,637.0,50,16950
20240209,09:46:51,645.0,150,16850
20240209,09:47:17,637.5,150,16850
20240209,09:48:48,656.3,50,16850
20240209,09:49:11,659.0,50,16850
20240209,09:50:07,660.3,50,17050
20240209,09:50:11,658.2,100,17050
20240209,09:50:12,658.25,150,17050
20240209,09:50:20,657.75,150,17050
20240209,09:50:59,670.0,50,17050
20240209,09:51:08,672.1,150,17050
20240209,09:51:45,680.0,100,17050
20240209,09:52:36,678.0,50,16750
20240209,09:52:54,679.05,150,16750
20240209,09:53:03,678.25,50,16750
20240209,09:53:24,689.35,150,16750
20240209,09:53:29,690.0,100,16750
20240209,09:54:04,701.2,200,16750
20240209,09:54:29,707.2,50,16750
20240209,09:54:39,709.65,50,16750
20240209,09:55:04,709.65,100,16750
20240209,09:55:15,701.05,50,16750
20240209,09:56:02,700.0,50,16650
20240209,09:56:03,705.3,300,16650
20240209,09:57:13,695.25,150,16650
20240209,09:57:15,698.0,300,16650
20240209,09:57:27,694.2,150,16650
20240209,09:58:39,701.4,150,16800
20240209,09:59:09,704.3,50,16800
20240209,09:59:25,710.0,50,16800
20240209,10:02:37,710.0,50,16750
20240209,10:03:09,697.6,50,16750
20240209,10:03:54,699.4,50,16750
20240209,10:04:42,690.0,50,16750
20240209,10:06:39,665.0,50,16700
20240209,10:07:29,670.05,50,16700
20240209,10:07:39,671.75,200,16800
20240209,10:08:08,676.7,50,16800
20240209,10:08:58,652.85,50,16800
20240209,10:09:11,650.0,50,16800
20240209,10:10:09,648.2,100,16800
20240209,10:10:18,650.0,50,16800
20240209,10:11:18,647.5,100,17000
20240209,10:16:09,662.75,100,17100
20240209,10:24:34,645.05,50,17200
20240209,10:25:40,665.0,50,17200
20240209,10:26:28,667.95,50,17200
20240209,10:29:48,670.0,50,17100
20240209,10:32:10,679.0,50,17050
20240209,10:34:42,660.0,50,17000
20240209,10:35:06,660.0,50,17000
20240209,10:35:44,670.0,50,17000
20240209,10:36:41,679.0,50,17000
20240209,10:37:28,681.0,50,17000
20240209,10:39:51,678.1,50,16950
20240209,10:45:36,684.7,150,16900
20240209,10:46:15,689.0,50,16900
20240209,10:47:45,699.0,50,16850
20240209,10:48:11,703.5,250,16850
20240209,10:48:17,698.0,500,16850
20240209,10:49:41,692.35,50,17100
20240209,10:50:06,694.0,50,17100
20240209,10:50:49,698.15,200,17100
20240209,10:51:31,704.0,500,17100
20240209,10:52:46,702.55,200,17350
20240209,10:53:20,718.25,50,17350
20240209,10:56:23,725.85,50,17200
20240209,10:56:36,727.55,200,17200
20240209,10:56:45,729.1,50,17200
20240209,10:57:09,732.0,50,17200
20240209,10:59:06,732.0,50,17200
20240209,10:59:21,722.3,50,17200
20240209,10:59:25,720.7,500,17200
20240209,11:00:10,720.3,200,17200
20240209,11:00:44,729.35,150,17200
20240209,11:00:59,730.4,100,17200
20240209,11:01:35,727.4,100,17000
20240209,11:03:04,739.0,50,17000
20240209,11:04:21,742.0,50,17000
20240209,11:05:03,754.25,500,16950
20240209,11:05:21,761.95,100,16950
20240209,11:06:04,762.95,100,16950
20240209,11:06:06,768.0,50,16950
20240209,11:11:09,768.0,50,16900
20240209,11:12:27,720.55,1000,16900
20240209,11:13:54,720.55,200,16950
20240209,11:15:17,715.0,100,16950
20240209,11:16:53,730.0,600,16950
20240209,11:18:38,715.0,600,16950
20240209,11:20:54,731.95,100,16950
20240209,11:21:03,730.0,600,16950
20240209,11:26:54,750.2,600,17050
20240209,11:29:25,730.45,50,16450
20240209,11:30:11,718.1,50,16450
20240209,11:30:13,720.25,100,16450
20240209,11:30:47,718.0,500,16450
20240209,11:30:56,720.25,1200,16450
20240209,11:31:07,724.0,500,16450
20240209,11:34:51,715.0,50,16800
20240209,11:35:16,710.0,50,16800
20240209,11:35:56,708.0,100,16800
20240209,11:36:43,707.5,150,16800
20240209,11:38:51,687.0,900,16800
20240209,11:38:59,691.6,150,16800
20240209,11:39:57,688.5,150,16800
20240209,11:40:01,688.0,200,16800
20240209,11:40:53,673.4,100,17150
20240209,11:41:34,678.8,400,17150
20240209,11:41:35,679.7,150,17150
20240209,11:44:16,670.65,50,17000
20240209,11:45:19,669.6,50,17000
20240209,11:46:11,674.6,100,17000
20240209,11:47:54,675.85,100,17000
20240209,11:49:03,665.0,100,17000
20240209,11:50:21,665.65,100,17000
20240209,11:54:04,678.7,50,17200
20240209,11:56:42,665.75,50,17200
20240209,11:56:43,663.8,50,17200
20240209,11:57:27,670.0,50,17200
20240209,12:00:54,665.05,50,17150
20240209,12:05:10,669.3,100,17150
20240209,12:05:23,665.05,50,17150
20240209,12:06:25,668.7,100,17150
20240209,12:10:40,647.05,50,17250
20240209,12:11:17,649.75,150,17300
20240209,12:20:02,649.75,50,17200
20240209,12:26:05,649.75,50,17200
20240209,12:29:44,644.95,100,17250
20240209,12:30:51,628.75,100,17250
20240209,12:33:24,636.7,50,17250
20240209,12:33:31,630.0,50,17250
20240209,12:33:41,631.35,50,17250
20240209,12:38:44,642.2,350,17250
20240209,12:42:11,645.9,50,17550
20240209,12:44:53,638.65,50,17550
20240209,12:49:22,627.0,150,17550
20240209,12:49:29,626.6,100,17550
20240209,12:49:39,627.9,50,17550
20240209,12:49:48,633.95,50,17550
20240209,12:50:50,647.6,150,17550
20240209,12:50:53,645.55,100,17550
20240209,12:52:21,643.9,50,17550
20240209,12:52:31,644.1,50,17550
20240209,12:54:10,644.55,50,17600
20240209,12:56:00,653.45,50,17650
20240209,12:56:20,659.0,50,17650
20240209,12:56:27,658.65,50,17650
20240209,12:59:47,636.2,50,17600
20240209,13:02:41,637.0,50,17600
20240209,13:03:15,637.05,100,17600
20240209,13:06:34,647.0,150,17650
20240209,13:08:51,649.0,50,17650
20240209,13:12:41,642.65,50,17600
20240209,13:15:08,635.0,250,17600
20240209,13:16:42,643.45,50,17600
20240209,13:22:47,660.0,50,17600
20240209,13:26:20,655.9,50,17600
20240209,13:26:27,653.0,50,17600
20240209,13:31:35,651.8,50,17600
20240209,13:32:49,665.0,100,17600
20240209,13:33:11,665.8,50,17550
20240209,13:35:44,675.95,50,17550
20240209,13:37:27,675.0,50,17400
20240209,13:37:45,677.05,50,17400
20240209,13:39:02,675.95,500,17400
20240209,13:40:05,677.05,50,17400
20240209,13:43:33,660.0,50,17900
20240209,13:45:09,655.95,50,17900
20240209,13:48:48,667.0,50,17950
20240209,13:53:59,657.25,200,17950
20240209,14:03:35,644.05,150,17750
20240209,14:05:29,637.0,100,17650
20240209,14:12:36,629.85,50,17650
20240209,14:13:45,615.95,50,17650
20240209,14:13:52,615.95,50,17650
20240209,14:15:58,635.45,50,17650
20240209,14:16:10,635.45,50,17650
20240209,14:16:43,635.7,50,17650
20240209,14:20:39,611.0,50,17650
20240209,14:28:55,611.0,50,17650
20240209,14:32:01,611.0,50,17650
20240209,14:33:08,615.0,100,17700
20240209,14:33:31,611.35,50,17700
20240209,14:35:08,618.4,100,17650
20240209,14:39:52,610.0,50,17600
20240209,14:41:24,610.0,100,17600
20240209,14:42:31,610.0,500,17600
20240209,14:43:36,619.85,50,17600
20240209,14:46:54,616.1,50,17600
20240209,14:50:25,625.95,50,17050
20240209,14:50:46,623.95,200,17000
20240209,14:53:12,623.95,50,17150
20240209,15:00:18,618.0,500,17150
20240209,15:00:58,636.45,150,17150
20240209,15:01:01,646.0,50,17150
20240209,15:01:10,634.35,50,17150
20240209,15:01:17,630.0,50,17150
20240209,15:01:19,631.05,100,17150
20240209,15:01:57,629.55,50,17150
20240209,15:02:59,624.75,50,17550
20240209,15:03:21,635.0,500,17550
20240209,15:03:31,634.95,300,17550
20240209,15:03:50,628.0,50,17550
20240209,15:04:10,627.45,450,17550
20240209,15:04:11,627.45,50,17550
20240209,15:04:31,620.0,100,17550
20240209,15:09:10,603.8,100,17250
20240209,15:10:01,603.8,100,17250
20240209,15:10:22,601.4,50,17250
20240209,15:10:26,600.0,50,17250
20240209,15:10:58,594.25,50,17250
20240209,15:16:10,594.25,100,17300
20240209,15:16:17,605.6,50,17300
20240209,15:16:39,609.65,50,17300
20240209,15:16:40,610.3,350,17300
20240209,15:17:28,612.35,50,17500
20240209,15:18:03,615.05,100,17500
20240209,15:19:50,620.4,150,17500
20240209,15:19:52,622.3,100,17500
20240209,15:20:41,622.3,100,17700
20240209,15:20:49,619.75,100,17700
20240209,15:21:22,622.05,100,17700
20240209,15:21:56,621.25,100,17700
20240209,15:22:40,615.65,50,17700
20240209,15:23:15,613.45,100,18000
20240209,15:25:13,618.25,100,18000
20240209,15:25:15,618.5,50,18000
20240209,15:26:22,617.85,100,18000
20240209,15:26:53,615.55,50,18100
20240209,15:27:19,604.25,50,18100
20240209,15:27:24,605.15,300,18100
20240209,15:29:43,611.3,50,17750
20240209,15:29:57,606.4,50,17750
20240212,09:18:37,605.05,1,17700
20240212,09:18:37,605.0,200,17700
20240212,09:18:56,601.65,50,17700
20240212,09:18:58,600.45,50,17700
20240212,09:29:32,595.0,50,17650
20240212,09:30:04,593.2,50,17650
20240212,09:31:02,587.25,50,17650
20240212,09:32:12,587.25,50,17650
20240212,09:35:47,585.0,250,17750
20240212,09:37:26,585.0,50,17750
20240212,09:39:55,585.0,150,17800
20240212,09:40:17,619.15,550,17800
20240212,09:40:43,646.0,50,17800
20240212,09:40:53,646.0,150,17800
20240212,09:40:56,640.75,100,17800
20240212,09:41:33,624.0,100,17800
20240212,09:42:00,621.45,50,17800
20240212,09:42:53,635.6,150,17250
20240212,09:43:48,640.0,500,17250
20240212,09:44:20,637.45,50,17250
20240212,09:44:45,637.45,50,17250
20240212,09:46:43,644.35,150,16750
20240212,09:47:53,640.1,150,16750
20240212,09:48:11,638.7,50,16750
20240212,09:48:42,635.0,50,16550
20240212,09:48:57,635.3,50,16550
20240212,09:49:18,641.25,50,16550
20240212,09:49:31,645.0,50,16550
20240212,09:50:08,650.0,50,16550
20240212,09:50:20,650.0,50,16550
20240212,09:51:02,650.0,50,16550
20240212,09:51:05,635.0,50,16550
20240212,09:51:36,637.0,50,16550
20240212,09:52:01,635.0,50,16600
20240212,09:53:40,625.0,50,16600
20240212,09:54:13,626.3,50,16600
20240212,09:55:03,641.5,150,16600
20240212,09:55:42,655.0,50,16600
20240212,09:57:49,655.0,900,16600
20240212,10:01:03,666.15,50,16150
20240212,10:01:05,667.55,50,16150
20240212,10:01:17,672.7,150,16150
20240212,10:01:21,672.7,300,16150
20240212,10:02:06,683.65,100,16150
20240212,10:04:14,683.65,150,15900
20240212,10:04:52,658.4,100,15900
20240212,10:08:09,665.75,250,15800
20240212,10:10:37,689.55,250,15800
20240212,10:11:00,695.0,50,15800
20240212,10:12:31,695.0,50,15800
20240212,10:14:04,679.3,100,15750
20240212,10:19:03,675.0,100,15650
20240212,10:23:01,700.0,50,15600
20240212,10:27:10,731.35,50,15550
20240212,10:28:20,731.35,200,15500
20240212,10:37:53,731.35,500,15500
20240212,10:50:41,716.55,50,15450
20240212,10:52:22,708.55,50,15450
20240212,10:57:08,713.3,300,15400
20240212,10:57:11,713.35,100,15400
20240212,10:57:11,714.05,100,15400
20240212,10:58:00,707.5,100,15250
20240212,11:04:06,700.0,50,15150
20240212,11:09:25,690.0,50,15150
20240212,11:10:13,680.95,150,15150
20240212,11:10:39,684.4,50,15150
20240212,11:11:30,676.5,100,15150
20240212,11:15:02,665.0,50,15050
20240212,11:15:15,669.85,50,15050
20240212,11:16:52,661.65,500,15150
20240212,11:17:32,666.95,100,15150
20240212,11:19:30,690.0,50,15150
20240212,11:20:11,686.55,500,15650
20240212,11:21:21,683.4,50,15650
20240212,11:26:45,678.2,500,15100
20240212,11:37:12,692.4,150,15400
20240212,11:39:17,686.15,50,15400
20240212,11:39:20,688.65,50,15400
20240212,11:46:58,699.9,50,15600
20240212,11:48:07,709.95,50,15600
20240212,11:51:01,716.0,100,15600
20240212,11:51:16,717.0,50,15600
20240212,11:51:35,710.0,500,15600
20240212,12:03:40,720.4,150,15200
20240212,12:03:50,727.0,50,15200
20240212,12:08:18,765.25,50,15150
20240212,12:09:08,785.95,50,15150
20240212,12:10:22,785.95,50,15100
20240212,12:11:05,764.25,50,15100
20240212,12:11:17,762.65,250,15100
20240212,12:15:52,750.0,200,15000
20240212,12:17:07,734.45,150,15000
20240212,12:17:10,739.5,150,15000
20240212,12:20:36,716.75,50,15050
20240212,12:24:09,719.85,50,15050
20240212,12:24:12,719.8,100,15050
20240212,12:25:51,731.95,150,15150
20240212,12:27:01,731.95,50,15150
20240212,12:29:14,727.15,50,15200
20240212,12:34:04,724.6,50,15150
20240212,12:34:37,724.6,50,15150
20240212,12:34:47,727.3,50,15150
20240212,12:38:34,722.0,50,15200
20240212,12:50:53,751.4,50,15200
20240212,12:51:43,741.05,50,15200
20240212,13:00:36,780.0,150,15200
20240212,13:02:08,801.65,250,15050
20240212,13:02:14,805.0,50,15050
20240212,13:02:31,805.0,50,15050
20240212,13:03:47,804.8,50,15050
20240212,13:04:00,801.0,50,14950
20240212,13:06:13,793.8,150,14950
20240212,13:10:21,781.2,100,14800
20240212,13:10:58,781.3,50,14800
20240212,13:11:43,779.25,50,14800
20240212,13:20:01,788.0,150,14600
20240212,13:21:38,792.0,50,14600
20240212,13:22:06,791.9,400,14600
20240212,13:22:25,794.85,50,14450
20240212,13:23:52,800.0,100,14450
20240212,13:27:36,779.7,50,14050
20240212,13:32:02,773.0,300,14050
20240212,13:32:21,770.6,50,14050
20240212,13:32:35,770.0,300,14050
20240212,13:41:11,758.95,100,14400
20240212,13:42:44,758.95,50,14400
20240212,13:52:16,756.15,100,14350
20240212,14:00:58,742.4,100,14350
20240212,14:03:15,729.75,50,14350
20240212,14:03:17,731.0,150,14350
20240212,14:11:35,729.0,150,14150
20240212,14:15:44,706.0,200,14000
20240212,14:24:35,768.4,50,14000
20240212,14:24:45,758.45,50,14000
20240212,14:26:18,756.95,50,14000
20240212,14:29:04,763.8,50,13950
20240212,14:33:15,748.3,50,13950
20240212,14:37:08,748.3,50,13950
20240212,14:45:42,753.65,50,13950
20240212,14:47:26,748.4,50,13900
20240212,15:00:49,778.85,50,13900
20240212,15:05:57,754.4,50,13850
20240212,15:07:15,745.75,50,13850
20240212,15:13:09,796.25,50,13850
20240212,15:14:05,788.05,50,13800
20240212,15:14:44,791.6,50,13800
20240212,15:16:09,795.85,50,13800
20240212,15:16:38,795.05,50,13800
20240212,15:19:53,798.0,50,13750
20240212,15:22:37,778.75,50,13750
20240213,09:20:42,770.8,1,13700
20240213,09:20:42,770.8,50,13700
20240213,09:22:20,776.75,50,13750
20240213,09:27:39,790.75,50,13750
20240213,09:31:09,813.4,50,13750
20240213,09:31:10,822.45,50,13750
20240213,09:31:35,839.35,50,13750
20240213,09:31:36,839.35,200,13750
20240213,09:32:35,839.6,50,13750
20240213,09:34:18,839.6,250,13700
20240213,09:35:47,800.0,200,13700
20240213,09:35:59,792.0,50,13700
20240213,09:36:25,774.65,50,13700
20240213,09:36:27,771.3,50,13700
20240213,09:40:46,771.1,50,13950
20240213,09:44:04,798.0,50,13900
20240213,09:51:09,788.0,250,13900
20240213,09:53:01,796.45,50,14150
20240213,09:53:19,797.55,50,14150
20240213,09:53:43,793.15,100,14150
20240213,09:55:24,765.0,50,14100
20240213,09:57:28,740.45,50,14100
20240213,09:57:54,735.95,150,14100
20240213,09:58:32,732.8,50,14100
20240213,10:05:42,727.0,100,14050
20240213,10:08:45,720.7,50,14050
20240213,10:13:00,691.45,50,14150
20240213,10:13:39,685.7,400,14150
20240213,10:13:44,691.25,700,14150
20240213,10:16:08,707.0,400,14150
20240213,10:16:35,707.0,150,14150
20240213,10:16:36,707.0,350,14150
20240213,10:16:45,710.05,400,14150
20240213,10:18:29,699.0,50,14150
20240213,10:18:35,698.9,50,14150
20240213,10:19:27,715.0,50,13800
20240213,10:19:36,719.1,100,13800
20240213,10:24:00,715.85,50,13850
20240213,10:27:47,705.15,50,13800
20240213,10:29:08,704.0,500,13800
20240213,10:34:00,707.95,100,14300
20240213,10:34:20,701.65,500,14300
20240213,10:35:18,707.0,250,14300
20240213,10:35:26,707.0,750,14300
20240213,10:39:13,692.95,500,13300
20240213,10:39:38,691.3,250,13300
20240213,10:39:52,692.75,50,13550
20240213,10:40:20,698.0,500,13550
20240213,10:40:46,702.8,50,13550
20240213,10:40:57,702.5,50,13550
20240213,10:41:22,703.05,200,13550
20240213,10:41:27,708.25,50,13550
20240213,10:41:51,705.4,50,13550
20240213,10:45:37,692.0,500,13300
20240213,10:47:36,697.0,500,13800
20240213,10:48:48,690.05,100,13300
20240213,10:50:16,686.75,100,13300
20240213,10:50:32,683.0,500,13300
20240213,10:51:18,667.2,500,13300
20240213,10:51:31,661.75,50,13300
20240213,10:51:35,658.65,50,13300
20240213,10:51:37,658.1,50,13300
20240213,10:52:03,658.1,50,13800
20240213,10:52:19,655.65,500,13800
20240213,10:52:28,655.65,100,13800
20240213,10:52:29,655.0,50,13800
20240213,10:52:34,655.0,50,13800
20240213,10:53:15,647.35,500,13800
20240213,10:55:43,656.0,1000,14700
20240213,10:56:08,660.0,1000,14700
20240213,10:59:36,672.35,150,12950
20240213,11:00:01,671.6,100,12950
20240213,11:04:26,669.65,50,12950
20240213,11:09:01,661.0,50,12850
20240213,11:09:55,661.65,250,12850
20240213,11:14:32,644.0,500,12850
20240213,11:15:15,644.0,50,12850
20240213,11:15:23,646.1,150,12850
20240213,11:15:58,653.0,500,13400
20240213,11:16:12,656.0,100,13400
20240213,11:17:57,657.3,50,13400
20240213,11:18:15,663.0,50,13400
20240213,11:19:57,666.95,100,13000
20240213,11:20:08,679.9,50,13000
20240213,11:38:41,695.0,50,12950
20240213,11:41:29,707.05,50,12950
20240213,11:43:38,708.15,50,13000
20240213,11:43:49,705.5,50,13000
20240213,11:44:00,704.7,50,13000
20240213,11:51:10,696.0,500,13000
20240213,11:53:08,689.5,500,13500
20240213,11:53:44,684.95,50,13500
20240213,11:53:50,683.95,100,13500
20240213,11:54:16,680.8,50,13500
20240213,11:54:38,676.15,500,13500
20240213,11:58:29,675.0,100,13900
20240213,12:00:05,682.0,1000,13900
20240213,12:02:56,680.8,100,13000
20240213,12:03:52,688.0,500,13000
20240213,12:05:51,720.0,50,12500
20240213,12:07:24,715.1,50,12450
20240213,12:12:37,713.25,100,12500
20240213,12:13:19,731.8,50,12400
20240213,12:17:23,763.95,50,12400
20240213,12:17:50,768.55,50,12350
20240213,12:18:15,760.95,50,12350
20240213,12:20:38,762.0,50,12400
20240213,12:24:40,752.9,50,12350
20240213,12:31:11,783.4,50,12350
20240213,12:35:50,759.4,50,12350
20240213,12:37:26,783.0,50,12350
20240213,12:45:09,777.0,300,12300
20240213,12:54:46,745.8,50,12300
20240213,12:55:00,749.0,50,12300
20240213,12:57:25,759.0,50,12300
20240213,13:06:10,694.55,50,12300
20240213,13:09:23,710.25,300,12300
20240213,13:09:42,710.0,50,12300
20240213,13:19:14,714.0,100,12300
20240213,13:20:45,703.0,300,12300
20240213,13:28:13,680.25,50,12300
20240213,13:33:50,675.0,100,12250
20240213,13:42:44,659.9,50,12200
20240213,13:48:25,667.2,500,12150
20240213,13:50:18,658.9,200,12650
20240213,13:51:58,670.4,200,12650
20240213,13:53:28,654.2,500,12650
20240213,13:54:20,647.3,500,12650
20240213,13:58:09,653.2,500,13550
20240213,13:58:47,658.45,50,13050
20240213,13:59:05,658.55,400,13050
20240213,14:01:26,643.6,500,13050
20240213,14:01:42,641.0,500,13050
20240213,14:02:30,653.0,1000,13050
20240213,14:02:38,654.0,50,13050
20240213,14:05:35,636.8,500,13000
20240213,14:05:36,630.55,50,13000
20240213,14:05:58,628.0,500,13000
20240213,14:09:24,644.0,1000,13800
20240213,14:09:31,640.85,200,13800
20240213,14:09:37,640.0,200,13800
20240213,14:10:43,650.7,500,12800
20240213,14:11:23,663.0,500,12800
20240213,14:12:45,666.55,100,12800
20240213,14:13:18,668.6,150,12450
20240213,14:13:28,666.8,100,12450
20240213,14:18:06,675.9,100,12450
20240213,14:19:50,677.95,650,12750
20240213,14:22:11,680.0,50,12750
20240213,14:36:54,653.0,300,12700
20240213,14:39:38,666.0,50,12700
20240213,14:47:25,675.95,50,12700
20240213,14:58:57,660.45,50,12700
20240213,14:59:31,653.75,500,12700
20240213,14:59:54,659.0,500,12700
20240213,15:00:38,650.0,50,12700
20240213,15:02:12,638.0,500,12550
20240213,15:03:35,642.0,50,12550
20240213,15:03:52,646.0,500,12550
20240213,15:10:00,633.1,700,12550
20240213,15:10:01,634.25,50,12550
20240213,15:12:39,638.35,50,12600
20240213,15:13:23,634.45,50,12600
20240213,15:14:19,633.0,250,12700
20240213,15:14:25,633.0,50,12700
20240213,15:15:43,646.1,50,12700
20240213,15:17:49,640.0,500,12750
20240213,15:18:59,642.0,550,12750
20240213,15:19:25,642.0,50,12750
20240213,15:20:24,647.0,50,12750
20240213,15:20:50,651.5,50,12750
20240213,15:26:46,657.1,100,12650
20240213,15:29:12,661.1,50,12750
20240214,09:16:19,818.4,1,12750
20240214,09:16:19,818.4,50,12750
20240214,09:16:35,812.35,300,12700
20240214,09:16:37,812.35,50,12700
20240214,09:16:53,820.0,50,12700
20240214,09:16:58,823.5,50,12700
20240214,09:17:56,833.5,600,12700
20240214,09:19:42,816.95,100,12300
20240214,09:19:44,817.5,50,12300
20240214,09:21:34,831.0,200,12300
20240214,09:22:49,846.0,50,12050
20240214,09:25:28,857.05,200,12000
20240214,09:28:17,864.85,500,11800
20240214,09:29:54,864.85,450,11800
20240214,09:31:26,870.25,500,11300
20240214,09:31:29,868.35,50,11300
20240214,09:34:04,858.75,50,11000
20240214,09:38:13,841.8,50,10950
20240214,09:38:14,840.05,150,10950
20240214,09:38:21,835.3,50,10950
20240214,09:38:56,830.0,500,10950
20240214,09:39:03,828.4,500,10950
20240214,09:39:19,823.15,200,10950
20240214,09:39:26,820.15,100,10950
20240214,09:42:20,865.7,150,11850
20240214,09:45:53,860.0,1200,11850
20240214,09:51:36,830.0,600,11000
20240214,09:53:04,830.0,600,11000
20240214,10:13:28,799.75,50,11700
20240214,10:26:21,799.75,100,11650
20240214,10:27:56,798.55,100,11650
20240214,10:30:11,798.55,50,11650
20240214,10:55:21,782.6,50,11500
20240214,11:00:06,773.8,1150,11450
20240214,11:00:07,772.45,200,11450
20240214,11:01:15,768.1,100,12200
20240214,11:36:08,768.1,1000,12200
20240214,11:37:07,832.35,1000,13000
20240214,12:10:45,784.0,1000,13000
20240214,12:11:36,788.95,100,12000
20240214,12:11:37,789.0,1000,12000
20240214,12:19:11,783.4,100,11500
20240214,12:31:55,726.0,150,11500
20240214,12:37:03,726.0,50,11500
20240214,12:52:35,726.75,50,11500
20240214,13:04:22,694.0,50,11500
20240214,13:08:02,694.0,150,11500
20240214,13:11:26,703.0,50,11500
20240214,13:11:46,697.05,100,11500
20240214,13:15:12,700.0,50,11600
20240214,13:17:25,714.25,1150,11600
20240214,13:26:41,726.2,300,10650
20240214,13:27:06,721.05,300,10650
20240214,13:32:08,747.9,50,10250
20240214,13:33:08,747.9,100,10250
20240214,13:33:56,755.0,100,10250
20240214,13:37:38,745.0,50,10100
20240214,13:40:33,738.0,50,10050
20240214,13:45:22,730.0,50,10000
20240214,13:46:12,726.9,300,10000
20240214,13:47:26,720.0,100,10100
20240214,13:56:40,740.95,50,10200
20240214,13:56:53,742.55,50,10200
20240214,13:59:11,724.0,100,10200
20240214,14:04:38,710.85,300,10150
20240214,14:05:49,719.0,300,10150
20240214,14:09:57,700.8,100,10300
20240214,14:10:17,702.35,50,10300
20240214,14:10:18,702.55,250,10200
20240214,14:10:19,702.55,100,10200
20240214,14:14:47,662.25,50,9950
20240214,14:15:27,662.25,100,9950
20240214,14:18:29,650.6,50,9950
20240214,14:21:37,650.6,50,9900
20240214,14:21:52,666.5,50,9900
20240214,14:23:29,638.3,50,10000
20240214,14:24:04,626.55,100,10000
20240214,14:24:44,616.5,50,10000
20240214,14:29:08,616.5,100,10050
20240214,14:31:11,630.0,50,10050
20240214,14:32:40,616.6,50,10050
20240214,14:33:06,592.1,200,10050
20240214,14:34:06,568.6,100,10050
20240214,14:34:22,566.0,100,10050
20240214,14:34:28,566.0,100,10050
20240214,14:35:12,566.55,150,10050
20240214,14:36:29,571.55,100,10050
20240214,14:38:23,564.9,50,10250
20240214,14:43:17,564.9,50,10250
20240214,14:44:11,564.9,50,10250
20240214,14:44:52,561.85,400,10250
20240214,14:45:34,553.15,100,10250
20240214,14:47:15,553.15,250,10000
20240214,14:47:27,570.0,50,10000
20240214,14:47:57,571.65,50,10000
20240214,14:49:54,555.0,50,10000
20240214,14:50:59,559.75,50,10150
20240214,14:54:15,557.35,100,10200
20240214,14:55:38,568.0,50,10200
20240214,14:58:10,540.0,50,10200
20240214,15:00:01,515.4,100,10250
20240214,15:00:05,508.55,50,10250
20240214,15:01:07,489.1,100,10250
20240214,15:01:10,485.5,50,10250
20240214,15:01:14,485.5,100,10250
20240214,15:01:16,495.8,50,10250
20240214,15:02:42,495.15,100,10400
20240214,15:03:17,496.85,300,10400
20240214,15:03:32,506.3,50,10400
20240214,15:03:50,519.1,50,10400
20240214,15:04:53,519.15,50,10400
20240214,15:05:59,521.9,50,10150
20240214,15:06:09,521.8,50,10150
20240214,15:06:22,517.5,50,10150
20240214,15:06:23,516.9,500,10150
20240214,15:06:53,523.05,50,10150
20240214,15:06:57,523.7,50,10150
20240214,15:07:09,519.15,50,10150
20240214,15:07:49,518.05,50,10400
20240214,15:08:02,513.55,100,10400
20240214,15:10:40,520.0,50,10500
20240214,15:10:55,525.75,100,10500
20240214,15:10:59,529.0,100,10500
20240214,15:11:16,529.0,150,10500
20240214,15:11:45,530.8,200,10500
20240214,15:11:50,529.75,300,10500
20240214,15:13:13,556.05,50,10500
20240214,15:13:17,554.95,100,10500
20240214,15:13:32,559.05,500,10050
20240214,15:14:18,547.5,500,10050
20240214,15:14:36,549.8,500,10050
20240214,15:15:00,547.25,50,10050
20240214,15:19:01,531.4,450,10000
20240214,15:24:33,523.55,200,10150
20240214,15:24:42,522.95,50,10150
20240214,15:25:15,524.35,50,10150
20240214,15:26:25,522.05,150,9950
20240214,15:26:44,524.35,100,9950
20240214,15:28:08,516.5,100,9950
20240214,15:28:27,518.85,250,9950
20240214,15:29:49,516.5,50,9950
20240215,09:15:01,480.15,1,9850
20240215,09:15:01,480.15,100,9850
20240215,09:15:12,492.7,50,9850
20240215,09:15:15,494.0,150,9850
20240215,09:15:28,495.0,300,9850
20240215,09:15:42,495.0,500,10200
20240215,09:16:17,485.4,50,10200
20240215,09:16:23,478.95,100,10200
20240215,09:17:05,488.35,50,10200
20240215,09:17:24,483.0,100,10200
20240215,09:17:59,490.8,50,10200
20240215,09:18:01,491.45,50,10200
20240215,09:18:09,490.4,50,10200
20240215,09:18:51,487.4,200,10200
20240215,09:19:00,490.4,1200,10750
20240215,09:19:01,491.0,50,10750
20240215,09:19:07,500.0,50,10750
20240215,09:19:09,500.0,250,10750
20240215,09:19:09,496.9,50,10750
20240215,09:19:12,494.5,1000,10750
20240215,09:19:13,495.1,50,10750
20240215,09:19:24,496.95,50,10750
20240215,09:19:28,495.65,200,10750
20240215,09:19:45,499.8,900,10750
20240215,09:19:50,502.9,50,10750
20240215,09:19:51,509.0,100,10750
20240215,09:19:56,509.0,50,10750
20240215,09:19:57,507.5,100,10750
20240215,09:19:59,504.75,50,10750
20240215,09:20:09,508.1,350,10750
20240215,09:20:10,506.4,300,10750
20240215,09:20:11,504.6,150,10750
20240215,09:20:12,510.65,350,10750
20240215,09:20:19,510.65,50,10750
20240215,09:20:26,510.55,50,10750
20240215,09:20:28,509.75,50,10750
20240215,09:20:32,509.0,50,10750
20240215,09:20:42,507.95,50,10750
20240215,09:20:43,508.05,200,10750
20240215,09:20:47,508.15,100,10750
20240215,09:20:52,509.0,50,10750
20240215,09:20:58,508.0,50,10750
20240215,09:21:03,506.35,150,10750
20240215,09:21:05,506.6,50,10750
20240215,09:21:20,510.25,50,10750
20240215,09:21:21,510.3,50,10750
20240215,09:21:26,503.8,50,10750
20240215,09:21:30,503.55,50,10750
20240215,09:21:42,505.0,100,10100
20240215,09:22:00,517.25,50,10100
20240215,09:22:21,517.25,300,10100
20240215,09:22:25,518.85,100,10100
20240215,09:22:27,517.15,50,10100
20240215,09:22:29,524.65,50,10100
20240215,09:22:35,524.65,500,10100
20240215,09:22:50,524.65,100,10100
20240215,09:22:58,521.45,500,10100
20240215,09:22:59,520.1,100,10100
20240215,09:23:14,518.35,50,10100
20240215,09:23:18,512.35,50,10100
20240215,09:24:06,496.0,50,10100
20240215,09:24:09,490.0,50,10100
20240215,09:24:32,477.95,100,10100
20240215,09:24:33,477.95,50,10850
20240215,09:24:34,485.0,250,10850
20240215,09:24:45,483.95,150,10850
20240215,09:25:04,489.3,100,10850
20240215,09:25:10,490.35,100,10850
20240215,09:25:18,500.0,50,10850
20240215,09:25:38,499.65,50,10850
20240215,09:25:42,509.0,150,10850
20240215,09:25:44,507.7,300,10850
20240215,09:25:49,512.0,50,10850
20240215,09:25:50,517.85,100,10850
20240215,09:26:00,524.0,50,10850
20240215,09:26:24,522.85,50,10850
20240215,09:26:26,522.4,100,10850
20240215,09:26:28,520.8,300,10850
20240215,09:26:30,523.4,50,10850
20240215,09:26:37,517.9,50,10850
20240215,09:26:38,516.4,50,10850
20240215,09:26:48,515.0,250,10850
20240215,09:26:49,511.0,100,10850
20240215,09:27:08,514.65,50,10850
20240215,09:29:16,529.2,100,10300
20240215,09:29:30,526.65,50,10300
20240215,09:29:37,522.65,250,10300
20240215,09:29:53,524.15,700,10300
20240215,09:30:05,518.0,100,10300
20240215,09:30:12,519.7,50,10300
20240215,09:30:15,522.0,50,10300
20240215,09:30:16,523.0,50,10300
20240215,09:30:20,520.45,150,10300
20240215,09:30:44,538.0,50,10000
20240215,09:30:46,538.9,150,10000
20240215,09:30:58,535.0,150,10000
20240215,09:31:20,538.05,200,10000
20240215,09:31:43,538.05,500,10000
20240215,09:31:47,535.8,50,10000
20240215,09:31:57,533.05,100,10000
20240215,09:32:01,533.25,50,10000
20240215,09:32:02,529.4,550,10000
20240215,09:32:14,520.5,150,10000
20240215,09:32:33,520.5,100,10000
20240215,09:33:13,527.6,50,10000
20240215,09:33:14,527.65,50,10000
20240215,09:33:22,533.5,100,10000
20240215,09:33:37,534.65,50,11100
20240215,09:33:50,533.3,500,11100
20240215,09:34:28,553.9,600,11100
20240215,09:34:29,559.8,100,11100
20240215,09:34:32,556.45,100,11100
20240215,09:34:33,551.65,100,11100
20240215,09:34:34,554.55,100,11100
20240215,09:34:38,556.95,100,11100
20240215,09:35:01,560.55,100,11100
20240215,09:35:05,562.8,150,11100
20240215,09:35:07,557.95,50,11100
20240215,09:35:08,561.5,50,11100
20240215,09:35:18,555.55,150,11100
20240215,09:35:19,563.85,100,11100
20240215,09:35:24,563.85,100,11100
20240215,09:35:41,563.95,50,11100
20240215,09:36:09,563.95,150,11100
20240215,09:36:13,554.2,500,11100
20240215,09:36:24,555.8,150,11100
20240215,09:36:28,551.9,200,11100
20240215,09:37:00,545.95,50,11150
20240215,09:38:52,547.7,50,11150
20240215,09:39:17,574.85,100,11150
20240215,09:39:18,574.85,150,11150
20240215,09:39:22,570.3,50,11150
20240215,09:39:52,573.15,100,10950
20240215,09:39:55,571.6,100,10950
20240215,09:40:08,573.55,50,10950
20240215,09:40:30,581.2,150,10950
20240215,09:40:31,581.2,300,10950
20240215,09:40:44,561.15,50,10950
20240215,09:41:48,566.25,50,10950
20240215,09:42:01,564.6,50,10950
20240215,09:44:58,569.6,50,10850
20240215,09:45:32,551.9,50,10850
20240215,09:45:39,556.05,100,10850
20240215,09:45:46,556.3,50,10850
20240215,09:46:00,554.15,250,10850
20240215,09:47:14,568.1,50,10850
20240215,09:47:59,554.1,100,10850
20240215,09:48:18,532.8,200,10850
20240215,09:48:24,500.0,650,10850
20240215,09:48:26,481.75,150,10850
20240215,09:48:28,495.0,550,10850
20240215,09:48:37,482.95,150,10850
20240215,09:48:41,489.1,100,10700
20240215,09:48:43,490.35,200,10700
20240215,09:48:59,534.5,150,10700
20240215,09:49:00,518.9,50,10700
20240215,09:49:02,525.1,100,10700
20240215,09:49:05,515.4,100,10700
20240215,09:49:07,517.0,100,10700
20240215,09:49:19,510.1,250,10700
20240215,09:49:45,515.55,100,10700
20240215,09:49:54,510.65,100,10700
20240215,09:50:24,504.65,50,10700
20240215,09:50:32,507.7,50,10700
20240215,09:50:46,513.25,50,10700
20240215,09:51:00,507.15,500,10700
20240215,09:51:06,502.1,850,10700
20240215,09:51:21,509.65,50,10700
20240215,09:51:23,512.25,50,10700
20240215,09:51:49,511.5,50,10650
20240215,09:52:01,520.0,100,10650
20240215,09:52:06,529.55,150,10650
20240215,09:52:23,528.25,50,10650
20240215,09:52:29,517.7,50,10650
20240215,09:52:29,516.3,150,10650
20240215,09:52:30,516.8,50,10650
20240215,09:52:36,522.8,200,10650
20240215,09:52:39,518.65,50,10650
20240215,09:52:59,515.2,50,10650
20240215,09:53:01,514.55,50,10650
20240215,09:53:03,516.5,200,10650
20240215,09:53:15,525.4,50,10650
20240215,09:53:16,519.35,50,10650
20240215,09:53:30,526.25,50,10650
20240215,09:54:06,529.8,200,10650
20240215,09:54:24,527.3,50,10650
20240215,09:54:27,530.45,50,10650
20240215,09:54:59,551.35,200,10450
20240215,09:55:00,566.25,1050,10450
20240215,09:55:29,585.25,50,10450
20240215,09:56:05,588.05,2500,10450
20240215,09:56:13,590.8,250,10450
20240215,09:56:16,586.7,50,10450
20240215,09:56:18,584.8,50,10450
20240215,09:56:19,586.4,100,10450
20240215,09:56:20,584.95,400,10450
20240215,09:56:23,593.2,50,10450
20240215,09:56:26,593.2,50,10450
20240215,09:56:27,591.1,100,10450
20240215,09:56:32,589.3,100,10450
20240215,09:56:52,584.5,50,10450
20240215,09:56:59,582.35,50,10450
20240215,09:57:16,578.75,600,10450
20240215,09:57:48,579.45,800,10950
20240215,09:58:01,581.1,50,10950
20240215,09:58:17,585.35,100,10950
20240215,09:58:30,583.4,50,10950
20240215,09:59:33,595.75,200,10950
20240215,09:59:33,597.7,50,10950
20240215,09:59:36,597.7,500,10950
20240215,10:00:30,589.4,50,10950
20240215,10:00:46,586.05,100,10350
20240215,10:00:51,585.85,100,10350
20240215,10:01:15,595.0,50,10350
20240215,10:03:02,577.3,100,10350
20240215,10:03:29,566.0,100,10350
20240215,10:03:37,558.55,50,10350
20240215,10:03:50,577.35,200,10300
20240215,10:04:01,576.25,50,10300
20240215,10:04:46,569.5,50,10300
20240215,10:05:01,570.85,200,10300
20240215,10:05:13,559.95,150,10300
20240215,10:05:30,553.0,50,10300
20240215,10:05:49,554.5,100,10300
20240215,10:06:06,528.6,100,10300
20240215,10:06:19,534.8,50,10300
20240215,10:06:23,536.2,50,10300
20240215,10:06:31,542.3,50,10300
20240215,10:06:52,542.55,50,10000
20240215,10:06:55,539.55,50,10000
20240215,10:07:05,535.0,100,10000
20240215,10:07:25,528.45,50,10000
20240215,10:07:34,520.0,900,10000
20240215,10:07:57,528.5,400,10000
20240215,10:09:25,525.2,50,10000
20240215,10:09:53,533.25,100,10100
20240215,10:09:54,533.75,50,10100
20240215,10:11:04,506.0,150,10100
20240215,10:11:06,510.15,150,10100
20240215,10:11:07,510.3,50,10100
20240215,10:11:11,514.0,500,10100
20240215,10:12:13,515.0,150,10100
20240215,10:13:47,530.5,50,9650
20240215,10:13:50,527.35,50,9650
20240215,10:16:33,508.05,50,9650
20240215,10:16:49,507.5,50,9650
20240215,10:18:16,502.0,150,9650
20240215,10:19:00,516.25,100,9650
20240215,10:19:07,517.6,50,9650
20240215,10:19:22,513.1,50,9650
20240215,10:19:34,507.35,300,9650
20240215,10:20:03,501.7,50,9650
20240215,10:20:34,500.0,100,9650
20240215,10:20:52,502.55,150,9650
20240215,10:21:02,507.2,50,9650
20240215,10:21:20,510.55,50,9650
20240215,10:21:41,504.75,150,9650
20240215,10:22:07,504.75,50,10300
20240215,10:22:21,506.95,100,10300
20240215,10:22:29,508.65,300,10300
20240215,10:25:54,506.75,50,9950
20240215,10:26:43,500.95,50,9950
20240215,10:27:10,508.4,50,9950
20240215,10:27:23,505.45,50,9950
20240215,10:27:29,506.25,50,9950
20240215,10:28:04,528.2,150,9950
20240215,10:28:12,523.75,100,9950
20240215,10:28:56,513.25,50,9950
20240215,10:29:47,519.45,50,9950
20240215,10:30:44,517.0,200,9900
20240215,10:31:00,507.3,250,9900
20240215,10:31:09,496.5,50,9900
20240215,10:31:20,491.1,50,9900
20240215,10:31:33,497.4,300,9900
20240215,10:31:52,495.35,100,9900
20240215,10:33:46,515.0,50,10100
20240215,10:35:00,514.45,150,10100
20240215,10:35:14,517.9,50,10100
20240215,10:36:26,525.7,50,10100
20240215,10:36:51,517.95,50,10150
20240215,10:37:19,520.4,100,10150
20240215,10:37:41,530.0,150,10150
20240215,10:37:45,531.65,50,10150
20240215,10:38:38,516.1,150,10150
20240215,10:39:24,525.0,50,10150
20240215,10:41:07,526.45,50,10200
20240215,10:41:30,535.0,400,10200
20240215,10:42:00,524.2,50,10200
20240215,10:42:01,521.3,50,10200
20240215,10:42:03,521.8,50,10200
20240215,10:42:05,522.65,50,10200
20240215,10:42:50,517.0,50,10100
20240215,10:42:52,514.25,100,10100
20240215,10:43:58,526.0,50,10100
20240215,10:44:00,527.2,300,10100
20240215,10:44:09,524.0,1150,10100
20240215,10:44:56,527.8,50,10100
20240215,10:45:00,525.35,150,10100
20240215,10:45:56,526.9,250,10400
20240215,10:46:24,522.05,50,10400
20240215,10:48:11,510.0,50,10400
20240215,10:52:17,522.1,50,10450
20240215,10:54:24,517.6,50,10450
20240215,10:55:13,519.6,400,10450
20240215,10:56:26,550.35,100,10450
20240215,10:56:29,563.8,150,10450
20240215,10:56:31,561.5,50,10450
20240215,10:56:58,553.8,1150,10450
20240215,10:57:00,553.65,150,10450
20240215,10:58:27,552.65,50,9600
20240215,10:58:44,540.55,50,9600
20240215,10:59:00,541.85,150,9600
20240215,10:59:48,542.9,50,9600
20240215,11:00:52,522.65,50,9600
20240215,11:01:08,519.5,50,9500
20240215,11:01:36,531.1,100,9500
20240215,11:01:49,537.35,50,9500
20240215,11:02:35,545.35,50,9500
20240215,11:03:04,540.0,50,9500
20240215,11:04:41,535.2,50,9500
20240215,11:06:15,530.1,50,9500
20240215,11:06:36,528.1,50,9500
20240215,11:06:38,528.25,50,9500
20240215,11:06:46,525.0,100,9500
20240215,11:08:09,533.55,50,9600
20240215,11:09:13,527.5,50,9600
20240215,11:10:23,522.05,50,9600
20240215,11:10:35,522.8,50,9650
20240215,11:10:38,521.95,50,9650
20240215,11:11:05,522.45,50,9650
20240215,11:11:13,520.4,50,9650
20240215,11:11:35,509.55,50,9650
20240215,11:15:31,527.8,150,9650
20240215,11:16:23,528.8,100,9800
20240215,11:18:24,520.45,50,9800
20240215,11:20:00,518.9,100,9800
20240215,11:20:34,515.5,200,9800
20240215,11:22:33,517.75,50,9800
20240215,11:23:54,509.55,500,9800
20240215,11:24:34,522.0,50,9800
20240215,11:25:23,550.0,50,10250
20240215,11:25:27,550.0,100,10250
20240215,11:26:38,532.25,50,10250
20240215,11:27:57,537.75,50,10250
20240215,11:30:07,534.15,50,10050
20240215,11:30:17,531.7,50,10050
20240215,11:33:51,539.9,50,10100
20240215,11:37:38,540.85,100,10100
20240215,11:37:50,534.95,100,10050
20240215,11:38:01,536.45,550,10050
20240215,11:38:20,534.55,500,10050
20240215,11:38:25,533.4,100,10050
20240215,11:42:28,544.0,500,10500
20240215,11:42:33,539.95,150,10500
20240215,11:43:09,535.35,150,10500
20240215,11:45:22,528.45,50,10000
20240215,11:46:30,532.8,50,10100
20240215,11:48:37,525.95,250,10100
20240215,11:50:53,528.5,100,10000
20240215,11:52:39,523.6,150,10000
20240215,11:53:04,520.0,50,10000
20240215,11:54:23,515.0,50,10000
20240215,11:55:01,519.8,50,10100
20240215,11:55:02,517.3,150,10100
20240215,11:55:05,515.45,50,10100
20240215,11:55:19,516.85,50,10100
20240215,11:55:26,512.0,50,10100
20240215,11:56:00,515.0,50,10100
20240215,11:56:08,515.3,50,10100
20240215,11:57:12,514.55,50,10100
20240215,11:57:57,515.5,50,10200
20240215,11:58:59,522.3,50,10200
20240215,11:59:07,521.65,50,10200
20240215,11:59:38,527.85,100,10200
20240215,11:59:54,530.0,150,10200
20240215,12:01:35,526.0,100,10050
20240215,12:02:24,523.9,100,10050
20240215,12:10:02,534.85,100,10000
20240215,12:11:00,533.05,50,10000
20240215,12:17:30,539.05,50,10000
20240215,12:18:14,545.1,200,10000
20240215,12:18:32,542.3,50,10000
20240215,12:19:46,542.3,50,9750
20240215,12:20:01,540.7,100,9750
20240215,12:22:02,532.4,300,9750
20240215,12:22:40,531.45,50,9750
20240215,12:23:33,518.65,100,9750
20240215,12:23:48,518.7,300,9750
20240215,12:24:13,515.0,100,9750
20240215,12:24:19,515.5,300,9750
20240215,12:25:01,511.95,350,10000
20240215,12:27:00,521.2,300,10000
20240215,12:29:01,525.0,100,10050
20240215,12:30:32,531.2,50,10050
20240215,12:30:44,528.5,300,10050
20240215,12:30:55,530.3,50,10050
20240215,12:31:07,533.75,50,10250
20240215,12:31:14,537.25,50,10250
20240215,12:31:30,538.9,200,10250
20240215,12:31:31,538.1,50,10250
20240215,12:31:40,539.0,300,10250
20240215,12:32:54,539.0,50,10250
20240215,12:33:06,540.85,50,10250
20240215,12:33:23,543.3,1450,10250
20240215,12:33:26,546.5,50,10250
20240215,12:33:30,552.25,50,10250
20240215,12:33:33,550.2,150,10250
20240215,12:33:35,557.1,50,10250
20240215,12:33:46,561.2,50,10250
20240215,12:33:50,561.45,50,10250
20240215,12:33:54,562.4,200,10250
20240215,12:34:01,564.5,100,10250
20240215,12:34:09,569.3,50,10300
20240215,12:34:28,557.95,50,10300
20240215,12:34:49,556.2,50,10300
20240215,12:35:26,549.25,100,10300
20240215,12:36:03,547.2,50,10300
20240215,12:37:53,548.55,50,10000
20240215,12:38:07,548.35,50,10000
20240215,12:38:39,541.65,50,10000
20240215,12:42:33,546.0,100,9900
20240215,12:43:00,546.5,250,9900
20240215,12:43:19,550.75,50,9700
20240215,12:45:02,542.0,100,9700
20240215,12:49:39,530.5,50,9700
20240215,12:50:01,525.7,150,9700
20240215,12:50:56,532.75,50,9700
20240215,12:51:00,530.9,50,9700
20240215,12:51:21,532.3,50,9700
20240215,12:52:51,520.0,100,9700
20240215,12:52:52,517.9,200,9700
20240215,12:54:37,536.0,100,9700
20240215,12:55:01,534.95,50,9700
20240215,12:59:15,539.0,50,9850
20240215,12:59:36,533.7,150,9850
20240215,13:00:25,539.25,100,9850
20240215,13:00:44,539.65,250,9850
20240215,13:00:46,539.5,50,9850
20240215,13:02:31,540.15,100,10100
20240215,13:04:31,528.6,50,10100
20240215,13:04:52,528.6,50,10100
20240215,13:07:19,536.0,50,10150
20240215,13:08:40,537.55,50,10150
20240215,13:11:52,531.55,100,10150
20240215,13:12:31,529.15,50,10150
20240215,13:15:56,533.15,100,10250
20240215,13:18:54,538.0,150,10150
20240215,13:19:15,539.9,100,10100
20240215,13:22:13,530.55,50,10100
20240215,13:23:54,521.55,50,10100
20240215,13:25:43,534.8,50,10100
20240215,13:32:09,528.7,100,10150
20240215,13:33:40,516.8,50,10150
20240215,13:33:45,516.85,100,10150
20240215,13:33:48,520.35,500,10150
20240215,13:33:53,521.0,100,10150
20240215,13:34:14,524.35,500,10350
20240215,13:35:26,521.85,100,10350
20240215,13:36:01,517.65,100,10350
20240215,13:36:02,517.25,50,10350
20240215,13:36:45,516.45,50,10350
20240215,13:38:28,499.55,500,9950
20240215,13:38:29,503.25,100,9950
20240215,13:39:41,483.55,100,9950
20240215,13:39:54,480.0,100,9950
20240215,13:39:56,473.0,50,9950
20240215,13:39:58,470.9,500,9950
20240215,13:40:02,459.0,100,9950
20240215,13:40:05,459.0,100,9950
20240215,13:40:08,459.6,50,9950
20240215,13:40:18,473.05,50,10150
20240215,13:40:21,473.75,300,10150
20240215,13:40:27,476.9,300,10150
20240215,13:40:30,482.1,50,10150
20240215,13:42:00,448.45,50,10150
20240215,13:42:05,446.5,50,10150
20240215,13:42:30,446.5,50,10150
20240215,13:42:44,449.65,50,10150
20240215,13:43:25,449.65,50,10150
20240215,13:43:47,447.3,50,10150
20240215,13:44:41,444.15,200,10150
20240215,13:44:47,446.65,50,10150
20240215,13:45:31,455.45,50,10150
20240215,13:46:03,454.3,50,10150
20240215,13:46:21,450.0,100,10150
20240215,13:46:28,443.85,50,10500
20240215,13:46:47,443.85,50,10500
20240215,13:47:23,450.05,50,10500
20240215,13:47:57,441.9,200,10500
20240215,13:48:51,447.4,400,10500
20240215,13:49:19,447.4,150,10500
20240215,13:49:37,449.15,50,10600
20240215,13:52:02,450.05,200,10600
20240215,13:52:05,448.15,100,10600
20240215,13:52:44,442.95,500,10450
20240215,13:53:01,443.25,100,10450
20240215,13:53:46,449.35,50,10450
20240215,13:54:07,449.5,850,10450
20240215,13:55:15,459.4,50,10450
20240215,13:55:18,463.95,50,9950
20240215,13:55:22,463.05,50,9950
20240215,13:55:25,458.7,50,9950
20240215,13:55:59,463.45,400,9950
20240215,13:56:35,454.0,100,9950
20240215,13:57:28,437.0,300,9950
20240215,13:58:17,442.45,150,10000
20240215,13:58:35,442.05,50,10000
20240215,13:58:39,442.4,100,10000
20240215,13:58:42,445.1,100,10000
20240215,13:58:50,443.05,50,10000
20240215,13:58:52,444.8,50,10000
20240215,13:58:55,442.7,150,10000
20240215,13:59:11,441.0,50,10000
20240215,13:59:28,445.05,350,10000
20240215,13:59:38,448.45,50,10000
20240215,14:00:08,444.45,100,10000
20240215,14:00:20,448.45,50,10000
20240215,14:00:59,453.5,500,10000
20240215,14:01:23,461.1,50,10000
20240215,14:01:40,462.0,300,11100
20240215,14:01:41,465.0,500,11100
20240215,14:01:44,464.75,50,11100
20240215,14:01:45,466.0,50,11100
20240215,14:02:29,457.1,100,11100
20240215,14:02:46,459.3,50,11100
20240215,14:02:50,458.15,100,11100
20240215,14:02:51,456.9,50,11100
20240215,14:02:58,456.9,50,11100
20240215,14:03:14,458.55,100,11100
20240215,14:03:27,465.3,500,11100
20240215,14:04:22,463.65,50,10750
20240215,14:04:46,472.0,100,10750
20240215,14:04:55,476.15,50,10750
20240215,14:04:59,480.15,50,10750
20240215,14:05:01,477.7,100,10750
20240215,14:05:06,476.15,500,10750
20240215,14:05:17,472.0,50,10750
20240215,14:05:50,460.0,100,10750
20240215,14:06:24,467.8,500,10750
20240215,14:07:13,464.95,50,10750
20240215,14:07:25,465.1,500,10550
20240215,14:07:28,465.15,1800,10550
20240215,14:07:30,464.5,50,10550
20240215,14:07:40,466.0,50,10550
20240215,14:08:00,466.0,100,10550
20240215,14:09:35,464.1,350,10550
20240215,14:10:18,460.0,150,12600
20240215,14:11:11,457.95,50,12600
20240215,14:11:58,456.85,50,12600
20240215,14:12:08,455.8,50,12600
20240215,14:12:20,459.25,50,12600
20240215,14:12:33,459.3,50,12600
20240215,14:12:54,461.55,50,12600
20240215,14:13:11,468.8,50,12600
20240215,14:13:12,467.1,50,12600
20240215,14:13:25,470.0,150,12600
20240215,14:13:30,470.95,50,12850
20240215,14:14:02,470.0,150,12850
20240215,14:14:07,473.95,50,12850
20240215,14:14:15,480.0,100,12850
20240215,14:14:20,476.6,600,12850
20240215,14:14:56,479.7,50,12850
20240215,14:14:58,484.9,1100,12850
20240215,14:15:05,486.9,50,12850
20240215,14:15:13,490.0,100,12850
20240215,14:15:19,483.0,50,12850
20240215,14:15:27,487.1,50,12850
20240215,14:15:35,491.9,50,12850
20240215,14:15:37,490.8,50,12850
20240215,14:15:51,489.6,250,12850
20240215,14:15:51,488.25,200,12850
20240215,14:15:57,496.8,50,12850
20240215,14:15:58,495.0,100,12850
20240215,14:16:08,493.65,350,12850
20240215,14:16:12,492.45,50,12850
20240215,14:16:25,487.15,50,11350
20240215,14:16:40,480.0,150,11350
20240215,14:16:42,478.5,50,11350
20240215,14:16:48,482.9,50,11350
20240215,14:18:13,487.85,100,11350
20240215,14:19:00,498.25,500,11350
20240215,14:19:39,492.95,50,11550
20240215,14:20:01,493.5,50,11550
20240215,14:20:39,492.55,350,11550
20240215,14:21:17,494.0,300,11550
20240215,14:21:47,489.5,50,11550
20240215,14:21:50,487.85,50,11550
20240215,14:22:46,493.0,500,11550
20240215,14:22:52,496.7,100,11050
20240215,14:23:02,495.7,50,11050
20240215,14:23:07,496.3,250,11050
20240215,14:23:42,487.85,100,11050
20240215,14:23:43,485.1,50,11050
20240215,14:24:18,500.0,1900,11050
20240215,14:24:19,505.15,200,11050
20240215,14:24:20,504.8,50,11050
20240215,14:24:21,503.65,150,11050
20240215,14:24:29,506.3,650,11050
20240215,14:24:30,504.65,100,11050
20240215,14:24:34,513.5,650,11050
20240215,14:24:35,510.7,100,11050
20240215,14:24:39,516.15,150,11050
20240215,14:24:40,512.6,200,11050
20240215,14:24:41,511.3,100,11050
20240215,14:24:43,512.25,50,11050
20240215,14:24:46,514.65,100,11050
20240215,14:24:50,516.7,100,11050
20240215,14:24:52,516.9,50,11050
20240215,14:24:53,517.1,50,11050
20240215,14:24:59,519.35,100,11050
20240215,14:25:11,515.85,100,11050
20240215,14:25:12,518.05,250,11050
20240215,14:25:17,519.45,50,11050
20240215,14:25:22,515.05,100,10200
20240215,14:25:24,516.3,50,10200
20240215,14:25:27,523.6,50,10200
20240215,14:25:28,524.5,50,10200
20240215,14:25:33,515.7,100,10200
20240215,14:25:36,513.15,150,10200
20240215,14:25:39,512.95,50,10200
20240215,14:25:41,517.7,200,10200
20240215,14:25:58,518.25,300,10200
20240215,14:26:04,517.85,50,10200
20240215,14:26:08,515.55,300,10200
20240215,14:26:17,510.35,50,10200
20240215,14:26:50,508.0,500,10200
20240215,14:27:01,507.4,50,10200
20240215,14:27:02,507.85,250,10200
20240215,14:27:43,506.2,50,10200
20240215,14:29:38,506.35,100,10350
20240215,14:30:37,502.9,50,10350
20240215,14:30:57,499.7,50,10350
20240215,14:31:00,498.95,50,10350
20240215,14:31:12,500.0,50,10350
20240215,14:32:37,511.0,50,10350
20240215,14:33:30,509.25,50,10300
20240215,14:33:33,508.6,50,10300
20240215,14:36:07,511.3,200,10300
20240215,14:36:49,514.35,50,10200
20240215,14:37:04,510.0,50,10200
20240215,14:37:34,508.0,50,10500
20240215,14:38:20,502.9,50,10500
20240215,14:39:32,496.8,100,10500
20240215,14:40:03,496.85,100,10500
20240215,14:40:20,496.85,100,10500
20240215,14:41:45,497.8,150,10500
20240215,14:42:02,499.55,350,10500
20240215,14:43:56,497.0,100,10050
20240215,14:45:04,496.05,50,10050
20240215,14:45:44,492.9,50,10050
20240215,14:47:35,496.8,100,10100
20240215,14:48:25,498.1,50,10100
20240215,14:49:22,504.6,100,10100
20240215,14:50:00,498.65,50,10100
20240215,14:50:40,495.9,50,10100
20240215,14:52:01,485.0,50,10100
20240215,14:52:11,486.2,50,10100
20240215,14:52:15,478.75,200,10100
20240215,14:52:23,478.6,50,10100
20240215,14:52:35,475.95,100,9850
20240215,14:52:36,475.8,500,9850
20240215,14:52:50,476.45,100,9850
20240215,14:53:06,482.5,50,9850
20240215,14:53:28,483.75,50,9850
20240215,14:53:36,488.4,100,9850
20240215,14:53:41,488.15,50,9850
20240215,14:54:21,489.35,100,9850
20240215,14:54:29,485.6,50,9850
20240215,14:54:40,483.75,50,9850
20240215,14:54:44,481.55,100,9850
20240215,14:55:00,481.55,50,9850
20240215,14:55:01,479.85,50,9850
20240215,14:56:19,479.85,50,10150
20240215,14:56:52,485.0,200,10150
20240215,14:57:17,493.0,100,10150
20240215,14:57:21,492.0,350,10150
20240215,14:58:00,488.1,400,10150
20240215,14:58:12,482.1,100,10150
20240215,14:59:00,491.0,100,10200
20240215,14:59:23,492.55,50,10200
20240215,14:59:38,491.7,50,10200
20240215,15:00:13,492.5,50,10200
20240215,15:00:19,495.8,50,10200
20240215,15:00:42,491.35,50,10200
20240215,15:01:20,501.8,50,10200
20240215,15:01:22,504.55,50,10200
20240215,15:01:23,504.3,500,10200
20240215,15:01:29,501.35,350,10200
20240215,15:02:04,494.4,50,10400
20240215,15:02:14,493.0,50,10400
20240215,15:02:42,491.8,50,10400
20240215,15:02:46,492.8,50,10400
20240215,15:02:51,494.0,500,10400
20240215,15:03:51,507.6,50,10400
20240215,15:04:00,504.8,50,10400
20240215,15:04:31,492.0,50,10200
20240215,15:04:36,493.75,250,10200
20240215,15:04:46,492.7,50,10200
20240215,15:05:15,491.15,50,10200
20240215,15:05:41,491.35,700,10200
20240215,15:05:56,494.45,200,10200
20240215,15:05:59,494.0,50,10200
20240215,15:06:00,494.75,50,10200
20240215,15:06:15,497.7,50,10200
20240215,15:06:18,499.3,200,10200
20240215,15:06:57,498.9,50,10200
20240215,15:07:15,494.8,50,10200
20240215,15:08:24,494.7,50,10900
20240215,15:08:42,493.15,50,10900
20240215,15:09:13,497.0,250,10900
20240215,15:09:17,496.0,50,10900
20240215,15:09:18,496.05,350,10900
20240215,15:09:36,494.95,50,10900
20240215,15:09:45,497.95,50,10900
20240215,15:10:01,494.15,50,10900
20240215,15:10:25,493.3,50,10900
20240215,15:11:26,495.65,250,10950
20240215,15:12:26,497.55,50,10950
20240215,15:14:11,497.55,50,10700
20240215,15:14:40,493.9,150,10700
20240215,15:15:00,493.6,50,10700
20240215,15:15:02,492.65,100,10700
20240215,15:16:00,493.25,50,10700
20240215,15:17:01,487.85,50,10500
20240215,15:17:02,487.0,700,10500
20240215,15:17:19,490.0,700,10500
20240215,15:20:30,489.2,50,9350
20240215,15:20:49,488.5,250,9350
20240215,15:20:50,487.5,50,9350
20240215,15:21:20,488.25,100,9350
20240215,15:21:22,488.0,100,9350
20240215,15:21:23,487.95,300,9350
20240215,15:22:55,488.5,50,9200
20240215,15:23:00,488.45,50,9200
20240215,15:23:16,488.55,50,9200
20240215,15:24:51,488.55,150,9200
20240215,15:25:10,488.55,450,9200
20240215,15:25:11,488.55,100,9200
20240215,15:25:14,488.45,100,9200
20240215,15:26:14,488.7,50,8500
20240215,15:26:21,488.6,50,8500
20240215,15:26:23,488.6,50,8500
20240215,15:26:29,488.5,50,8500
20240215,15:26:32,488.5,50,8500
20240215,15:26:34,488.5,400,8500
20240215,15:27:26,488.5,50,8500
20240215,15:28:00,488.35,50,8500
20240215,15:28:21,487.5,500,8500
20240215,15:28:32,488.3,50,8000
20240215,15:28:45,488.75,150,8000
20240215,15:28:56,488.75,150,8000
20240215,15:29:06,489.15,600,8000
20240215,15:29:09,489.0,50,8000
