date,time,tick_price,volume,open_interest
20231218,09:18:09,562.0,100,100
20231218,10:36:19,557.0,100,100
20231222,12:28:52,634.5,1,100
20231222,12:28:52,634.5,50,100
20231222,12:33:55,611.35,50,150
20231227,09:19:31,473.1,1,100
20231227,09:19:31,473.1,100,100
20231227,09:23:00,473.95,50,100
20231227,09:53:07,473.95,50,200
20231227,11:10:35,437.7,100,250
20231227,12:16:20,419.55,50,300
20231227,12:16:48,417.95,100,300
20231227,12:25:57,417.95,50,450
20231227,12:29:47,457.1,50,400
20231227,12:30:43,457.0,50,400
20231227,12:31:21,469.2,250,400
20231227,12:35:07,454.05,400,700
20231227,12:35:16,449.45,50,700
20231227,12:36:46,452.05,400,1000
20231227,12:39:01,438.1,400,1000
20231227,12:39:49,445.15,100,1800
20231227,12:40:55,443.1,50,1800
20231227,13:04:25,447.35,250,1800
20231227,13:04:29,447.95,150,1800
20231227,13:05:15,448.45,100,1800
20231227,13:07:42,459.9,250,2300
20231227,13:08:39,454.3,50,2300
20231227,13:21:23,447.85,50,2550
20231227,13:29:32,448.6,50,2550
20231227,13:41:40,459.6,600,2550
20231227,13:41:47,459.6,800,2550
20231227,13:44:33,443.65,250,2600
20231227,13:44:34,443.65,800,2600
20231227,13:44:36,443.65,450,2600
20231227,13:44:54,444.5,100,2600
20231227,13:45:16,445.35,550,2750
20231227,13:53:04,437.8,750,3300
20231227,13:53:30,436.05,100,3300
20231227,14:04:55,416.65,150,2650
20231227,14:06:16,422.75,50,2700
20231227,14:06:32,423.85,50,2700
20231227,14:09:33,425.05,50,2800
20231227,14:12:37,424.4,150,2850
20231227,14:12:39,424.5,250,2850
20231227,14:13:14,424.95,100,2850
20231227,14:25:26,424.95,100,2850
20231227,14:26:44,425.55,100,3350
20231227,14:36:30,410.2,150,3350
20231227,14:38:16,404.35,100,3350
20231227,14:38:18,405.15,50,3350
20231227,14:39:41,402.45,150,3500
20231227,14:39:46,401.05,150,3500
20231227,14:40:09,400.55,50,3500
20231227,14:40:22,397.6,300,3500
20231227,14:41:47,400.95,50,3500
20231227,14:41:59,399.5,100,3500
20231227,14:43:58,393.25,100,3500
20231227,14:44:39,390.6,50,3850
20231227,14:44:43,390.6,100,3850
20231227,14:46:33,390.0,50,4000
20231227,15:01:38,370.0,50,4050
20231227,15:02:06,361.4,50,4050
20231227,15:02:43,355.75,250,4050
20231227,15:03:03,349.55,50,4050
20231227,15:03:23,347.95,100,4400
20231227,15:03:29,347.95,300,4400
20231227,15:03:45,349.1,100,4400
20231227,15:04:16,350.0,250,4400
20231227,15:04:30,347.45,250,4400
20231227,15:05:00,347.45,50,4400
20231227,15:05:48,347.8,650,4400
20231227,15:06:43,343.0,500,6000
20231227,15:06:44,341.0,150,6000
20231227,15:06:58,336.5,50,6000
20231227,15:07:18,333.8,300,6000
20231227,15:07:34,333.7,50,6000
20231227,15:08:27,328.1,250,6000
20231227,15:10:00,328.1,50,7100
20231227,15:11:19,336.35,100,7100
20231227,15:11:22,337.4,150,7100
20231227,15:12:42,327.8,100,7300
20231227,15:12:44,325.55,50,7300
20231227,15:12:46,325.55,50,7300
20231227,15:13:07,328.45,100,7300
20231227,15:13:09,328.95,100,7300
20231227,15:13:11,328.6,50,7300
20231227,15:15:04,339.95,100,7300
20231227,15:15:16,339.85,50,7300
20231227,15:15:17,339.1,200,7300
20231227,15:16:17,340.15,50,7700
20231227,15:17:39,342.25,150,7700
20231227,15:17:51,343.5,50,7700
20231227,15:19:24,339.2,50,7900
20231227,15:19:29,338.7,50,7900
20231227,15:19:58,340.75,50,7900
20231227,15:19:59,340.6,50,7900
20231227,15:21:02,342.3,50,7900
20231227,15:21:04,342.5,50,7900
20231227,15:21:17,341.85,50,7900
20231227,15:23:23,348.75,150,7900
20231227,15:23:49,348.15,50,8150
20231227,15:24:19,346.45,100,8150
20231227,15:24:29,345.5,150,8400
20231227,15:24:32,345.4,500,8400
20231227,15:24:51,345.25,50,8400
20231227,15:25:09,346.65,50,8400
20231227,15:25:46,343.7,50,8400
20231227,15:25:49,344.35,50,8400
20231227,15:26:14,343.0,200,8400
20231227,15:27:46,339.9,100,8350
20231227,15:28:54,340.05,200,8350
20231227,15:29:21,340.4,50,8350
20231227,15:29:22,339.85,50,8350
20231227,15:29:27,340.85,100,8350
20231228,09:15:11,324.45,1,8350
20231228,09:15:11,324.45,50,8350
20231228,09:15:16,320.0,50,8350
20231228,09:16:20,313.45,750,8350
20231228,09:17:33,306.4,50,8350
20231228,09:17:47,306.4,150,8450
20231228,09:17:48,309.7,50,8450
20231228,09:17:56,310.2,50,8450
20231228,09:18:01,311.0,50,8450
20231228,09:18:03,310.35,200,8450
20231228,09:18:11,308.85,50,8450
20231228,09:18:15,309.25,50,8450
20231228,09:18:22,309.1,50,8450
20231228,09:18:35,309.8,50,8450
20231228,09:18:43,310.6,50,8450
20231228,09:19:03,309.55,50,8450
20231228,09:19:07,310.0,50,8450
20231228,09:19:14,311.5,50,8450
20231228,09:19:55,310.7,250,8450
20231228,09:20:26,303.1,300,8450
20231228,09:20:34,299.0,100,8450
20231228,09:20:41,298.7,500,8450
20231228,09:20:42,298.6,300,8450
20231228,09:20:44,298.35,50,8450
20231228,09:20:46,297.65,100,8450
20231228,09:20:56,294.9,50,9750
20231228,09:20:57,294.9,50,9750
20231228,09:21:06,296.0,50,9750
20231228,09:21:09,293.1,500,9750
20231228,09:21:19,293.1,400,9750
20231228,09:21:21,294.35,450,9750
20231228,09:21:22,294.6,400,9750
20231228,09:21:24,294.2,400,9750
20231228,09:22:08,294.1,150,9750
20231228,09:22:31,290.95,100,9750
20231228,09:22:47,290.95,100,9750
20231228,09:22:51,293.0,100,9750
20231228,09:22:54,292.6,100,9750
20231228,09:23:06,294.05,250,9750
20231228,09:23:22,295.5,50,9750
20231228,09:23:30,297.5,50,9750
20231228,09:23:34,297.7,100,9750
20231228,09:23:35,293.35,800,9750
20231228,09:23:45,293.35,50,9750
20231228,09:23:48,294.4,50,12900
20231228,09:23:52,293.6,50,12900
20231228,09:24:02,295.25,100,12900
20231228,09:24:20,291.1,250,12900
20231228,09:24:33,290.9,50,12900
20231228,09:24:56,290.9,50,12900
20231228,09:24:58,291.2,150,12900
20231228,09:25:01,292.3,50,12900
20231228,09:25:10,293.1,50,12900
20231228,09:25:11,293.65,50,12900
20231228,09:25:46,294.8,150,12900
20231228,09:26:03,297.0,50,12900
20231228,09:26:05,297.6,50,12900
20231228,09:26:06,296.5,50,12900
20231228,09:26:33,298.8,50,12900
20231228,09:27:20,297.7,50,13100
20231228,09:27:27,297.55,100,13100
20231228,09:27:38,294.4,100,13100
20231228,09:27:40,295.4,100,13100
20231228,09:27:41,294.8,50,13100
20231228,09:27:46,293.7,50,13100
20231228,09:27:49,295.5,50,13100
20231228,09:27:58,295.75,450,13100
20231228,09:28:24,296.1,50,13100
20231228,09:28:27,296.1,50,13100
20231228,09:28:32,296.4,50,13100
20231228,09:29:34,300.5,100,13100
20231228,09:30:17,296.8,50,12550
20231228,09:30:19,296.75,50,12550
20231228,09:31:18,299.0,50,12550
20231228,09:31:46,298.4,50,12550
20231228,09:31:56,299.0,50,12550
20231228,09:32:16,298.7,350,12550
20231228,09:32:30,295.05,50,12550
20231228,09:32:37,296.75,50,12550
20231228,09:33:13,296.1,100,12750
20231228,09:33:33,297.1,100,12750
20231228,09:33:35,297.9,50,12750
20231228,09:34:01,298.3,50,12750
20231228,09:34:08,300.2,50,12750
20231228,09:34:21,304.2,150,12750
20231228,09:34:24,305.35,150,12750
20231228,09:34:26,307.85,350,12750
20231228,09:34:29,308.55,50,12750
20231228,09:34:31,311.1,1850,12750
20231228,09:34:33,311.45,100,12750
20231228,09:34:38,308.8,50,12750
20231228,09:34:53,302.8,150,12750
20231228,09:35:08,299.55,50,12750
20231228,09:35:13,302.7,100,12750
20231228,09:36:05,308.1,150,12750
20231228,09:36:20,307.55,50,12100
20231228,09:37:38,307.25,150,12100
20231228,09:38:03,307.65,50,12100
20231228,09:38:48,305.7,50,12100
20231228,09:39:06,306.15,250,11850
20231228,09:39:16,304.0,100,11850
20231228,09:39:21,303.0,50,11850
20231228,09:39:26,302.05,50,11850
20231228,09:39:31,301.25,500,11850
20231228,09:41:36,308.05,50,11850
20231228,09:42:44,304.85,50,12150
20231228,09:42:49,298.8,50,12150
20231228,09:42:53,295.0,150,12150
20231228,09:42:54,294.15,100,12150
20231228,09:43:26,299.8,50,12150
20231228,09:43:48,297.35,250,12150
20231228,09:44:00,299.0,50,12150
20231228,09:44:28,299.0,100,12150
20231228,09:47:12,304.0,50,12000
20231228,09:47:42,293.3,150,12000
20231228,09:47:47,292.45,200,12000
20231228,09:47:51,289.25,100,12000
20231228,09:47:52,290.4,50,12150
20231228,09:47:56,292.45,50,12150
20231228,09:47:57,292.7,300,12150
20231228,09:48:14,291.0,50,12150
20231228,09:49:49,291.0,50,12150
20231228,09:50:26,291.2,50,12150
20231228,09:50:29,291.1,50,12150
20231228,09:50:37,290.1,50,12150
20231228,09:50:41,289.0,550,12150
20231228,09:50:57,291.6,50,12900
20231228,09:50:59,291.7,50,12900
20231228,09:51:00,291.6,50,12900
20231228,09:51:04,289.5,50,12900
20231228,09:51:06,288.8,50,12900
20231228,09:51:07,288.4,50,12900
20231228,09:51:15,288.4,150,12900
20231228,09:51:42,289.7,100,12900
20231228,09:52:04,294.45,50,12900
20231228,09:52:14,294.45,50,12900
20231228,09:52:16,293.8,50,12900
20231228,09:52:29,295.5,50,12900
20231228,09:53:49,290.8,50,12900
20231228,09:54:03,292.6,150,13300
20231228,09:54:04,295.5,200,13300
20231228,09:54:19,293.55,200,13300
20231228,09:54:21,294.9,250,13300
20231228,09:55:41,297.7,50,13300
20231228,09:55:43,300.0,50,13300
20231228,09:55:50,307.9,250,13300
20231228,09:55:53,309.8,550,13300
20231228,09:55:58,307.55,100,13300
20231228,09:56:00,307.35,100,13300
20231228,09:56:03,305.75,100,13300
20231228,09:56:05,303.75,50,13300
20231228,09:56:30,301.5,100,13300
20231228,09:57:36,305.5,50,13300
20231228,09:57:38,305.5,200,12700
20231228,09:57:52,307.0,50,12700
20231228,09:59:20,304.5,100,12700
20231228,09:59:55,301.9,5400,12700
20231228,09:59:56,302.8,150,12700
20231228,09:59:58,303.4,250,12700
20231228,10:00:01,303.15,200,12700
20231228,10:00:05,302.4,50,12700
20231228,10:00:12,299.7,100,12700
20231228,10:00:13,301.2,200,12700
20231228,10:00:20,303.7,100,12700
20231228,10:00:45,304.0,50,12700
20231228,10:01:00,304.6,2950,12700
20231228,10:01:06,304.6,1100,12700
20231228,10:01:08,304.6,1000,12700
20231228,10:01:13,304.6,150,12700
20231228,10:01:15,304.6,250,12700
20231228,10:01:19,306.9,550,12700
20231228,10:01:28,308.7,50,12700
20231228,10:01:33,306.9,50,12700
20231228,10:02:00,309.25,3100,12700
20231228,10:02:02,309.25,1900,12700
20231228,10:02:17,308.45,50,12700
20231228,10:03:00,312.7,50,24050
20231228,10:03:02,313.15,50,24050
20231228,10:03:10,312.7,200,24050
20231228,10:03:19,320.55,1150,24050
20231228,10:03:20,321.05,200,24050
20231228,10:03:22,323.55,250,24050
20231228,10:03:23,323.7,50,24050
20231228,10:03:25,328.55,1550,24050
20231228,10:03:27,325.05,300,24050
20231228,10:03:28,325.1,50,24050
20231228,10:03:32,325.15,500,24050
20231228,10:03:33,322.25,100,24050
20231228,10:03:35,321.95,100,24050
20231228,10:03:37,323.4,1050,24050
20231228,10:03:41,323.65,50,24050
20231228,10:03:53,320.75,100,24050
20231228,10:04:01,320.45,100,24050
20231228,10:04:09,321.4,200,24050
20231228,10:04:16,319.9,50,24050
20231228,10:04:41,325.0,500,24050
20231228,10:04:42,328.0,50,24050
20231228,10:04:44,329.1,400,24050
20231228,10:04:49,327.6,200,24050
20231228,10:05:03,333.95,500,24050
20231228,10:05:05,333.95,50,24050
20231228,10:05:13,327.45,100,24050
20231228,10:05:15,328.15,50,24050
20231228,10:05:35,330.0,1800,24050
20231228,10:05:36,331.1,100,24050
20231228,10:05:38,331.9,100,24050
20231228,10:05:46,330.45,1800,24050
20231228,10:05:50,325.05,150,24050
20231228,10:05:56,328.8,150,26800
20231228,10:05:58,329.85,1400,26800
20231228,10:06:01,329.5,50,26800
20231228,10:06:11,331.35,100,26800
20231228,10:06:13,332.0,100,26800
20231228,10:06:15,331.75,200,26800
20231228,10:06:26,332.55,5400,26800
20231228,10:06:28,332.5,5650,26800
20231228,10:06:31,333.05,50,26800
20231228,10:06:49,336.25,150,26800
20231228,10:06:56,341.5,500,26800
20231228,10:06:58,341.1,300,26800
20231228,10:07:04,342.2,50,26800
20231228,10:07:14,343.55,50,26800
20231228,10:07:24,344.6,50,26800
20231228,10:07:32,346.9,100,26800
20231228,10:07:49,346.9,50,26800
20231228,10:08:00,337.3,50,26800
20231228,10:08:02,333.05,50,26800
20231228,10:08:04,333.05,5850,26800
20231228,10:08:05,333.05,4100,26800
20231228,10:08:10,330.7,100,26800
20231228,10:08:12,331.7,400,26800
20231228,10:08:14,331.25,150,26800
20231228,10:08:21,329.45,100,26800
20231228,10:08:37,333.8,100,26800
20231228,10:09:23,332.95,100,45700
20231228,10:09:30,333.2,100,45700
20231228,10:10:00,322.8,50,45700
20231228,10:10:21,316.1,100,45700
20231228,10:10:26,313.5,50,45700
20231228,10:10:28,311.9,50,45700
20231228,10:10:53,317.6,450,45700
20231228,10:10:58,321.25,50,45700
20231228,10:11:07,329.2,50,45700
20231228,10:11:13,332.4,100,45700
20231228,10:11:19,331.65,100,45700
20231228,10:11:31,337.0,50,45700
20231228,10:11:34,340.8,50,45700
20231228,10:11:41,338.2,50,45700
20231228,10:11:54,343.2,50,45700
20231228,10:11:59,344.15,50,45700
20231228,10:12:24,339.15,350,45900
20231228,10:12:51,339.15,50,45900
20231228,10:12:52,342.0,50,45900
20231228,10:13:31,340.7,50,45900
20231228,10:13:57,345.2,50,45900
20231228,10:13:59,344.8,100,45900
20231228,10:14:04,343.75,100,45900
20231228,10:14:07,339.8,50,45900
20231228,10:14:35,337.45,100,45900
20231228,10:14:59,331.5,100,45900
20231228,10:15:00,331.75,100,45600
20231228,10:15:07,337.15,100,45600
20231228,10:15:32,337.9,50,45600
20231228,10:16:12,327.3,50,45600
20231228,10:16:27,330.4,50,45600
20231228,10:16:29,330.0,50,45600
20231228,10:17:10,330.5,50,45600
20231228,10:17:24,330.05,50,45600
20231228,10:18:04,328.2,100,45500
20231228,10:18:09,324.7,100,45500
20231228,10:18:22,326.55,100,45500
20231228,10:18:55,326.1,100,45500
20231228,10:21:50,338.9,50,45350
20231228,10:21:53,339.15,300,45350
20231228,10:22:03,341.85,350,45350
20231228,10:22:05,341.15,100,45350
20231228,10:22:15,338.0,50,45350
20231228,10:22:34,340.9,50,45350
20231228,10:22:40,340.75,300,45350
20231228,10:22:44,339.6,350,45350
20231228,10:22:45,338.85,400,45350
20231228,10:22:49,340.45,50,45350
20231228,10:23:20,333.35,100,45350
20231228,10:24:24,329.55,50,44900
20231228,10:24:25,329.6,50,44900
20231228,10:25:05,326.75,50,44900
20231228,10:25:25,318.8,50,44900
20231228,10:25:27,321.6,200,44900
20231228,10:25:28,321.65,100,44900
20231228,10:25:47,329.45,300,44900
20231228,10:25:50,331.8,50,44900
20231228,10:26:52,331.95,250,44900
20231228,10:27:20,331.5,250,44950
20231228,10:27:38,327.65,100,44950
20231228,10:27:56,329.1,150,44950
20231228,10:28:11,326.65,150,44950
20231228,10:28:25,327.05,100,44950
20231228,10:28:41,326.4,5000,44950
20231228,10:28:43,324.8,100,44950
20231228,10:28:48,324.0,100,44950
20231228,10:28:58,325.0,50,44950
20231228,10:29:10,325.1,50,44950
20231228,10:29:16,326.55,100,44950
20231228,10:29:26,327.5,50,44950
20231228,10:29:28,326.15,250,44950
20231228,10:29:53,323.4,3600,44950
20231228,10:30:06,319.9,100,53050
20231228,10:30:08,320.5,100,53050
20231228,10:30:20,317.05,50,53050
20231228,10:30:21,314.2,50,53050
20231228,10:30:23,313.9,100,53050
20231228,10:30:25,314.65,50,53050
20231228,10:30:26,312.5,150,53050
20231228,10:30:28,313.95,100,53050
20231228,10:30:31,316.9,50,53050
20231228,10:31:32,321.75,100,53050
20231228,10:32:12,324.6,50,53050
20231228,10:32:47,327.6,50,53050
20231228,10:33:07,324.2,50,53050
20231228,10:33:10,323.2,50,52950
20231228,10:33:15,322.85,250,52950
20231228,10:33:17,323.5,50,52950
20231228,10:33:27,321.15,100,52950
20231228,10:33:30,319.75,100,52950
20231228,10:33:37,321.25,250,52950
20231228,10:34:07,322.15,50,52950
20231228,10:34:14,322.25,50,52950
20231228,10:34:19,324.5,150,52950
20231228,10:34:32,323.0,300,52950
20231228,10:35:39,326.65,100,52950
20231228,10:35:46,323.75,100,52950
20231228,10:35:49,323.85,50,52950
20231228,10:35:52,324.55,50,52950
20231228,10:35:54,323.7,100,52950
20231228,10:36:30,331.35,100,52950
20231228,10:36:32,332.0,100,53000
20231228,10:36:35,334.5,900,53000
20231228,10:36:42,332.4,50,53000
20231228,10:36:44,330.95,200,53000
20231228,10:36:55,329.75,50,53000
20231228,10:37:42,328.1,50,53000
20231228,10:37:49,325.65,150,53000
20231228,10:37:57,325.8,50,53000
20231228,10:38:52,328.9,250,53000
20231228,10:38:59,330.0,250,52900
20231228,10:39:12,330.0,50,52900
20231228,10:40:13,332.8,50,52900
20231228,10:40:32,336.65,650,52900
20231228,10:40:50,338.3,50,52900
20231228,10:40:53,339.65,100,52900
20231228,10:41:02,337.0,50,52900
20231228,10:41:41,332.4,100,52900
20231228,10:43:16,327.85,50,53050
20231228,10:45:50,327.95,100,53050
20231228,10:46:26,327.5,150,53050
20231228,10:46:31,325.35,50,53050
20231228,10:46:33,325.8,50,53050
20231228,10:47:01,321.95,400,53050
20231228,10:47:03,323.35,250,53050
20231228,10:47:04,321.3,250,53050
20231228,10:48:02,320.8,50,52950
20231228,10:49:03,323.1,50,52950
20231228,10:50:17,318.75,100,52950
20231228,10:50:19,319.2,100,52950
20231228,10:51:02,320.2,50,53000
20231228,10:51:10,320.45,250,53000
20231228,10:51:14,321.25,50,53000
20231228,10:52:04,322.2,50,53000
20231228,10:52:08,321.5,50,53000
20231228,10:54:25,331.5,250,53000
20231228,10:55:07,333.75,100,53000
20231228,10:55:35,336.1,50,53000
20231228,10:58:25,342.0,450,52800
20231228,10:58:53,335.25,100,52800
20231228,10:59:41,333.75,100,52800
20231228,11:00:11,333.25,50,52700
20231228,11:00:19,336.65,100,52700
20231228,11:00:24,335.95,50,52700
20231228,11:00:42,338.05,100,52700
20231228,11:00:51,335.75,100,52700
20231228,11:01:00,334.45,100,52700
20231228,11:01:43,331.25,100,52700
20231228,11:02:08,330.3,500,52700
20231228,11:05:22,330.55,150,52800
20231228,11:05:46,329.0,100,52800
20231228,11:06:01,330.0,50,52800
20231228,11:06:03,329.95,250,52850
20231228,11:06:04,329.4,50,52850
20231228,11:06:19,328.0,250,52850
20231228,11:06:21,327.0,400,52850
20231228,11:06:54,326.55,250,52850
20231228,11:07:16,326.9,50,52850
20231228,11:07:33,323.0,150,52850
20231228,11:07:49,321.7,100,52850
20231228,11:07:54,319.2,300,52850
20231228,11:07:58,317.95,150,52850
20231228,11:08:02,315.15,50,52850
20231228,11:08:07,313.7,50,52850
20231228,11:08:11,313.05,50,52850
20231228,11:08:14,314.55,50,52850
20231228,11:08:35,311.55,100,52850
20231228,11:08:43,306.6,50,52850
20231228,11:08:45,305.5,150,52850
20231228,11:08:47,306.75,50,52850
20231228,11:08:51,303.1,50,52850
20231228,11:08:55,301.95,100,52850
20231228,11:08:56,303.55,500,52850
20231228,11:09:01,298.7,50,52850
20231228,11:09:03,297.05,200,52750
20231228,11:09:06,293.5,1850,52750
20231228,11:09:09,294.15,50,52750
20231228,11:09:11,293.25,50,52750
20231228,11:09:13,295.0,50,52750
20231228,11:09:16,295.95,100,52750
20231228,11:09:18,295.95,50,52750
20231228,11:09:26,297.4,500,52750
20231228,11:09:28,297.25,100,52750
20231228,11:10:10,297.25,50,52750
20231228,11:10:19,297.75,50,52750
20231228,11:10:23,298.25,100,52750
20231228,11:12:32,295.6,50,53350
20231228,11:12:47,297.45,100,53350
20231228,11:13:30,297.85,50,53350
20231228,11:13:33,296.45,100,53350
20231228,11:13:35,296.65,100,53350
20231228,11:14:03,293.05,150,53350
20231228,11:14:05,294.25,100,53350
20231228,11:14:08,293.95,1050,53350
20231228,11:14:10,294.15,100,53350
20231228,11:14:14,295.1,100,53350
20231228,11:14:28,296.3,200,53350
20231228,11:14:29,296.5,300,53350
20231228,11:14:31,295.85,100,53350
20231228,11:15:51,306.55,400,54100
20231228,11:15:54,303.9,50,54100
20231228,11:15:59,300.85,250,54100
20231228,11:16:01,299.7,750,54100
20231228,11:16:03,299.95,100,54100
20231228,11:16:13,302.3,150,54100
20231228,11:16:23,302.45,100,54100
20231228,11:17:59,308.65,50,54100
20231228,11:18:36,301.75,100,54600
20231228,11:18:41,301.65,50,54600
20231228,11:20:20,302.55,350,54600
20231228,11:20:23,302.65,100,54600
20231228,11:21:03,302.65,500,54600
20231228,11:21:06,301.15,100,54600
20231228,11:21:08,300.55,50,55300
20231228,11:21:13,299.95,50,55300
20231228,11:21:45,302.65,250,55300
20231228,11:21:46,301.5,250,55300
20231228,11:21:56,301.6,250,55300
20231228,11:22:11,302.1,50,55300
20231228,11:24:03,305.05,300,55300
20231228,11:24:10,305.0,250,55650
20231228,11:24:27,302.85,100,55650
20231228,11:25:13,300.65,50,55650
20231228,11:25:16,301.05,100,55650
20231228,11:25:21,299.05,500,55650
20231228,11:25:47,298.4,200,55650
20231228,11:26:06,294.9,600,55650
20231228,11:26:08,295.5,250,55650
20231228,11:26:14,296.35,400,55650
20231228,11:26:18,295.6,50,55650
20231228,11:26:19,296.1,300,55650
20231228,11:26:36,294.0,250,55650
20231228,11:26:46,294.35,50,55650
20231228,11:27:16,295.55,100,57300
20231228,11:27:18,294.45,400,57300
20231228,11:28:05,296.85,50,57300
20231228,11:28:18,295.05,100,57300
20231228,11:30:01,295.05,50,57300
20231228,11:30:11,296.15,100,57700
20231228,11:30:28,297.5,50,57700
20231228,11:30:31,300.0,50,57700
20231228,11:30:38,299.25,50,57700
20231228,11:31:08,290.8,50,57700
20231228,11:31:10,291.85,100,57700
20231228,11:31:11,291.75,100,57700
20231228,11:31:20,293.75,350,57700
20231228,11:31:21,292.7,50,57700
20231228,11:33:24,290.55,50,57350
20231228,11:33:36,292.2,300,57350
20231228,11:33:41,292.2,200,57350
20231228,11:33:48,292.35,250,57350
20231228,11:33:59,293.25,250,57350
20231228,11:34:03,293.1,50,57350
20231228,11:34:18,293.5,250,57350
20231228,11:34:28,294.85,300,57350
20231228,11:34:33,291.65,200,57350
20231228,11:34:44,293.0,50,57350
20231228,11:34:54,292.8,150,57350
20231228,11:34:56,293.15,150,57350
20231228,11:35:04,293.2,750,57350
20231228,11:35:08,292.5,500,57350
20231228,11:35:21,291.4,250,57350
20231228,11:35:26,290.75,250,57350
20231228,11:35:32,290.15,50,57350
20231228,11:35:48,290.85,100,57350
20231228,11:36:05,287.3,100,57350
20231228,11:36:23,285.15,200,57600
20231228,11:36:31,285.15,100,57600
20231228,11:36:45,288.4,300,57600
20231228,11:36:46,287.8,300,57600
20231228,11:36:48,289.0,250,57600
20231228,11:36:51,291.45,500,57600
20231228,11:36:53,292.7,50,57600
20231228,11:37:20,288.55,300,57600
20231228,11:37:33,290.0,250,57600
20231228,11:37:38,290.35,500,57600
20231228,11:37:58,291.9,150,57600
20231228,11:38:11,290.5,50,57600
20231228,11:39:36,290.2,50,58450
20231228,11:39:55,290.6,700,58450
20231228,11:40:03,289.8,50,58450
20231228,11:40:16,290.8,50,58450
20231228,11:40:30,290.8,150,58450
20231228,11:40:35,291.55,50,58450
20231228,11:40:53,289.4,50,58450
20231228,11:41:27,287.8,200,58450
20231228,11:41:50,287.85,100,58450
20231228,11:42:05,288.4,50,58450
20231228,11:42:08,289.35,100,58450
20231228,11:42:28,289.6,100,58450
20231228,11:42:30,289.35,50,58450
20231228,11:42:47,289.7,50,58450
20231228,11:42:55,290.15,100,58450
20231228,11:42:57,290.05,50,58450
20231228,11:43:02,292.5,50,58450
20231228,11:43:13,293.15,500,58450
20231228,11:43:16,292.2,250,58450
20231228,11:43:32,293.15,500,58450
20231228,11:43:37,294.4,100,58450
20231228,11:43:43,294.75,50,58450
20231228,11:43:58,294.6,50,58450
20231228,11:45:20,290.25,100,58550
20231228,11:45:28,288.25,100,58550
20231228,11:45:31,289.4,300,58550
20231228,11:45:37,289.55,50,58550
20231228,11:45:40,290.4,300,58550
20231228,11:45:42,289.95,50,58550
20231228,11:45:45,291.5,550,58550
20231228,11:45:47,290.65,250,58550
20231228,11:45:57,291.05,300,58550
20231228,11:46:03,291.15,50,58550
20231228,11:46:05,290.65,100,58550
20231228,11:46:43,290.8,200,58550
20231228,11:46:53,290.1,50,58550
20231228,11:46:55,290.6,150,58550
20231228,11:46:57,290.65,300,58550
20231228,11:46:58,289.3,150,58550
20231228,11:47:03,289.85,50,58550
20231228,11:47:07,289.85,50,58550
20231228,11:47:18,289.8,50,58550
20231228,11:47:30,290.85,50,58550
20231228,11:50:02,289.15,200,59250
20231228,11:50:07,288.7,500,59250
20231228,11:50:10,288.5,250,59250
20231228,11:50:57,285.3,400,59250
20231228,11:50:59,285.6,400,59250
20231228,11:51:10,289.2,100,59250
20231228,11:51:35,287.8,50,59450
20231228,11:51:57,287.8,50,59450
20231228,11:52:47,290.1,100,59450
20231228,11:54:02,289.8,50,59450
20231228,11:54:20,289.95,150,59550
20231228,11:55:22,287.05,250,59550
20231228,11:55:40,290.1,50,59550
20231228,11:55:52,294.0,50,59550
20231228,11:55:54,293.75,50,59550
20231228,11:56:22,288.45,50,59550
20231228,11:56:28,289.5,50,59550
20231228,11:56:37,288.3,250,59550
20231228,11:57:00,290.1,600,59550
20231228,11:57:29,288.6,50,59600
20231228,11:57:30,288.15,50,59600
20231228,11:57:34,288.35,800,59600
20231228,11:57:52,287.25,300,59600
20231228,11:57:54,286.95,50,59600
20231228,11:58:05,288.4,100,59600
20231228,11:58:19,288.6,50,59600
20231228,11:58:25,286.85,300,59600
20231228,11:58:29,286.55,250,59600
20231228,11:58:39,286.35,50,59600
20231228,11:58:59,287.05,250,59600
20231228,11:59:04,287.1,250,59600
20231228,11:59:09,288.9,50,59600
20231228,11:59:10,288.65,250,59600
20231228,11:59:14,287.6,50,59600
20231228,11:59:37,286.7,300,59600
20231228,11:59:42,286.9,250,59600
20231228,11:59:44,286.9,50,59600
20231228,12:00:04,286.7,50,59600
20231228,12:00:19,284.65,550,59950
20231228,12:00:27,284.0,50,59950
20231228,12:00:54,284.0,250,59950
20231228,12:00:59,288.0,300,59950
20231228,12:01:09,287.25,200,59950
20231228,12:01:24,286.8,450,59950
20231228,12:01:27,286.85,50,59950
20231228,12:01:29,286.65,250,59950
20231228,12:01:31,286.05,500,59950
20231228,12:01:37,286.25,250,59950
20231228,12:01:44,285.6,100,59950
20231228,12:01:46,286.1,150,59950
20231228,12:01:49,286.5,50,59950
20231228,12:01:51,286.4,50,59950
20231228,12:01:54,286.1,50,59950
20231228,12:02:01,286.35,250,59950
20231228,12:02:11,286.75,50,59950
20231228,12:02:12,286.1,100,59950
20231228,12:02:17,285.65,50,59950
20231228,12:02:25,284.65,100,59950
20231228,12:02:27,283.3,200,59950
20231228,12:02:28,283.05,300,59950
20231228,12:02:37,283.05,650,59950
20231228,12:02:38,283.0,250,59950
20231228,12:02:40,281.35,550,59950
20231228,12:02:43,281.35,100,59950
20231228,12:02:48,282.6,50,59950
20231228,12:02:52,282.6,400,59950
20231228,12:03:07,283.2,150,59950
20231228,12:03:08,283.55,250,59950
20231228,12:03:10,283.7,50,60700
20231228,12:03:13,284.9,50,60700
20231228,12:03:15,283.5,150,60700
20231228,12:03:27,284.05,750,60700
20231228,12:03:30,284.35,250,60700
20231228,12:03:42,283.4,250,60700
20231228,12:03:48,283.8,50,60700
20231228,12:03:50,283.8,50,60700
20231228,12:03:58,282.75,250,60700
20231228,12:04:00,282.45,500,60700
20231228,12:04:02,282.55,100,60700
20231228,12:04:08,282.25,100,60700
20231228,12:04:25,281.7,500,60700
20231228,12:04:34,281.45,250,60700
20231228,12:04:37,281.35,250,60700
20231228,12:04:44,282.15,150,60700
20231228,12:04:55,282.4,50,60700
20231228,12:04:57,282.75,50,60700
20231228,12:05:03,280.8,50,60700
20231228,12:05:08,278.7,50,60700
20231228,12:05:16,278.7,350,60700
20231228,12:05:18,279.75,100,60700
20231228,12:05:28,280.45,50,60700
20231228,12:05:29,280.1,50,60700
20231228,12:05:33,280.95,100,60700
20231228,12:05:54,280.0,50,60700
20231228,12:06:01,282.8,700,60700
20231228,12:06:03,281.5,250,60700
20231228,12:06:08,282.25,250,60700
20231228,12:06:11,280.85,700,61500
20231228,12:06:26,280.0,350,61500
20231228,12:06:33,281.35,50,61500
20231228,12:06:39,280.9,250,61500
20231228,12:06:43,279.35,100,61500
20231228,12:06:46,280.4,100,61500
20231228,12:06:54,279.6,250,61500
20231228,12:07:04,279.25,50,61500
20231228,12:07:06,279.25,100,61500
20231228,12:07:17,278.5,250,61500
20231228,12:07:19,278.4,200,61500
20231228,12:07:24,278.05,100,61500
20231228,12:07:26,277.9,250,61500
20231228,12:07:27,277.6,200,61500
20231228,12:07:39,277.5,200,61500
20231228,12:07:48,277.3,300,61500
20231228,12:07:53,278.45,400,61500
20231228,12:07:56,278.5,250,61500
20231228,12:07:58,278.05,350,61500
20231228,12:08:01,277.85,250,61500
20231228,12:08:09,278.4,700,61500
20231228,12:08:16,278.35,50,61500
20231228,12:08:18,278.5,50,61500
20231228,12:08:48,279.05,350,61500
20231228,12:08:49,278.5,250,61500
20231228,12:08:51,278.25,50,61500
20231228,12:08:54,278.9,100,61500
20231228,12:09:01,278.7,50,61500
20231228,12:09:09,281.05,50,61500
20231228,12:09:11,280.65,50,63500
20231228,12:09:24,278.75,1200,63500
20231228,12:09:36,278.85,750,63500
20231228,12:09:39,278.9,250,63500
20231228,12:09:58,278.25,250,63500
20231228,12:10:14,278.2,50,63500
20231228,12:10:31,279.25,100,63500
20231228,12:10:39,278.45,250,63500
20231228,12:10:49,278.4,250,63500
20231228,12:11:01,279.1,400,63500
20231228,12:11:09,279.3,500,63500
20231228,12:11:13,280.9,100,63500
20231228,12:11:14,280.15,550,63500
20231228,12:11:26,279.95,250,63500
20231228,12:11:34,280.55,300,63500
20231228,12:11:44,281.6,100,63500
20231228,12:12:01,284.15,50,63500
20231228,12:12:06,281.5,250,63500
20231228,12:12:08,281.1,250,63500
20231228,12:12:21,281.45,750,65450
20231228,12:12:39,283.0,250,65450
20231228,12:12:42,282.5,100,65450
20231228,12:12:54,282.4,650,65450
20231228,12:13:04,281.6,250,65450
20231228,12:13:09,282.4,50,65450
20231228,12:13:14,282.6,50,65450
20231228,12:13:16,282.6,50,65450
20231228,12:13:17,282.6,100,65450
20231228,12:13:19,282.1,300,65450
20231228,12:13:26,282.95,100,65450
20231228,12:13:31,282.9,50,65450
20231228,12:13:36,281.9,650,65450
20231228,12:13:39,282.4,100,65450
20231228,12:13:41,282.6,150,65450
20231228,12:13:47,284.4,50,65450
20231228,12:13:49,284.1,100,65450
20231228,12:13:54,286.95,300,65450
20231228,12:13:59,286.9,50,65450
20231228,12:14:01,289.6,150,65450
20231228,12:14:02,288.5,50,65450
20231228,12:14:09,288.4,200,65450
20231228,12:14:11,288.75,100,65450
20231228,12:14:14,288.05,500,65450
20231228,12:14:16,286.8,100,65450
20231228,12:14:23,286.95,50,65450
20231228,12:14:24,286.9,50,65450
20231228,12:14:29,287.5,50,65450
20231228,12:14:36,288.45,100,65450
20231228,12:14:48,287.45,300,65450
20231228,12:14:53,286.9,300,65450
20231228,12:14:58,285.5,100,65450
20231228,12:15:01,284.85,450,65450
20231228,12:15:08,283.8,150,65450
20231228,12:15:16,285.65,100,67300
20231228,12:15:19,284.3,250,67300
20231228,12:15:24,284.85,100,67300
20231228,12:15:28,284.95,100,67300
20231228,12:15:33,284.4,500,67300
20231228,12:15:38,284.35,250,67300
20231228,12:15:41,284.0,250,67300
20231228,12:15:49,282.9,150,67300
20231228,12:15:54,281.3,300,67300
20231228,12:16:08,281.85,100,67300
20231228,12:16:16,280.95,200,67300
20231228,12:16:26,282.5,100,67300
20231228,12:16:29,281.9,100,67300
20231228,12:16:31,281.6,250,67300
20231228,12:16:34,282.3,100,67300
20231228,12:16:44,282.6,100,67300
20231228,12:18:56,281.9,50,68000
20231228,12:19:15,282.65,50,68000
20231228,12:19:20,281.75,50,68000
20231228,12:19:21,281.75,50,68000
20231228,12:19:46,281.75,50,68000
20231228,12:19:56,281.7,750,68000
20231228,12:20:16,281.15,400,68000
20231228,12:21:29,279.95,100,68300
20231228,12:21:34,280.05,50,68300
20231228,12:22:06,279.2,50,68300
20231228,12:22:31,279.0,100,68300
20231228,12:23:41,276.75,50,68300
20231228,12:24:01,273.3,200,68300
20231228,12:24:08,272.85,50,68300
20231228,12:24:10,272.85,50,68300
20231228,12:24:23,272.05,550,68300
20231228,12:25:14,273.15,50,68250
20231228,12:25:23,274.2,50,68250
20231228,12:25:36,273.55,50,68250
20231228,12:25:53,273.85,50,68250
20231228,12:26:14,273.3,50,68250
20231228,12:27:04,273.3,50,68250
20231228,12:27:06,273.6,50,68250
20231228,12:27:31,273.95,100,67850
20231228,12:27:46,272.55,100,67850
20231228,12:27:48,272.25,150,67850
20231228,12:27:49,271.95,50,67850
20231228,12:27:51,270.25,1900,67850
20231228,12:27:56,270.05,50,67850
20231228,12:27:59,267.25,350,67850
20231228,12:28:01,265.0,500,67850
20231228,12:28:03,265.7,850,67850
20231228,12:28:11,267.1,50,67850
20231228,12:28:18,269.45,50,67850
20231228,12:28:40,265.3,100,67850
20231228,12:28:41,264.8,50,67850
20231228,12:29:14,264.8,200,67850
20231228,12:29:23,265.95,250,67850
20231228,12:29:28,264.95,50,67850
20231228,12:29:31,266.1,100,67850
20231228,12:29:33,264.6,50,67850
20231228,12:29:36,264.6,500,67850
20231228,12:29:41,265.25,800,67850
20231228,12:29:56,265.8,100,67850
20231228,12:30:01,264.45,50,67850
20231228,12:30:03,264.45,50,67850
20231228,12:31:00,267.2,10000,68150
20231228,12:31:14,267.35,10000,68150
20231228,12:31:19,267.5,100,68150
20231228,12:31:21,267.1,400,68150
20231228,12:31:24,266.6,200,68150
20231228,12:31:43,266.4,550,68150
20231228,12:31:46,266.4,1100,68150
20231228,12:31:48,266.7,300,68150
20231228,12:31:51,266.8,100,68150
20231228,12:31:58,267.0,5400,68150
20231228,12:31:59,267.4,4600,68150
20231228,12:32:01,268.2,400,68150
20231228,12:32:15,268.95,5400,68150
20231228,12:32:16,267.9,250,68150
20231228,12:32:18,267.7,50,68150
20231228,12:32:20,267.7,150,68150
20231228,12:32:26,267.0,200,68150
20231228,12:32:38,265.8,50,68150
20231228,12:32:48,267.85,5600,68150
20231228,12:32:50,267.95,5700,68150
20231228,12:32:51,267.85,150,68150
20231228,12:33:16,267.8,8750,110000
20231228,12:33:18,267.8,1450,110000
20231228,12:33:33,267.5,1800,110000
20231228,12:33:35,267.5,1800,110000
20231228,12:33:46,267.3,50,110000
20231228,12:33:56,267.15,50,110000
20231228,12:34:40,268.0,50,110000
20231228,12:34:43,267.45,500,110000
20231228,12:35:20,270.1,350,110000
20231228,12:35:21,270.8,50,110000
20231228,12:35:56,271.4,50,110000
20231228,12:36:18,270.9,100,122300
20231228,12:36:46,270.4,100,122300
20231228,12:36:56,269.5,100,122300
20231228,12:36:58,269.35,50,122300
20231228,12:37:05,269.35,1300,122300
20231228,12:37:06,270.1,450,122300
20231228,12:37:08,269.9,50,122300
20231228,12:37:11,269.3,50,122300
20231228,12:37:45,268.2,50,122300
20231228,12:38:14,268.85,50,122300
20231228,12:39:33,268.5,600,121500
20231228,12:39:36,269.45,250,121500
20231228,12:40:30,268.3,50,121500
20231228,12:40:33,268.1,100,121500
20231228,12:41:12,269.25,250,121500
20231228,12:42:00,269.85,50,121500
20231228,12:42:35,269.05,150,121800
20231228,12:44:55,268.55,100,121800
20231228,12:45:10,267.7,150,121800
20231228,12:45:11,267.5,100,121800
20231228,12:45:20,267.2,250,121950
20231228,12:45:21,266.55,450,121950
20231228,12:45:53,265.9,100,121950
20231228,12:46:15,266.85,50,121950
20231228,12:46:45,263.05,50,121950
20231228,12:46:51,262.25,50,121950
20231228,12:46:58,262.25,50,121950
20231228,12:47:08,264.45,50,121950
20231228,12:47:23,264.9,50,121950
20231228,12:48:01,264.7,300,121950
20231228,12:48:08,265.05,50,121950
20231228,12:48:58,265.05,100,122500
20231228,12:49:21,266.0,50,122500
20231228,12:49:54,267.6,100,122500
20231228,12:50:16,268.0,50,122500
20231228,12:50:28,273.75,650,122500
20231228,12:50:31,275.45,2250,122500
20231228,12:50:36,274.0,200,122500
20231228,12:50:38,273.6,50,122500
20231228,12:50:40,274.35,100,122500
20231228,12:50:43,274.35,350,122500
20231228,12:50:45,273.45,150,122500
20231228,12:50:55,279.6,200,122500
20231228,12:50:58,281.0,150,122500
20231228,12:51:00,282.15,100,122500
20231228,12:51:01,282.4,200,122500
20231228,12:51:03,283.55,100,122500
20231228,12:51:05,283.25,100,122500
20231228,12:51:06,281.2,550,122500
20231228,12:51:08,281.2,50,122500
20231228,12:51:11,280.2,100,122500
20231228,12:51:50,277.45,150,122500
20231228,12:51:51,277.4,100,121250
20231228,12:51:53,276.0,300,121250
20231228,12:51:55,277.95,500,121250
20231228,12:51:56,277.4,100,121250
20231228,12:51:58,278.05,100,121250
20231228,12:52:19,277.35,250,121250
20231228,12:52:31,279.9,150,121250
20231228,12:52:33,279.8,400,121250
20231228,12:52:35,278.6,300,121250
20231228,12:52:36,278.7,50,121250
20231228,12:52:40,279.0,300,121250
20231228,12:52:41,278.1,200,121250
20231228,12:52:55,278.6,50,121250
20231228,12:53:00,278.6,250,121250
20231228,12:53:31,280.8,100,121250
20231228,12:53:53,278.7,50,121250
20231228,12:54:01,278.2,50,121250
20231228,12:55:11,278.0,50,121100
20231228,12:55:54,276.0,50,121100
20231228,12:56:01,275.35,100,121100
20231228,12:58:16,275.8,50,120950
20231228,12:58:22,274.5,50,120950
20231228,12:58:24,275.25,150,120950
20231228,12:58:26,274.35,100,120950
20231228,12:58:31,274.45,250,120950
20231228,12:58:32,274.55,50,120950
20231228,12:59:02,275.95,50,120950
20231228,12:59:36,279.6,100,120950
20231228,13:00:12,281.75,150,120950
20231228,13:00:14,282.65,200,120950
20231228,13:00:18,283.0,300,120950
20231228,13:00:19,282.8,300,120750
20231228,13:00:29,281.0,50,120750
20231228,13:00:36,280.0,250,120750
20231228,13:01:16,276.75,50,120750
20231228,13:01:25,277.3,50,120750
20231228,13:01:33,277.65,50,120750
20231228,13:01:35,278.5,50,120750
20231228,13:01:43,278.0,50,120750
20231228,13:01:46,277.2,100,120750
20231228,13:02:00,278.05,50,120750
20231228,13:02:01,278.3,50,120750
20231228,13:02:03,278.2,250,120750
20231228,13:02:14,275.95,50,120750
20231228,13:04:58,277.8,50,119950
20231228,13:05:16,277.9,50,119950
20231228,13:05:18,276.95,250,119950
20231228,13:05:56,279.15,300,119950
20231228,13:08:04,277.35,100,119900
20231228,13:08:06,275.5,50,119900
20231228,13:08:09,274.6,150,119900
20231228,13:08:16,274.4,50,119900
20231228,13:08:28,274.55,100,119900
20231228,13:08:36,273.25,100,119900
20231228,13:08:38,274.45,50,119900
20231228,13:08:39,273.8,50,119900
20231228,13:09:24,273.6,50,119650
20231228,13:09:39,270.9,250,119650
20231228,13:10:04,272.0,250,119650
20231228,13:11:16,272.65,100,119650
20231228,13:11:44,271.95,50,119650
20231228,13:12:17,271.1,50,119650
20231228,13:13:04,270.0,50,119350
20231228,13:13:07,269.4,50,119350
20231228,13:13:41,268.95,100,119350
20231228,13:13:48,267.65,150,119350
20231228,13:14:01,268.1,350,119350
20231228,13:14:03,267.55,50,119350
20231228,13:14:09,269.55,200,119350
20231228,13:14:33,270.75,50,119350
20231228,13:15:03,270.5,200,119350
20231228,13:15:14,271.5,250,119350
20231228,13:15:59,273.95,100,119350
20231228,13:16:16,274.2,4750,119150
20231228,13:16:19,274.2,50,119150
20231228,13:16:38,275.05,2250,119150
20231228,13:16:39,275.05,2750,119150
20231228,13:17:04,276.65,3200,119150
20231228,13:17:14,276.35,1000,119150
20231228,13:17:28,275.75,1800,119150
20231228,13:17:38,275.8,50,119150
20231228,13:17:58,277.5,50,119150
20231228,13:17:59,277.8,50,119150
20231228,13:18:16,276.7,350,119150
20231228,13:18:48,277.6,100,132600
20231228,13:19:11,276.1,500,132600
20231228,13:19:13,276.35,300,132600
20231228,13:19:46,277.2,100,132600
20231228,13:19:59,276.25,150,132600
20231228,13:20:23,277.45,200,132600
20231228,13:20:30,278.05,50,132600
20231228,13:23:38,278.2,250,132750
20231228,13:24:01,279.35,50,132750
20231228,13:24:59,281.75,250,132800
20231228,13:25:01,282.1,300,132800
20231228,13:25:09,283.5,50,132800
20231228,13:25:16,282.5,250,132800
20231228,13:25:50,280.9,50,132800
20231228,13:25:51,281.0,200,132800
20231228,13:26:56,281.1,50,132800
20231228,13:27:15,282.85,50,132800
20231228,13:28:00,290.4,350,132300
20231228,13:28:45,288.4,50,132300
20231228,13:29:14,285.35,50,132300
20231228,13:29:17,285.35,50,132300
20231228,13:29:34,281.3,50,132300
20231228,13:29:35,280.95,50,132300
20231228,13:29:53,281.4,350,132300
20231228,13:29:55,279.75,50,132300
20231228,13:30:10,281.25,200,132300
20231228,13:30:45,280.1,250,132400
20231228,13:30:47,280.85,50,132400
20231228,13:31:57,281.8,200,132400
20231228,13:32:39,284.55,100,132400
20231228,13:33:30,288.45,50,132300
20231228,13:35:49,287.85,400,132300
20231228,13:36:00,286.75,100,132300
20231228,13:36:05,287.35,100,132300
20231228,13:36:51,292.25,100,132300
20231228,13:38:10,283.4,100,132300
20231228,13:38:30,281.7,100,132300
20231228,13:38:37,281.6,50,132300
20231228,13:38:52,280.35,250,132300
20231228,13:38:57,279.85,100,132300
20231228,13:39:12,278.6,800,132300
20231228,13:39:15,277.9,50,132300
20231228,13:39:17,278.8,50,132300
20231228,13:39:19,279.95,50,132300
20231228,13:39:59,279.75,50,132250
20231228,13:40:40,278.9,300,132250
20231228,13:40:47,277.9,50,132250
20231228,13:40:59,278.55,50,132250
20231228,13:41:04,278.95,350,132250
20231228,13:41:09,279.05,250,132250
20231228,13:41:21,277.0,50,132250
20231228,13:41:24,278.0,50,132250
20231228,13:41:44,276.25,150,132250
20231228,13:42:02,277.9,400,132250
20231228,13:42:04,277.95,250,132250
20231228,13:42:37,278.5,250,132500
20231228,13:42:50,280.0,50,132500
20231228,13:42:52,280.25,400,132500
20231228,13:43:15,281.6,50,132500
20231228,13:43:19,283.1,50,132500
20231228,13:43:35,283.05,100,132500
20231228,13:43:40,284.85,100,132500
20231228,13:43:47,284.6,300,132500
20231228,13:43:59,284.85,100,132500
20231228,13:45:07,284.3,100,132500
20231228,13:48:40,285.6,500,132350
20231228,13:48:50,285.4,100,132350
20231228,13:48:58,284.75,50,132350
20231228,13:49:49,283.7,50,132350
20231228,13:50:00,282.65,50,132350
20231228,13:50:43,283.0,50,132350
20231228,13:51:07,283.3,50,132350
20231228,13:51:23,283.05,400,132350
20231228,13:51:32,283.25,250,132550
20231228,13:52:10,283.95,50,132550
20231228,13:53:05,282.5,250,132550
20231228,13:55:20,281.0,350,132400
20231228,13:55:25,282.25,250,132400
20231228,13:56:42,283.6,50,132400
20231228,13:58:28,284.8,100,132400
20231228,13:59:01,288.5,100,132500
20231228,13:59:15,288.3,300,132500
20231228,13:59:32,286.25,300,132500
20231228,14:00:25,281.2,250,132500
20231228,14:00:38,281.15,100,132850
20231228,14:00:50,281.95,50,132850
20231228,14:00:56,281.6,1000,132850
20231228,14:00:58,282.6,50,132850
20231228,14:01:00,281.6,300,132850
20231228,14:01:03,282.9,300,132850
20231228,14:01:11,281.0,250,132850
20231228,14:01:23,282.25,100,132850
20231228,14:02:51,275.05,50,132850
20231228,14:02:59,274.3,50,132850
20231228,14:03:02,274.45,300,132850
20231228,14:03:04,274.2,1050,132850
20231228,14:03:06,274.25,2000,132850
20231228,14:03:09,273.0,250,132850
20231228,14:03:10,271.5,50,132850
20231228,14:03:16,270.5,150,132850
20231228,14:03:17,270.4,50,132850
20231228,14:04:09,270.3,100,135350
20231228,14:04:39,268.95,100,135350
20231228,14:04:40,269.4,400,135350
20231228,14:04:44,268.65,300,135350
20231228,14:04:49,269.05,300,135350
20231228,14:04:50,268.45,100,135350
20231228,14:05:04,270.0,550,135350
20231228,14:05:14,269.6,50,135350
20231228,14:06:33,274.0,250,135650
20231228,14:08:42,270.4,100,135650
20231228,14:08:59,271.0,150,135650
20231228,14:10:57,275.9,1050,135650
20231228,14:11:02,276.0,250,135650
20231228,14:11:37,277.2,100,135650
20231228,14:11:40,276.45,250,135650
20231228,14:11:52,279.7,100,135650
20231228,14:11:55,279.75,250,135650
20231228,14:12:05,279.5,100,135650
20231228,14:12:07,279.7,200,135650
20231228,14:12:09,279.7,100,135650
20231228,14:12:14,280.25,50,135650
20231228,14:12:22,279.5,100,135650
20231228,14:13:33,280.0,1200,135900
20231228,14:13:37,280.15,250,135900
20231228,14:13:45,279.65,100,135900
20231228,14:13:58,281.1,100,135900
20231228,14:15:01,282.6,50,135900
20231228,14:15:28,280.05,150,135850
20231228,14:15:31,280.05,350,135850
20231228,14:15:36,280.45,250,135850
20231228,14:15:53,281.05,250,135850
20231228,14:15:54,279.7,250,135850
20231228,14:16:03,279.95,450,135850
20231228,14:16:16,279.4,200,135850
20231228,14:16:20,279.65,250,135850
20231228,14:16:26,278.55,250,135850
20231228,14:17:58,278.65,50,135850
20231228,14:18:01,280.3,50,135850
20231228,14:19:08,289.05,150,135700
20231228,14:19:11,289.05,250,135700
20231228,14:19:48,287.45,50,135700
20231228,14:20:21,287.7,250,135700
20231228,14:20:24,287.9,600,135700
20231228,14:21:09,284.8,100,135700
20231228,14:21:11,285.5,50,135700
20231228,14:21:16,283.1,100,135700
20231228,14:21:19,284.8,400,135700
20231228,14:21:53,283.1,250,135800
20231228,14:22:19,279.45,100,135800
20231228,14:22:37,278.5,50,135800
20231228,14:22:46,278.1,50,135800
20231228,14:23:37,278.9,100,135800
20231228,14:24:00,277.0,600,135800
20231228,14:24:17,278.05,100,135800
20231228,14:25:20,279.7,50,135950
20231228,14:25:45,279.9,50,135950
20231228,14:25:57,279.75,100,135950
20231228,14:26:31,275.65,350,135950
20231228,14:27:03,276.3,100,135950
20231228,14:27:05,275.5,300,135950
20231228,14:27:26,275.6,150,135950
20231228,14:27:30,274.85,100,135950
20231228,14:27:38,272.0,250,135700
20231228,14:28:18,273.95,200,135700
20231228,14:28:29,272.9,50,135700
20231228,14:28:43,273.4,400,135700
20231228,14:28:51,272.25,150,135700
20231228,14:29:06,273.2,250,135700
20231228,14:30:40,277.45,250,135600
20231228,14:30:50,277.4,50,135600
20231228,14:31:49,275.0,250,135600
20231228,14:32:06,275.8,100,135600
20231228,14:32:09,274.45,50,135600
20231228,14:32:14,273.7,350,135600
20231228,14:32:25,274.35,250,135600
20231228,14:32:38,273.85,250,135600
20231228,14:33:03,275.4,250,135600
20231228,14:34:06,275.15,50,135600
20231228,14:34:10,274.55,350,135600
20231228,14:34:13,275.3,500,135600
20231228,14:34:33,275.5,50,135600
20231228,14:34:50,275.6,250,135600
20231228,14:34:56,275.25,50,135600
20231228,14:34:58,275.3,50,135600
20231228,14:35:00,275.4,250,135600
20231228,14:35:01,274.75,250,135600
20231228,14:35:55,273.8,200,135600
20231228,14:37:21,274.3,500,135950
20231228,14:37:26,275.0,250,135950
20231228,14:37:28,275.0,50,135950
20231228,14:37:53,276.05,100,135950
20231228,14:38:26,278.4,50,135950
20231228,14:38:42,280.3,50,135950
20231228,14:38:47,280.6,50,135950
20231228,14:39:00,280.0,1500,135950
20231228,14:39:12,279.3,100,135950
20231228,14:41:49,281.0,50,137550
20231228,14:42:10,279.3,100,137550
20231228,14:42:11,279.3,250,137550
20231228,14:42:25,279.0,50,137550
20231228,14:42:28,279.0,50,137550
20231228,14:42:30,279.0,2400,137550
20231228,14:44:03,281.4,250,140100
20231228,14:45:22,279.85,50,140100
20231228,14:45:49,279.3,50,140100
20231228,14:45:54,279.0,250,140100
20231228,14:45:57,279.8,50,140100
20231228,14:46:47,282.0,50,140100
20231228,14:48:39,288.35,100,139750
20231228,14:48:41,289.05,50,139750
20231228,14:48:45,290.0,200,139750
20231228,14:48:47,291.45,150,139750
20231228,14:48:52,291.35,100,139750
20231228,14:48:54,294.3,50,139750
20231228,14:49:10,291.1,50,139750
20231228,14:50:49,287.65,50,139750
20231228,14:51:09,287.3,650,139750
20231228,14:51:14,286.6,850,139750
20231228,14:51:25,285.25,250,139750
20231228,14:52:13,285.05,150,139450
20231228,14:54:56,286.65,50,139450
20231228,14:55:19,280.0,200,139450
20231228,14:55:21,280.0,1050,139450
20231228,14:55:22,280.0,150,139450
20231228,14:55:29,278.5,100,139450
20231228,14:55:31,279.05,50,139450
20231228,14:55:49,279.05,50,139450
20231228,14:56:04,279.4,50,139450
20231228,14:56:21,277.1,100,139450
20231228,14:57:06,279.1,50,139450
20231228,14:57:20,274.45,50,139450
20231228,14:57:21,273.4,550,139450
20231228,14:57:23,273.55,50,139450
20231228,14:57:29,273.6,50,139450
20231228,14:57:39,266.3,650,140500
20231228,14:57:41,267.05,150,140500
20231228,14:57:43,269.0,50,140500
20231228,14:57:44,268.3,150,140500
20231228,14:58:14,269.0,50,140500
20231228,14:58:34,267.35,50,140500
20231228,14:58:52,270.35,50,140500
20231228,14:58:53,270.7,150,140500
20231228,14:58:55,271.2,450,140500
20231228,14:59:20,273.55,500,140500
20231228,14:59:28,274.95,50,140500
20231228,14:59:59,273.5,200,140500
20231228,15:00:00,273.5,450,140500
20231228,15:00:23,264.4,100,140500
20231228,15:00:34,263.3,50,140500
20231228,15:00:35,264.2,50,140550
20231228,15:00:54,271.85,50,140550
20231228,15:01:34,274.2,50,140550
20231228,15:01:40,274.5,50,140550
20231228,15:01:54,280.85,150,140550
20231228,15:02:05,280.55,100,140550
20231228,15:02:09,274.55,50,140550
20231228,15:02:10,273.75,200,140550
20231228,15:02:15,277.55,50,140550
20231228,15:02:32,279.65,200,140550
20231228,15:02:33,280.3,50,140550
20231228,15:02:45,279.8,450,140550
20231228,15:04:18,270.8,100,140500
20231228,15:05:01,271.1,150,140500
20231228,15:05:03,270.8,100,140500
20231228,15:05:04,270.8,900,140500
20231228,15:05:15,269.5,250,140500
20231228,15:05:18,271.9,350,140500
20231228,15:05:30,269.5,50,140500
20231228,15:05:41,268.25,50,140500
20231228,15:06:01,265.6,200,140500
20231228,15:06:06,265.8,50,140500
20231228,15:06:39,270.85,100,141350
20231228,15:07:00,267.75,300,141350
20231228,15:07:08,267.6,50,141350
20231228,15:07:26,267.4,350,141350
20231228,15:07:45,266.65,50,141350
20231228,15:08:11,267.55,50,141350
20231228,15:08:23,268.5,250,141350
20231228,15:08:35,268.0,200,141350
20231228,15:08:38,268.5,200,141350
20231228,15:08:40,268.15,400,141350
20231228,15:08:41,267.75,50,141350
20231228,15:08:43,267.6,50,141350
20231228,15:08:53,266.65,400,141350
20231228,15:08:56,266.75,200,141350
20231228,15:09:16,264.5,50,141350
20231228,15:09:20,264.2,50,141350
20231228,15:09:21,264.3,150,141350
20231228,15:09:26,263.2,50,141350
20231228,15:09:28,262.95,50,141350
20231228,15:09:53,265.85,100,141450
20231228,15:09:55,265.85,350,141450
20231228,15:09:56,266.8,150,141450
20231228,15:10:10,269.45,150,141450
20231228,15:10:11,269.5,50,141450
20231228,15:10:13,269.5,50,141450
20231228,15:10:21,270.4,750,141450
20231228,15:10:25,270.0,50,141450
20231228,15:10:28,269.5,100,141450
20231228,15:11:13,269.45,200,141450
20231228,15:11:28,270.65,50,141450
20231228,15:11:35,270.7,100,141450
20231228,15:12:10,271.15,650,141450
20231228,15:12:39,272.1,150,141450
20231228,15:13:04,272.05,200,141450
20231228,15:13:19,273.25,300,141450
20231228,15:13:24,273.1,50,141450
20231228,15:13:29,274.0,500,141450
20231228,15:13:33,274.15,450,141450
20231228,15:13:55,275.55,100,141450
20231228,15:14:08,274.5,50,141450
20231228,15:14:21,273.25,150,141450
20231228,15:14:33,272.1,200,141450
20231228,15:14:46,270.4,50,141450
20231228,15:14:47,270.4,50,141450
20231228,15:14:57,269.35,50,141450
20231228,15:15:04,268.4,50,141450
20231228,15:15:06,268.65,50,141450
20231228,15:15:07,268.35,50,141450
20231228,15:15:12,270.2,100,141450
20231228,15:15:16,269.45,50,141450
20231228,15:15:27,268.85,50,141450
20231228,15:15:51,267.1,50,141400
20231228,15:15:52,266.35,100,141400
20231228,15:16:42,265.5,100,141400
20231228,15:16:43,265.3,50,141400
20231228,15:17:00,264.65,50,141400
20231228,15:17:08,265.4,100,141400
20231228,15:17:12,265.65,200,141400
20231228,15:17:15,267.15,250,141400
20231228,15:17:25,268.1,400,141400
20231228,15:17:35,269.65,400,141400
20231228,15:17:37,269.8,250,141400
20231228,15:17:38,270.0,250,141400
20231228,15:18:32,271.95,50,141400
20231228,15:18:35,272.3,50,141400
20231228,15:19:05,269.5,850,141600
20231228,15:19:06,270.0,50,141600
20231228,15:19:09,269.7,250,141600
20231228,15:19:18,268.7,50,141600
20231228,15:19:19,268.85,50,141600
20231228,15:19:49,268.5,250,141600
20231228,15:19:51,268.15,50,141600
20231228,15:19:57,268.85,250,141600
20231228,15:20:00,268.8,100,141600
20231228,15:20:02,268.7,250,141600
20231228,15:20:05,268.95,200,141600
20231228,15:20:08,270.3,100,141600
20231228,15:20:10,270.15,100,141600
20231228,15:20:11,270.25,350,141600
20231228,15:20:13,270.1,150,141600
20231228,15:20:14,269.65,400,141600
20231228,15:20:16,270.4,100,141600
20231228,15:20:17,270.3,100,141600
20231228,15:20:19,270.75,100,141600
20231228,15:20:21,271.25,300,141600
20231228,15:20:24,270.95,300,141600
20231228,15:20:26,271.0,250,141600
20231228,15:20:28,271.1,50,141600
20231228,15:20:29,271.15,400,141600
20231228,15:20:31,271.1,250,141600
20231228,15:20:33,271.2,350,141600
20231228,15:20:34,271.3,200,141600
20231228,15:20:36,271.5,200,141600
20231228,15:20:38,271.3,500,141600
20231228,15:20:39,271.25,200,141600
20231228,15:20:41,271.1,650,141600
20231228,15:20:43,270.9,150,141600
20231228,15:20:44,270.8,50,141600
20231228,15:20:46,270.9,50,141600
20231228,15:20:49,271.1,450,141600
20231228,15:20:56,270.4,50,141600
20231228,15:21:06,270.8,50,141600
20231228,15:21:14,271.15,100,141600
20231228,15:21:18,271.15,450,141600
20231228,15:21:21,271.45,450,141600
20231228,15:21:29,270.2,100,141600
20231228,15:21:31,270.8,300,141600
20231228,15:21:41,271.65,200,142050
20231228,15:21:42,271.15,350,142050
20231228,15:21:44,271.55,200,142050
20231228,15:21:51,271.75,250,142050
20231228,15:21:59,272.35,50,142050
20231228,15:22:04,271.95,50,142050
20231228,15:22:12,271.7,50,142050
20231228,15:22:15,272.45,350,142050
20231228,15:22:18,272.35,200,142050
20231228,15:22:22,272.45,200,142050
20231228,15:22:38,274.05,200,142050
20231228,15:22:47,274.15,750,142050
20231228,15:22:48,274.85,100,142050
20231228,15:22:57,276.5,250,142050
20231228,15:22:58,276.0,150,142050
20231228,15:23:00,276.95,50,142050
20231228,15:23:01,277.0,250,142050
20231228,15:23:03,277.25,350,142050
20231228,15:23:06,277.8,200,142050
20231228,15:23:08,277.55,500,142050
20231228,15:23:13,278.0,100,142050
20231228,15:23:15,277.4,50,142050
20231228,15:23:31,280.35,100,142050
20231228,15:23:36,280.5,100,142050
20231228,15:23:46,282.9,100,142050
20231228,15:23:48,284.1,100,142050
20231228,15:23:50,284.95,50,142050
20231228,15:23:51,285.75,200,142050
20231228,15:23:53,286.05,50,142050
20231228,15:23:58,286.9,250,142050
20231228,15:24:01,288.85,400,142050
20231228,15:24:04,289.95,50,142050
20231228,15:24:09,293.85,50,142050
20231228,15:24:11,293.75,50,142050
20231228,15:24:14,295.65,400,142050
20231228,15:24:17,296.85,200,142050
20231228,15:24:19,298.25,100,142050
20231228,15:24:20,298.25,50,142050
20231228,15:24:24,299.75,150,142050
20231228,15:24:25,299.25,100,142050
20231228,15:24:27,300.25,100,142050
20231228,15:24:29,299.75,100,142050
20231228,15:24:30,299.65,50,142050
20231228,15:24:32,299.45,100,142050
20231228,15:24:35,300.45,50,142050
20231228,15:24:39,300.85,350,142050
20231228,15:24:42,302.0,250,140900
20231228,15:24:44,303.55,50,140900
20231228,15:24:45,302.6,150,140900
20231228,15:24:47,304.2,50,140900
20231228,15:24:49,305.05,200,140900
20231228,15:24:50,303.55,850,140900
20231228,15:24:52,302.15,750,140900
20231228,15:24:54,303.7,50,140900
20231228,15:24:55,302.1,50,140900
20231228,15:24:57,299.0,250,140900
20231228,15:24:59,296.8,1250,140900
20231228,15:25:00,296.35,1200,140900
20231228,15:25:02,296.0,200,140900
20231228,15:25:04,293.65,50,140900
20231228,15:25:05,294.05,100,140900
20231228,15:25:07,293.35,750,140900
20231228,15:25:09,290.3,50,140900
20231228,15:25:12,288.8,150,140900
20231228,15:25:14,289.0,100,140900
20231228,15:25:15,288.8,750,140900
20231228,15:25:17,289.6,400,140900
20231228,15:25:20,288.85,50,140900
20231228,15:25:22,288.9,500,140900
20231228,15:25:30,289.6,50,140900
20231228,15:25:32,289.95,1300,140900
20231228,15:25:33,289.75,4150,140900
20231228,15:25:35,289.75,50,140900
20231228,15:25:37,289.1,100,140900
20231228,15:25:38,289.7,250,140900
20231228,15:25:42,288.35,50,140900
20231228,15:25:48,289.0,150,140900
20231228,15:26:03,291.3,50,140900
20231228,15:26:07,291.1,50,140900
20231228,15:26:08,291.2,200,140900
20231228,15:26:13,293.0,100,140900
20231228,15:26:17,292.8,150,140900
20231228,15:26:18,293.4,100,140900
20231228,15:26:20,294.0,250,140900
20231228,15:26:22,293.2,200,140900
20231228,15:26:23,293.65,100,140900
20231228,15:26:27,296.2,50,140900
20231228,15:26:28,297.45,350,140900
20231228,15:26:30,297.95,500,140900
20231228,15:26:33,297.9,550,140900
20231228,15:26:35,298.05,50,140900
20231228,15:26:37,296.85,100,140900
20231228,15:26:38,296.75,100,140900
20231228,15:26:43,299.0,450,140900
20231228,15:26:45,300.2,250,140900
20231228,15:26:48,299.8,300,140900
20231228,15:26:50,299.8,100,140900
20231228,15:26:53,299.65,50,140900
20231228,15:26:55,299.75,200,140900
20231228,15:27:00,295.5,100,140900
20231228,15:27:05,296.4,600,140900
20231228,15:27:08,296.25,50,140900
20231228,15:27:10,295.8,50,140900
20231228,15:27:12,295.05,500,140900
20231228,15:27:18,293.7,50,140900
20231228,15:27:30,294.1,50,140900
20231228,15:27:31,293.75,300,140900
20231228,15:27:40,294.15,450,139550
20231228,15:27:55,294.0,200,139550
20231228,15:27:56,295.5,250,139550
20231228,15:28:00,294.35,100,139550
20231228,15:28:03,294.0,50,139550
20231228,15:28:05,294.3,50,139550
20231228,15:28:06,295.2,300,139550
20231228,15:28:08,294.95,200,139550
20231228,15:28:10,294.95,50,139550
20231228,15:28:11,294.95,100,139550
20231228,15:28:38,295.7,50,139550
20231228,15:28:41,295.1,50,139550
20231228,15:28:43,295.7,500,139550
20231228,15:28:55,293.95,50,139550
20231228,15:28:58,295.0,100,139550
20231228,15:29:00,294.85,100,139550
20231228,15:29:01,294.15,100,139550
20231228,15:29:05,294.55,50,139550
20231228,15:29:10,293.75,250,139550
20231228,15:29:11,293.5,200,139550
20231228,15:29:13,294.2,50,139550
20231228,15:29:15,293.4,150,139550
20231228,15:29:17,293.3,100,139550
20231228,15:29:19,293.0,100,139550
20231228,15:29:25,293.25,1450,139550
20231228,15:29:27,293.25,500,139550
20231228,15:29:29,292.45,1550,139550
20231228,15:29:30,292.5,1650,139550
20231228,15:29:32,292.9,1100,139550
20231228,15:29:34,293.0,1100,139550
20231228,15:29:35,293.25,950,139550
20231228,15:29:37,293.2,900,139550
20231228,15:29:39,293.2,700,139550
20231228,15:29:40,295.05,550,139550
20231228,15:29:42,295.4,600,139550
20231228,15:29:44,296.15,400,139550
20231228,15:29:45,294.05,200,139550
20231228,15:29:47,296.95,350,139550
20231228,15:29:49,294.65,250,139550
20231228,15:29:50,297.45,350,139550
20231228,15:29:52,298.35,200,139550
20231228,15:29:55,295.4,100,139550
20231228,15:29:59,290.5,150,139550
20231229,09:15:02,300.0,1,139300
20231229,09:15:02,300.0,50,139300
20231229,09:15:03,309.65,100,139300
20231229,09:15:04,312.25,150,139300
20231229,09:15:06,320.8,350,139300
20231229,09:15:07,326.7,400,139300
20231229,09:15:08,321.05,100,139300
20231229,09:15:09,321.35,100,139300
20231229,09:15:10,319.15,350,139300
20231229,09:15:12,320.2,50,139300
20231229,09:15:13,319.95,2750,139300
20231229,09:15:14,321.45,350,139300
20231229,09:15:15,320.55,2400,139300
20231229,09:15:16,322.05,350,139300
20231229,09:15:18,323.3,150,139300
20231229,09:15:19,326.3,200,139300
20231229,09:15:21,329.9,300,139300
20231229,09:15:23,329.9,150,139300
20231229,09:15:25,333.1,50,139300
20231229,09:15:26,333.1,50,139300
20231229,09:15:29,340.3,450,139300
20231229,09:15:30,342.5,100,139300
20231229,09:15:33,342.5,200,139300
20231229,09:15:34,334.2,1750,139300
20231229,09:15:35,332.85,200,139300
20231229,09:15:36,333.9,900,139300
20231229,09:15:37,334.65,50,139300
20231229,09:15:40,329.95,300,139300
20231229,09:15:43,326.25,400,139300
20231229,09:15:44,327.3,150,139300
20231229,09:15:45,324.9,50,139300
20231229,09:15:47,324.45,50,139300
20231229,09:15:48,325.05,50,139300
20231229,09:15:49,327.75,250,139300
20231229,09:15:50,329.65,50,139300
20231229,09:15:51,331.8,200,139300
20231229,09:15:53,329.55,250,139300
20231229,09:15:57,329.55,500,139300
20231229,09:16:02,333.6,1100,139300
20231229,09:16:03,333.65,700,139300
20231229,09:16:04,334.5,100,139300
20231229,09:16:06,335.0,150,139300
20231229,09:16:07,335.75,100,139300
20231229,09:16:08,332.75,100,139300
20231229,09:16:09,333.0,300,139300
20231229,09:16:12,334.85,100,139300
20231229,09:16:16,333.0,100,139300
20231229,09:16:17,332.1,50,139300
20231229,09:16:18,332.25,150,139300
20231229,09:16:19,331.5,450,139300
20231229,09:16:20,332.65,50,139300
20231229,09:16:22,332.9,150,139300
20231229,09:16:24,330.7,50,139300
20231229,09:16:26,333.3,100,139300
20231229,09:16:29,333.4,100,139300
20231229,09:16:30,335.0,50,139300
20231229,09:16:32,335.0,50,139300
20231229,09:16:34,337.95,250,139300
20231229,09:16:35,340.2,250,139300
20231229,09:16:36,340.6,100,139300
20231229,09:16:37,342.65,100,139300
20231229,09:16:43,342.9,550,139300
20231229,09:16:44,343.5,100,139300
20231229,09:16:45,340.6,50,139300
20231229,09:16:47,343.05,350,139300
20231229,09:16:49,340.6,100,139300
20231229,09:16:50,339.25,300,139300
20231229,09:16:52,336.9,250,139300
20231229,09:16:53,337.65,50,139300
20231229,09:16:54,339.45,100,139300
20231229,09:17:01,339.2,50,139300
20231229,09:17:02,338.0,100,139300
20231229,09:17:06,338.0,350,139300
20231229,09:17:08,339.3,250,140400
20231229,09:17:12,341.4,50,140400
20231229,09:17:13,341.05,50,140400
20231229,09:17:19,343.05,400,140400
20231229,09:17:22,343.05,50,140400
20231229,09:17:23,344.1,100,140400
20231229,09:17:25,344.1,150,140400
20231229,09:17:26,343.9,50,140400
20231229,09:17:28,342.6,100,140400
20231229,09:17:35,340.65,50,140400
20231229,09:17:43,341.0,100,140400
20231229,09:17:56,344.0,50,140400
20231229,09:17:57,344.35,150,140400
20231229,09:18:02,344.35,200,140400
20231229,09:18:03,345.0,200,140400
20231229,09:18:09,345.0,250,140400
20231229,09:18:15,343.2,450,140400
20231229,09:18:17,343.45,100,140400
20231229,09:18:24,345.1,250,140400
20231229,09:18:30,346.5,100,140400
20231229,09:18:30,346.5,200,140400
20231229,09:18:31,344.85,900,140400
20231229,09:18:32,345.2,200,140400
20231229,09:18:33,344.6,150,140400
20231229,09:18:35,342.65,100,140400
20231229,09:18:35,343.8,100,140400
20231229,09:18:36,343.95,50,140400
20231229,09:18:47,342.0,500,140400
20231229,09:18:54,342.4,50,140400
20231229,09:19:00,344.2,50,140400
20231229,09:19:02,344.65,50,140400
20231229,09:19:02,344.4,50,140400
20231229,09:19:09,344.5,50,140400
20231229,09:19:13,344.2,100,140400
20231229,09:19:15,340.1,250,140400
20231229,09:19:19,339.75,100,140400
20231229,09:19:20,340.1,200,140400
20231229,09:19:35,339.05,100,140400
20231229,09:19:39,339.8,100,140400
20231229,09:19:42,340.1,250,140400
20231229,09:19:43,339.25,50,140400
20231229,09:19:54,339.3,200,140400
20231229,09:20:04,340.1,350,140400
20231229,09:20:05,340.6,100,140400
20231229,09:20:06,339.05,300,140400
20231229,09:20:06,338.3,50,142700
20231229,09:20:10,339.5,100,142700
20231229,09:20:11,339.8,250,142700
20231229,09:20:14,343.5,200,142700
20231229,09:20:22,335.75,200,142700
20231229,09:20:25,332.6,100,142700
20231229,09:20:30,331.3,200,142700
20231229,09:20:31,331.65,100,142700
20231229,09:20:33,333.0,50,142700
20231229,09:20:36,332.85,50,142700
20231229,09:20:38,334.3,100,142700
20231229,09:20:42,331.65,100,142700
20231229,09:20:46,327.9,200,142700
20231229,09:20:47,327.75,50,142700
20231229,09:20:48,328.05,50,142700
20231229,09:20:53,328.05,100,142700
20231229,09:20:55,330.2,100,142700
20231229,09:21:02,331.5,50,142700
20231229,09:21:06,327.15,600,142700
20231229,09:21:10,328.95,100,142700
20231229,09:21:24,332.5,250,142700
20231229,09:21:26,331.8,50,142700
20231229,09:21:31,331.8,300,142700
20231229,09:21:34,334.15,300,142700
20231229,09:21:39,334.2,100,142700
20231229,09:21:43,337.4,50,142700
20231229,09:21:56,340.0,50,142700
20231229,09:22:04,336.45,150,142700
20231229,09:22:05,335.15,50,142700
20231229,09:22:06,334.0,800,142700
20231229,09:22:07,333.9,150,142700
20231229,09:22:13,335.6,50,142700
20231229,09:22:14,334.9,100,142700
20231229,09:22:23,333.15,50,142700
20231229,09:22:30,334.05,100,142700
20231229,09:22:39,332.7,100,142700
20231229,09:22:48,331.0,50,142700
20231229,09:23:17,329.25,100,142700
20231229,09:23:22,331.0,500,143550
20231229,09:23:24,331.7,100,143550
20231229,09:23:37,331.45,50,143550
20231229,09:23:53,325.0,50,143550
20231229,09:23:59,322.1,200,143550
20231229,09:24:00,322.05,100,143550
20231229,09:24:02,320.0,100,143550
20231229,09:24:07,316.8,550,143550
20231229,09:24:20,319.85,50,143550
20231229,09:24:24,320.7,50,143550
20231229,09:24:34,324.0,50,143550
20231229,09:24:41,325.4,50,143550
20231229,09:24:49,327.35,100,143550
20231229,09:25:00,327.0,100,143550
20231229,09:25:01,328.2,250,143550
20231229,09:25:04,328.0,50,143550
20231229,09:25:10,327.9,50,143550
20231229,09:25:19,324.8,50,143550
20231229,09:25:23,321.0,100,143550
20231229,09:25:24,320.8,50,143550
20231229,09:25:36,318.75,100,143550
20231229,09:25:43,322.2,100,143550
20231229,09:25:44,320.7,200,143550
20231229,09:25:46,322.15,50,143550
20231229,09:26:00,322.2,150,143550
20231229,09:26:02,321.95,250,143550
20231229,09:26:09,320.0,150,143500
20231229,09:26:10,319.45,150,143500
20231229,09:26:22,321.6,100,143500
20231229,09:26:24,322.55,50,143500
20231229,09:26:32,323.65,100,143500
20231229,09:26:34,322.5,100,143500
20231229,09:26:37,321.8,1000,143500
20231229,09:26:42,321.5,100,143500
20231229,09:26:49,319.65,250,143500
20231229,09:26:51,318.25,50,143500
20231229,09:26:54,318.8,100,143500
20231229,09:26:58,316.8,250,143500
20231229,09:27:08,317.75,50,143500
20231229,09:27:27,317.8,50,143500
20231229,09:27:29,315.0,50,143500
20231229,09:27:30,312.9,400,143500
20231229,09:27:31,312.6,100,143500
20231229,09:27:34,315.7,250,143500
20231229,09:27:47,315.0,50,143500
20231229,09:27:49,315.45,100,143500
20231229,09:27:52,315.75,50,143500
20231229,09:28:02,316.15,200,143500
20231229,09:28:05,312.9,50,143500
20231229,09:28:10,313.15,100,143500
20231229,09:28:25,317.2,50,143500
20231229,09:28:27,316.65,50,143500
20231229,09:28:32,320.0,150,143500
20231229,09:28:35,320.3,50,143500
20231229,09:28:42,316.95,250,143500
20231229,09:28:53,316.0,50,143500
20231229,09:29:00,314.8,50,143500
20231229,09:29:02,317.1,200,143500
20231229,09:29:03,314.55,100,143500
20231229,09:29:07,315.2,100,143500
20231229,09:29:10,314.75,100,145300
20231229,09:29:11,314.55,50,145300
20231229,09:29:16,312.55,50,145300
20231229,09:29:20,313.2,100,145300
20231229,09:29:26,314.05,50,145300
20231229,09:29:49,310.45,100,145300
20231229,09:29:50,310.95,200,145300
20231229,09:29:51,310.05,250,145300
20231229,09:29:52,310.2,150,145300
20231229,09:29:53,310.85,150,145300
20231229,09:29:55,311.6,100,145300
20231229,09:30:04,308.7,900,145300
20231229,09:30:05,311.35,50,145300
20231229,09:30:08,314.45,50,145300
20231229,09:30:31,315.9,250,145300
20231229,09:30:33,315.45,100,145300
20231229,09:30:51,310.3,50,145300
20231229,09:30:53,310.3,50,145300
20231229,09:30:56,309.8,150,145300
20231229,09:31:11,311.55,50,145300
20231229,09:31:14,310.5,50,145300
20231229,09:31:15,309.8,50,145300
20231229,09:31:48,311.1,50,145300
20231229,09:32:07,315.15,50,145300
20231229,09:32:17,311.65,550,145950
20231229,09:32:18,312.0,250,145950
20231229,09:32:19,312.55,50,145950
20231229,09:32:23,311.4,50,145950
20231229,09:32:30,310.7,50,145950
20231229,09:32:33,310.0,100,145950
20231229,09:32:35,310.0,50,145950
20231229,09:32:35,310.6,50,145950
20231229,09:32:40,309.05,200,145950
20231229,09:32:41,309.35,50,145950
20231229,09:32:42,310.0,100,145950
20231229,09:32:42,309.6,250,145950
20231229,09:32:46,308.35,50,145950
20231229,09:32:49,307.85,150,145950
20231229,09:32:50,308.5,100,145950
20231229,09:32:51,308.25,300,145950
20231229,09:32:55,305.0,200,145950
20231229,09:32:56,305.4,150,145950
20231229,09:32:59,304.4,50,145950
20231229,09:33:03,303.0,250,145950
20231229,09:33:05,304.55,100,145950
20231229,09:33:06,303.1,100,145950
20231229,09:33:09,301.5,850,145950
20231229,09:33:22,303.55,250,145950
20231229,09:33:25,302.2,100,145950
20231229,09:33:31,303.7,100,145950
20231229,09:33:40,302.55,50,145950
20231229,09:33:44,304.5,50,145950
20231229,09:33:48,303.5,100,145950
20231229,09:33:49,302.85,50,145950
20231229,09:33:54,303.7,100,145950
20231229,09:34:00,302.95,500,145950
20231229,09:34:01,301.55,50,145950
20231229,09:34:02,301.25,100,145950
20231229,09:34:23,301.2,50,145950
20231229,09:34:26,300.6,50,145950
20231229,09:34:27,300.3,100,145950
20231229,09:34:28,300.1,50,145950
20231229,09:34:29,300.0,150,145950
20231229,09:34:33,299.05,50,145950
20231229,09:34:36,298.45,50,145950
20231229,09:34:37,297.15,200,145950
20231229,09:34:38,296.8,50,145950
20231229,09:34:41,295.2,50,145950
20231229,09:34:43,295.0,300,145950
20231229,09:34:45,294.65,100,145950
20231229,09:34:47,294.65,50,145950
20231229,09:34:49,296.7,50,145950
20231229,09:34:53,295.9,100,145950
20231229,09:34:55,296.55,50,145950
20231229,09:34:59,295.75,300,145950
20231229,09:35:00,295.4,250,145950
20231229,09:35:02,297.45,200,145950
20231229,09:35:03,297.75,250,145950
20231229,09:35:05,298.05,50,145950
20231229,09:35:06,298.0,50,145950
20231229,09:35:14,298.0,50,147850
20231229,09:35:22,296.45,50,147850
20231229,09:35:40,297.5,300,147850
20231229,09:35:43,297.9,100,147850
20231229,09:35:47,298.2,150,147850
20231229,09:35:58,301.45,50,147850
20231229,09:36:02,301.6,50,147850
20231229,09:36:04,303.15,250,147850
20231229,09:36:05,305.0,100,147850
20231229,09:36:10,304.75,50,147850
20231229,09:36:14,304.55,250,147850
20231229,09:36:19,304.7,50,147850
20231229,09:36:41,303.8,1900,147850
20231229,09:36:45,303.8,1900,147850
20231229,09:36:46,303.5,50,147850
20231229,09:36:48,303.6,2050,147850
20231229,09:36:49,302.85,50,147850
20231229,09:36:51,303.8,1800,147850
20231229,09:36:52,303.3,700,147850
20231229,09:36:54,303.45,2100,147850
20231229,09:36:56,304.3,1800,147850
20231229,09:36:58,303.55,150,147850
20231229,09:36:59,304.05,1800,147850
20231229,09:37:00,303.85,100,147850
20231229,09:37:02,304.15,1850,147850
20231229,09:37:03,304.65,250,147850
20231229,09:37:04,304.5,50,147850
20231229,09:37:06,305.4,100,147850
20231229,09:37:07,305.2,2050,147850
20231229,09:37:10,304.5,50,147850
20231229,09:37:17,304.25,2050,147850
20231229,09:37:21,302.4,1800,147850
20231229,09:37:22,301.45,50,147850
20231229,09:37:25,302.9,1800,147850
20231229,09:37:27,305.35,600,147850
20231229,09:37:28,305.25,1850,147850
20231229,09:37:31,307.65,250,147850
20231229,09:37:38,307.6,1850,147850
20231229,09:37:41,308.65,1800,147850
20231229,09:37:42,308.2,300,147850
20231229,09:37:43,306.35,50,147850
20231229,09:37:44,306.85,1850,147850
20231229,09:37:47,306.5,2000,147850
20231229,09:37:50,307.35,1850,147850
20231229,09:37:51,307.5,50,147850
20231229,09:37:56,307.85,50,147850
20231229,09:37:57,306.55,1850,147850
20231229,09:38:01,306.6,1800,147850
20231229,09:38:02,306.4,250,147850
20231229,09:38:03,307.2,2250,147850
20231229,09:38:04,307.9,100,147850
20231229,09:38:08,308.6,2200,147850
20231229,09:38:11,310.0,100,185300
20231229,09:38:13,310.1,2250,185300
20231229,09:38:16,310.2,2050,185300
20231229,09:38:17,309.85,50,185300
20231229,09:38:19,308.8,1850,185300
20231229,09:38:20,310.3,50,185300
20231229,09:38:22,309.45,1850,185300
20231229,09:38:23,310.05,50,185300
20231229,09:38:25,312.0,150,185300
20231229,09:38:27,311.7,150,185300
20231229,09:38:28,312.85,50,185300
20231229,09:38:33,313.3,50,185300
20231229,09:38:40,311.6,100,185300
20231229,09:38:46,309.0,2050,185300
20231229,09:38:58,308.8,250,185300
20231229,09:39:00,309.3,100,185300
20231229,09:39:04,310.65,250,185300
20231229,09:39:17,310.2,100,185300
20231229,09:39:22,311.5,1150,185300
20231229,09:39:24,311.15,50,185300
20231229,09:39:35,315.0,50,185300
20231229,09:39:39,314.75,50,185300
20231229,09:39:44,315.6,50,185300
20231229,09:39:46,316.35,50,185300
20231229,09:39:49,313.9,150,185300
20231229,09:39:51,312.05,50,185300
20231229,09:39:52,312.4,50,185300
20231229,09:40:04,312.45,50,185300
20231229,09:40:05,314.3,50,185300
20231229,09:40:10,315.15,50,185300
20231229,09:40:13,317.0,50,185300
20231229,09:40:14,318.0,100,185300
20231229,09:40:16,318.9,150,185300
20231229,09:40:17,318.9,150,185300
20231229,09:40:25,316.3,50,185300
20231229,09:40:26,317.3,100,185300
20231229,09:40:50,318.05,300,185300
20231229,09:40:51,318.75,50,185300
20231229,09:40:52,319.3,350,185300
20231229,09:41:01,317.15,200,185300
20231229,09:41:03,316.6,1050,185300
20231229,09:41:05,317.5,800,185300
20231229,09:41:07,315.2,500,185300
20231229,09:41:10,314.4,50,195000
20231229,09:41:11,314.65,50,195000
20231229,09:41:14,314.8,50,195000
20231229,09:41:21,318.05,100,195000
20231229,09:41:29,319.65,250,195000
20231229,09:41:31,319.2,50,195000
20231229,09:41:34,320.0,50,195000
20231229,09:41:35,319.65,400,195000
20231229,09:41:36,320.85,50,195000
20231229,09:41:37,321.85,100,195000
20231229,09:41:44,320.5,500,195000
20231229,09:41:46,320.05,100,195000
20231229,09:41:49,321.05,250,195000
20231229,09:41:50,320.2,50,195000
20231229,09:42:00,319.6,450,195000
20231229,09:42:03,321.95,300,195000
20231229,09:42:04,322.95,250,195000
20231229,09:42:05,322.25,100,195000
20231229,09:42:07,321.3,100,195000
20231229,09:42:10,323.75,50,195000
20231229,09:42:11,325.0,50,195000
20231229,09:42:12,326.4,200,195000
20231229,09:42:13,325.35,100,195000
20231229,09:42:15,324.45,250,195000
20231229,09:42:26,323.7,250,195000
20231229,09:42:38,322.95,100,195000
20231229,09:42:43,320.7,50,195000
20231229,09:42:44,322.15,200,195000
20231229,09:42:55,318.0,100,195000
20231229,09:42:59,316.0,350,195000
20231229,09:43:00,315.65,150,195000
20231229,09:43:00,315.2,50,195000
20231229,09:43:01,314.6,100,195000
20231229,09:43:03,315.95,100,195000
20231229,09:43:04,315.9,100,195000
20231229,09:43:05,318.15,50,195000
20231229,09:43:05,318.8,400,195000
20231229,09:43:12,317.35,50,195000
20231229,09:43:21,317.55,350,195000
20231229,09:43:26,318.75,100,195000
20231229,09:43:34,324.2,200,195000
20231229,09:43:52,324.15,100,195000
20231229,09:43:55,323.7,250,195000
20231229,09:43:59,325.7,50,195000
20231229,09:44:13,325.0,100,195000
20231229,09:44:15,325.3,100,194600
20231229,09:44:17,325.4,150,194600
20231229,09:44:19,326.2,150,194600
20231229,09:44:27,324.75,100,194600
20231229,09:44:33,324.4,50,194600
20231229,09:44:52,325.3,200,194600
20231229,09:45:01,324.4,50,194600
20231229,09:45:03,322.1,250,194600
20231229,09:45:09,322.65,200,194600
20231229,09:45:16,325.6,150,194600
20231229,09:45:22,323.9,50,194600
20231229,09:45:34,322.05,50,194600
20231229,09:45:41,322.15,100,194600
20231229,09:45:56,324.95,50,194600
20231229,09:45:57,326.0,350,194600
20231229,09:45:59,327.0,150,194600
20231229,09:46:00,327.0,50,194600
20231229,09:46:03,327.75,250,194600
20231229,09:46:05,328.9,100,194600
20231229,09:46:08,329.3,100,194600
20231229,09:46:21,326.4,300,194600
20231229,09:46:33,326.4,100,194600
20231229,09:46:36,325.85,100,194600
20231229,09:46:38,327.15,100,194600
20231229,09:46:39,327.8,50,194600
20231229,09:46:49,328.5,200,194600
20231229,09:46:50,328.3,250,194600
20231229,09:46:54,328.6,250,194600
20231229,09:46:55,327.75,50,194600
20231229,09:47:05,327.55,200,194600
20231229,09:47:06,327.85,50,194600
20231229,09:47:12,326.95,50,194100
20231229,09:47:20,327.0,50,194100
20231229,09:48:16,320.25,100,194100
20231229,09:48:17,320.0,300,194100
20231229,09:48:26,324.4,50,194100
20231229,09:48:46,324.1,300,194100
20231229,09:48:47,323.65,100,194100
20231229,09:49:04,326.1,250,194100
20231229,09:49:23,323.65,550,194100
20231229,09:49:30,323.15,50,194100
20231229,09:49:32,324.45,250,194100
20231229,09:49:34,324.7,50,194100
20231229,09:49:57,325.2,100,194100
20231229,09:50:17,325.95,50,193550
20231229,09:50:22,326.6,150,193550
20231229,09:50:56,325.5,50,193550
20231229,09:50:59,325.65,50,193550
20231229,09:51:06,327.85,800,193550
20231229,09:51:10,327.4,100,193550
20231229,09:51:44,324.15,50,193550
20231229,09:51:46,324.1,100,193550
20231229,09:51:47,323.05,400,193550
20231229,09:51:52,321.95,150,193550
20231229,09:51:55,322.2,50,193550
20231229,09:51:57,322.0,50,193550
20231229,09:52:01,322.0,50,193550
20231229,09:52:24,324.7,100,193550
20231229,09:52:35,327.0,150,193550
20231229,09:52:47,328.35,50,193550
20231229,09:52:55,328.95,200,193550
20231229,09:52:58,329.85,100,193550
20231229,09:53:01,329.4,50,193550
20231229,09:53:05,331.15,50,193550
20231229,09:53:06,331.0,100,193550
20231229,09:53:07,333.0,100,193550
20231229,09:53:08,335.2,50,193550
20231229,09:53:11,333.05,400,192750
20231229,09:53:17,330.1,50,192750
20231229,09:53:18,330.0,100,192750
20231229,09:53:20,329.95,200,192750
20231229,09:53:21,329.75,50,192750
20231229,09:53:23,329.75,100,192750
20231229,09:53:27,328.95,50,192750
20231229,09:53:39,327.9,50,192750
20231229,09:53:43,327.75,50,192750
20231229,09:53:54,325.9,100,192750
20231229,09:53:56,326.6,100,192750
20231229,09:53:57,326.25,100,192750
20231229,09:54:01,325.45,50,192750
20231229,09:54:02,326.75,200,192750
20231229,09:54:24,326.25,50,192750
20231229,09:54:34,323.5,100,192750
20231229,09:54:36,322.5,250,192750
20231229,09:54:38,322.8,100,192750
20231229,09:54:40,321.45,50,192750
20231229,09:54:42,321.2,200,192750
20231229,09:55:01,325.75,1000,192750
20231229,09:55:03,325.1,950,192750
20231229,09:55:04,325.8,300,192750
20231229,09:55:20,329.1,50,192750
20231229,09:55:23,328.55,100,192750
20231229,09:55:43,328.55,500,192750
20231229,09:55:54,329.0,150,192750
20231229,09:55:58,331.8,250,192750
20231229,09:56:00,330.3,50,192750
20231229,09:56:07,328.55,50,192750
20231229,09:56:10,329.05,250,192750
20231229,09:56:17,328.75,50,191950
20231229,09:56:36,330.3,1200,191950
20231229,09:56:45,331.65,50,191950
20231229,09:56:49,332.2,50,191950
20231229,09:57:08,328.95,50,191950
20231229,09:57:29,328.95,500,191950
20231229,09:57:30,329.3,50,191950
20231229,09:57:33,330.3,150,191950
20231229,09:58:04,333.25,350,191950
20231229,09:58:05,333.05,100,191950
20231229,09:58:07,333.5,100,191950
20231229,09:58:09,333.85,50,191950
20231229,09:58:11,336.75,50,191950
20231229,09:58:13,336.7,50,191950
20231229,09:58:14,337.15,50,191950
20231229,09:58:16,338.65,200,191950
20231229,09:58:17,339.05,150,191950
20231229,09:58:18,340.1,250,191950
20231229,09:58:21,338.6,50,191950
20231229,09:58:28,338.15,50,191950
20231229,09:58:32,338.85,50,191950
20231229,09:58:44,338.0,100,191950
20231229,09:58:48,337.5,100,191950
20231229,09:58:50,338.85,150,191950
20231229,09:58:54,338.2,100,191950
20231229,09:58:57,340.2,50,191950
20231229,09:59:03,340.25,550,191950
20231229,09:59:04,341.3,200,191950
20231229,09:59:05,341.5,50,191950
20231229,09:59:07,341.1,150,191950
20231229,09:59:08,340.55,150,191950
20231229,09:59:09,340.7,50,191950
20231229,09:59:10,340.45,50,191950
20231229,09:59:11,340.2,50,191950
20231229,09:59:19,342.05,550,191600
20231229,09:59:20,341.5,150,191600
20231229,09:59:22,341.15,50,191600
20231229,09:59:23,341.9,250,191600
20231229,09:59:34,337.85,100,191600
20231229,09:59:43,341.0,100,191600
20231229,09:59:44,341.25,150,191600
20231229,09:59:45,342.05,100,191600
20231229,09:59:46,342.25,50,191600
20231229,09:59:47,343.0,250,191600
20231229,09:59:48,343.0,250,191600
20231229,09:59:49,343.3,250,191600
20231229,09:59:50,344.45,50,191600
20231229,09:59:57,343.95,350,191600
20231229,09:59:58,344.7,50,191600
20231229,10:00:02,343.7,500,191600
20231229,10:00:04,344.1,50,191600
20231229,10:00:08,343.5,50,191600
20231229,10:00:14,341.8,50,191600
20231229,10:00:20,341.4,50,191600
20231229,10:00:42,336.05,300,191600
20231229,10:00:46,336.95,100,191600
20231229,10:00:59,337.15,50,191600
20231229,10:01:03,338.9,50,191600
20231229,10:01:11,340.05,250,191600
20231229,10:01:18,335.25,100,191600
20231229,10:01:22,334.75,50,191600
20231229,10:01:25,335.4,50,191600
20231229,10:01:30,334.95,50,191600
20231229,10:01:43,332.25,50,191600
20231229,10:01:45,333.15,50,191600
20231229,10:01:53,334.5,50,191600
20231229,10:01:57,333.9,100,191600
20231229,10:01:59,335.45,50,191600
20231229,10:02:01,334.55,100,191600
20231229,10:02:02,334.4,100,191600
20231229,10:02:03,333.25,50,191600
20231229,10:02:17,334.45,50,190800
20231229,10:02:20,334.65,100,190800
20231229,10:02:33,334.4,50,190800
20231229,10:02:34,335.65,100,190800
20231229,10:02:38,335.6,100,190800
20231229,10:02:39,336.15,150,190800
20231229,10:02:41,336.4,50,190800
20231229,10:02:57,332.35,50,190800
20231229,10:03:02,329.1,50,190800
20231229,10:03:04,329.9,150,190800
20231229,10:03:09,328.85,50,190800
20231229,10:03:11,330.2,250,190800
20231229,10:03:12,329.7,100,190800
20231229,10:03:21,328.05,50,190800
20231229,10:03:30,329.5,100,190800
20231229,10:03:31,329.2,50,190800
20231229,10:03:34,329.3,100,190800
20231229,10:03:40,328.0,50,190800
20231229,10:03:43,325.0,550,190800
20231229,10:03:43,324.9,50,190800
20231229,10:03:44,324.3,50,190800
20231229,10:03:45,325.35,100,190800
20231229,10:03:48,325.65,1800,190800
20231229,10:03:50,324.8,200,190800
20231229,10:03:51,324.15,100,190800
20231229,10:04:02,326.7,350,190800
20231229,10:04:03,326.8,50,190800
20231229,10:04:05,327.1,500,190800
20231229,10:04:08,327.25,100,190800
20231229,10:04:09,328.7,150,190800
20231229,10:04:10,329.0,100,190800
20231229,10:04:14,329.35,250,190800
20231229,10:04:21,329.0,50,190800
20231229,10:04:27,328.1,50,190800
20231229,10:04:34,330.0,100,190800
20231229,10:04:37,330.2,250,190800
20231229,10:04:39,330.05,50,190800
20231229,10:04:45,329.5,50,190800
20231229,10:04:50,329.5,50,190800
20231229,10:04:54,331.8,150,190800
20231229,10:04:56,332.9,100,190800
20231229,10:04:58,333.05,50,190800
20231229,10:04:59,332.1,50,190800
20231229,10:05:01,332.05,100,190800
20231229,10:05:02,331.85,200,190800
20231229,10:05:08,333.0,300,190800
20231229,10:05:09,332.2,150,190800
20231229,10:05:14,334.75,200,192900
20231229,10:05:15,333.95,50,192900
20231229,10:05:20,334.0,250,192900
20231229,10:05:21,333.85,50,192900
20231229,10:05:33,335.85,50,192900
20231229,10:05:37,336.05,50,192900
20231229,10:05:38,335.6,50,192900
20231229,10:05:41,335.4,150,192900
20231229,10:05:46,333.45,250,192900
20231229,10:05:47,332.9,50,192900
20231229,10:05:48,332.9,900,192900
20231229,10:05:56,333.3,100,192900
20231229,10:05:57,333.75,150,192900
20231229,10:05:59,333.95,100,192900
20231229,10:06:02,333.25,250,192900
20231229,10:06:02,333.6,300,192900
20231229,10:06:09,332.75,50,192900
20231229,10:06:21,332.45,50,192900
20231229,10:06:25,333.15,50,192900
20231229,10:06:34,335.15,50,192900
20231229,10:06:36,334.6,250,192900
20231229,10:06:57,335.95,50,192900
20231229,10:07:03,336.85,50,192900
20231229,10:07:10,338.0,100,192900
20231229,10:07:11,338.45,300,192900
20231229,10:07:13,338.3,150,192900
20231229,10:07:16,336.7,250,192900
20231229,10:07:17,336.0,50,192900
20231229,10:07:19,335.2,200,192900
20231229,10:07:21,337.6,50,192900
20231229,10:07:22,337.25,250,192900
20231229,10:07:25,338.05,50,192900
20231229,10:07:27,339.1,50,192900
20231229,10:07:35,340.75,50,192900
20231229,10:07:40,343.05,50,192900
20231229,10:07:41,342.3,50,192900
20231229,10:07:43,345.05,850,192900
20231229,10:07:45,347.05,450,192900
20231229,10:07:46,347.15,50,192900
20231229,10:07:50,350.0,1250,192900
20231229,10:07:51,350.6,50,192900
20231229,10:07:52,351.5,650,192900
20231229,10:07:53,349.2,700,192900
20231229,10:07:54,350.5,50,192900
20231229,10:07:55,351.45,300,192900
20231229,10:07:57,356.3,5200,192900
20231229,10:07:58,356.35,300,192900
20231229,10:07:59,356.95,700,192900
20231229,10:08:00,357.75,300,192900
20231229,10:08:01,355.65,200,192900
20231229,10:08:02,355.95,100,192900
20231229,10:08:03,357.5,100,192900
20231229,10:08:04,357.1,700,192900
20231229,10:08:05,356.25,100,192900
20231229,10:08:06,356.75,50,192900
20231229,10:08:08,359.15,200,192900
20231229,10:08:18,355.65,50,192200
20231229,10:08:20,354.35,50,192200
20231229,10:08:21,355.65,50,192200
20231229,10:08:23,356.15,50,192200
20231229,10:08:24,356.0,150,192200
20231229,10:08:25,358.05,100,192200
20231229,10:08:26,360.05,1050,192200
20231229,10:08:28,360.05,50,192200
20231229,10:08:31,360.65,100,192200
20231229,10:08:32,362.05,150,192200
20231229,10:08:33,362.85,400,192200
20231229,10:08:38,361.85,200,192200
20231229,10:08:42,363.8,200,192200
20231229,10:08:43,363.8,150,192200
20231229,10:08:49,364.2,50,192200
20231229,10:08:50,365.95,350,192200
20231229,10:08:58,361.65,100,192200
20231229,10:09:02,363.6,50,192200
20231229,10:09:04,363.9,250,192200
20231229,10:09:05,364.4,100,192200
20231229,10:09:13,363.25,100,192200
20231229,10:09:22,360.3,100,192200
20231229,10:09:23,358.7,50,192200
20231229,10:09:24,359.2,100,192200
20231229,10:09:28,359.15,150,192200
20231229,10:09:29,360.0,300,192200
20231229,10:09:54,361.2,50,192200
20231229,10:09:58,364.4,350,192200
20231229,10:10:02,365.25,50,192200
20231229,10:10:06,367.3,1800,192200
20231229,10:10:07,367.45,50,192200
20231229,10:10:08,368.2,2700,192200
20231229,10:10:10,370.1,500,192200
20231229,10:10:12,372.05,1850,192200
20231229,10:10:14,370.4,1800,192200
20231229,10:10:17,373.1,1900,192200
20231229,10:10:19,373.1,1800,192200
20231229,10:10:20,369.1,100,192200
20231229,10:10:22,369.0,1800,192200
20231229,10:10:25,371.1,1800,192200
20231229,10:10:27,371.6,1800,192200
20231229,10:10:31,370.5,100,192200
20231229,10:10:34,369.6,1800,192200
20231229,10:10:37,366.3,1950,192200
20231229,10:10:38,364.8,50,192200
20231229,10:10:39,365.7,1800,192200
20231229,10:10:42,366.0,1800,192200
20231229,10:10:44,366.8,1800,192200
20231229,10:10:46,368.25,1800,192200
20231229,10:10:48,368.25,1800,192200
20231229,10:10:50,368.3,1800,192200
20231229,10:10:52,368.05,1800,192200
20231229,10:10:54,369.55,1850,192200
20231229,10:10:56,367.8,1850,192200
20231229,10:10:58,366.9,100,192200
20231229,10:10:59,366.15,1800,192200
20231229,10:11:00,365.7,50,192200
20231229,10:11:01,362.75,150,192200
20231229,10:11:02,363.0,1800,192200
20231229,10:11:04,365.4,1850,192200
20231229,10:11:09,370.05,50,192200
20231229,10:11:13,372.7,550,192200
20231229,10:11:14,372.85,50,192200
20231229,10:11:22,371.4,1800,152750
20231229,10:11:23,371.45,50,152750
20231229,10:11:24,371.25,1800,152750
20231229,10:11:25,369.6,50,152750
20231229,10:11:26,369.55,1850,152750
20231229,10:11:32,366.45,1900,152750
20231229,10:11:34,365.6,200,152750
20231229,10:11:35,366.35,50,152750
20231229,10:11:37,366.1,150,152750
20231229,10:11:40,365.7,200,152750
20231229,10:11:41,365.95,100,152750
20231229,10:11:47,365.6,900,152750
20231229,10:12:01,365.4,50,152750
20231229,10:12:07,365.55,50,152750
20231229,10:12:20,370.8,100,152750
20231229,10:12:21,369.6,100,152750
20231229,10:12:28,372.85,250,152750
20231229,10:12:33,370.05,50,152750
20231229,10:12:52,370.9,50,152750
20231229,10:13:08,369.7,100,152750
20231229,10:13:35,373.75,50,152750
20231229,10:13:57,373.75,50,152750
20231229,10:13:59,372.8,50,152750
20231229,10:14:02,369.8,50,152750
20231229,10:14:03,368.8,100,152750
20231229,10:14:30,373.75,50,144850
20231229,10:14:31,375.55,50,144850
20231229,10:14:35,378.65,50,144850
20231229,10:14:36,378.65,200,144850
20231229,10:14:54,389.95,200,144850
20231229,10:14:56,390.0,50,144850
20231229,10:15:00,390.0,550,144850
20231229,10:15:02,389.15,50,144850
20231229,10:15:07,388.2,150,144850
20231229,10:15:08,390.5,50,144850
20231229,10:15:12,390.6,50,144850
20231229,10:15:26,390.6,50,144850
20231229,10:15:27,383.15,50,144850
20231229,10:15:36,382.0,50,144850
20231229,10:15:40,382.6,50,144850
20231229,10:16:05,387.0,100,144850
20231229,10:16:07,388.0,100,144850
20231229,10:16:13,388.7,50,144850
20231229,10:16:44,385.05,1800,144850
20231229,10:16:46,382.8,8200,144850
20231229,10:16:56,382.6,1800,144850
20231229,10:16:57,382.85,8200,144850
20231229,10:17:01,380.6,100,144850
20231229,10:17:02,380.65,150,144850
20231229,10:17:03,380.6,200,144850
20231229,10:17:05,379.4,50,144850
20231229,10:17:07,381.15,150,144850
20231229,10:17:08,380.7,1800,144850
20231229,10:17:10,378.6,100,144850
20231229,10:17:11,378.7,250,144850
20231229,10:17:13,376.9,100,144850
20231229,10:17:21,378.75,1800,126600
20231229,10:17:23,378.9,50,126600
20231229,10:17:26,378.75,1000,126600
20231229,10:17:30,375.0,1400,126600
20231229,10:17:31,376.7,100,126600
20231229,10:17:33,377.0,100,126600
20231229,10:17:35,372.95,200,126600
20231229,10:17:36,372.95,450,126600
20231229,10:17:50,373.8,100,126600
20231229,10:17:51,374.15,50,126600
20231229,10:17:53,374.0,50,126600
20231229,10:18:11,368.35,200,126600
20231229,10:18:19,373.05,250,126600
20231229,10:18:29,371.7,50,126600
20231229,10:18:33,372.1,1000,126600
20231229,10:19:03,370.2,50,126600
20231229,10:19:06,367.2,350,126600
20231229,10:19:07,367.35,100,126600
20231229,10:19:12,365.75,50,126600
20231229,10:19:18,364.3,250,126600
20231229,10:19:26,365.55,200,126600
20231229,10:19:32,365.5,200,126600
20231229,10:19:34,364.75,50,126600
20231229,10:20:02,362.0,100,126600
20231229,10:20:05,360.0,100,126600
20231229,10:20:08,360.5,50,126600
20231229,10:20:19,360.5,50,124250
20231229,10:20:24,364.2,50,124250
20231229,10:20:32,370.7,100,124250
20231229,10:20:43,372.85,50,124250
20231229,10:20:48,370.3,500,124250
20231229,10:20:50,370.3,50,124250
20231229,10:20:57,373.0,50,124250
20231229,10:20:59,373.65,100,124250
20231229,10:21:24,364.15,50,124250
20231229,10:21:27,362.0,50,124250
20231229,10:21:40,356.65,150,124250
20231229,10:21:41,354.2,100,124250
20231229,10:21:42,353.65,200,124250
20231229,10:21:43,354.9,150,124250
20231229,10:21:48,353.5,200,124250
20231229,10:21:50,354.6,500,124250
20231229,10:21:55,354.1,200,124250
20231229,10:21:56,353.25,50,124250
20231229,10:22:04,352.55,150,124250
20231229,10:22:14,347.6,150,124250
20231229,10:22:15,347.75,150,124250
20231229,10:22:17,350.0,200,124250
20231229,10:22:32,351.75,400,124250
20231229,10:22:33,351.8,50,124250
20231229,10:22:36,352.05,50,124250
20231229,10:23:01,355.05,100,124250
20231229,10:23:02,355.15,250,124250
20231229,10:23:17,356.0,300,123050
20231229,10:23:23,355.3,100,123050
20231229,10:23:26,352.5,550,123050
20231229,10:23:53,348.5,300,123050
20231229,10:24:05,345.0,200,123050
20231229,10:24:10,342.5,200,123050
20231229,10:24:10,341.5,150,123050
20231229,10:24:11,340.7,100,123050
20231229,10:24:14,339.45,50,123050
20231229,10:24:15,338.4,100,123050
20231229,10:24:26,346.35,50,123050
20231229,10:24:30,347.5,500,123050
20231229,10:24:32,346.8,250,123050
20231229,10:24:33,348.8,50,123050
20231229,10:24:35,347.4,150,123050
20231229,10:24:38,345.75,50,123050
20231229,10:24:51,342.4,950,123050
20231229,10:24:52,343.35,50,123050
20231229,10:25:06,339.8,50,123050
20231229,10:25:09,341.65,50,123050
20231229,10:25:19,344.95,100,123050
20231229,10:25:20,344.45,50,123050
20231229,10:26:04,338.65,50,123050
20231229,10:26:11,338.95,50,123050
20231229,10:26:40,344.95,50,123050
20231229,10:27:02,344.75,300,121400
20231229,10:27:05,346.15,300,121400
20231229,10:27:16,340.1,100,121400
20231229,10:27:23,340.6,250,121400
20231229,10:27:41,337.0,300,121400
20231229,10:28:06,339.65,50,121400
20231229,10:28:29,340.95,100,121400
20231229,10:28:33,341.75,250,121400
20231229,10:28:38,340.95,350,121400
20231229,10:28:38,340.25,100,121400
20231229,10:28:42,341.4,50,121400
20231229,10:29:12,340.0,50,121400
20231229,10:29:13,340.1,300,121400
20231229,10:29:14,338.9,350,121400
20231229,10:29:14,339.0,250,121400
20231229,10:29:16,339.3,100,121400
20231229,10:29:17,341.75,50,121950
20231229,10:29:31,344.0,500,121950
20231229,10:29:36,340.8,100,121950
20231229,10:29:46,341.2,50,121950
20231229,10:29:48,343.15,100,121950
20231229,10:29:51,341.6,50,121950
20231229,10:29:54,341.6,50,121950
20231229,10:29:55,342.3,250,121950
20231229,10:29:56,341.4,300,121950
20231229,10:29:59,340.8,250,121950
20231229,10:30:01,341.25,150,121950
20231229,10:30:12,338.45,150,121950
20231229,10:30:15,338.4,750,121950
20231229,10:30:21,334.85,450,121950
20231229,10:30:26,332.5,150,121950
20231229,10:30:38,339.35,200,121950
20231229,10:30:40,339.15,50,121950
20231229,10:30:47,339.05,50,121950
20231229,10:30:48,337.3,550,121950
20231229,10:30:54,336.15,250,121950
20231229,10:30:59,337.05,350,121950
20231229,10:31:12,333.1,250,121950
20231229,10:31:24,331.3,250,121950
20231229,10:31:26,331.15,50,121950
20231229,10:31:56,334.75,100,121950
20231229,10:32:00,332.7,450,121950
20231229,10:32:01,333.8,500,121950
20231229,10:32:02,332.95,600,121950
20231229,10:32:03,333.2,50,121950
20231229,10:32:12,334.15,50,121950
20231229,10:32:13,333.4,300,121950
20231229,10:32:15,333.15,150,121950
20231229,10:32:16,333.45,100,121950
20231229,10:32:17,333.6,100,122550
20231229,10:32:18,331.95,150,122550
20231229,10:32:20,331.15,350,122550
20231229,10:32:20,330.0,400,122550
20231229,10:32:21,328.5,200,122550
20231229,10:32:30,323.4,300,122550
20231229,10:32:31,322.8,650,122550
20231229,10:32:32,322.1,150,122550
20231229,10:32:36,326.6,550,122550
20231229,10:32:38,326.95,50,122550
20231229,10:32:58,329.9,50,122550
20231229,10:33:00,329.9,50,122550
20231229,10:33:02,325.8,350,122550
20231229,10:33:03,324.95,50,122550
20231229,10:33:36,323.45,200,122550
20231229,10:33:38,323.9,150,122550
20231229,10:33:39,323.45,100,122550
20231229,10:33:40,323.35,50,122550
20231229,10:33:45,322.35,50,122550
20231229,10:33:52,320.75,1200,122550
20231229,10:33:55,320.85,50,122550
20231229,10:33:58,323.45,50,122550
20231229,10:34:00,321.35,100,122550
20231229,10:34:01,322.5,250,122550
20231229,10:34:03,323.5,600,122550
20231229,10:34:04,322.35,100,122550
20231229,10:34:09,320.75,50,122550
20231229,10:34:10,320.3,150,122550
20231229,10:34:31,323.1,100,122550
20231229,10:34:53,325.2,100,122550
20231229,10:35:14,322.5,350,122550
20231229,10:35:15,322.45,100,122550
20231229,10:35:19,322.85,50,123000
20231229,10:35:25,323.05,100,123000
20231229,10:35:28,323.75,50,123000
20231229,10:35:30,323.4,50,123000
20231229,10:35:43,327.7,50,123000
20231229,10:35:54,327.5,100,123000
20231229,10:36:31,327.0,50,123000
20231229,10:36:37,323.2,300,123000
20231229,10:36:41,322.95,50,123000
20231229,10:36:55,318.9,1250,123000
20231229,10:36:58,318.75,600,123000
20231229,10:37:00,318.95,100,123000
20231229,10:37:06,315.75,950,123000
20231229,10:37:09,317.1,200,123000
20231229,10:37:12,317.95,450,123000
20231229,10:37:15,319.5,50,123000
20231229,10:37:30,319.55,3700,123000
20231229,10:37:31,318.85,6700,123000
20231229,10:37:48,320.2,3700,123000
20231229,10:37:49,320.3,5650,123000
20231229,10:37:51,320.3,550,123000
20231229,10:37:52,320.3,50,123000
20231229,10:37:53,320.55,400,123000
20231229,10:38:01,322.5,100,123000
20231229,10:38:02,323.25,750,123000
20231229,10:38:03,322.65,5850,123000
20231229,10:38:06,320.85,50,123000
20231229,10:38:10,319.65,800,123000
20231229,10:38:15,320.3,100,123000
20231229,10:39:13,322.15,250,144900
20231229,10:39:23,322.05,1000,144900
20231229,10:39:24,321.45,50,144900
20231229,10:39:25,321.05,50,144900
20231229,10:39:39,320.0,50,144900
20231229,10:39:41,320.3,1000,144900
20231229,10:39:42,319.55,250,144900
20231229,10:39:46,318.5,100,144900
20231229,10:40:39,321.25,50,144900
20231229,10:41:00,323.9,100,144900
20231229,10:41:11,325.4,700,144900
20231229,10:41:22,325.05,100,144900
20231229,10:41:24,324.6,250,144900
20231229,10:41:32,322.2,1400,144900
20231229,10:41:34,324.15,50,144900
20231229,10:41:51,324.3,50,144900
20231229,10:42:01,324.2,50,144900
20231229,10:42:02,324.15,150,144900
20231229,10:42:05,322.4,250,144900
20231229,10:42:30,322.4,500,144900
20231229,10:42:31,322.1,100,144900
20231229,10:42:44,321.0,50,144900
20231229,10:44:03,323.2,50,144900
20231229,10:44:19,320.95,50,144900
20231229,10:44:20,320.55,250,146350
20231229,10:44:30,320.75,250,146350
20231229,10:44:44,324.0,50,146350
20231229,10:45:30,326.25,250,146350
20231229,10:45:56,320.0,50,146350
20231229,10:45:58,319.3,50,146350
20231229,10:46:35,314.85,950,146350
20231229,10:46:35,314.55,400,146350
20231229,10:46:38,314.7,250,146350
20231229,10:46:40,313.4,150,146350
20231229,10:46:43,312.9,400,146350
20231229,10:46:44,311.7,150,146350
20231229,10:46:46,310.0,250,146350
20231229,10:46:48,311.55,100,146350
20231229,10:46:51,311.1,50,146350
20231229,10:46:54,311.6,250,146350
20231229,10:47:14,316.85,500,146350
20231229,10:47:17,315.0,50,146350
20231229,10:47:40,317.5,200,146900
20231229,10:47:47,319.85,150,146900
20231229,10:47:48,320.15,500,146900
20231229,10:47:54,317.7,50,146900
20231229,10:48:04,318.3,50,146900
20231229,10:48:41,318.0,50,146900
20231229,10:48:57,320.45,100,146900
20231229,10:48:59,321.55,350,146900
20231229,10:49:00,322.4,50,146900
20231229,10:49:09,324.0,50,146900
20231229,10:49:10,325.0,50,146900
20231229,10:49:13,327.8,1150,146900
20231229,10:49:15,328.85,1200,146900
20231229,10:49:17,331.45,50,146900
20231229,10:49:30,326.3,150,146900
20231229,10:50:31,325.0,50,145000
20231229,10:50:33,326.0,100,145000
20231229,10:50:34,325.0,100,145000
20231229,10:50:38,322.75,50,145000
20231229,10:50:43,325.25,50,145000
20231229,10:50:54,322.55,100,145000
20231229,10:50:58,321.6,250,145000
20231229,10:50:59,321.2,50,145000
20231229,10:51:01,323.6,450,145000
20231229,10:51:02,323.05,100,145000
20231229,10:51:04,323.35,200,145000
20231229,10:53:23,328.25,50,144950
20231229,10:53:39,330.25,500,144950
20231229,10:53:45,330.0,50,144950
20231229,10:53:49,329.2,300,144950
20231229,10:54:06,329.2,150,144950
20231229,10:54:09,333.55,150,144950
20231229,10:54:12,335.15,50,144950
20231229,10:54:20,335.35,50,144950
20231229,10:54:22,336.65,250,144950
20231229,10:54:24,336.0,150,144950
20231229,10:54:27,337.55,50,144950
20231229,10:54:30,337.35,100,144950
20231229,10:54:35,340.05,300,144950
20231229,10:54:38,340.85,50,144950
20231229,10:54:41,340.05,50,144950
20231229,10:54:45,338.95,500,144950
20231229,10:55:02,338.9,500,144950
20231229,10:55:04,337.65,50,144950
20231229,10:55:05,337.1,500,144950
20231229,10:55:23,332.7,100,144950
20231229,10:55:28,332.3,50,144950
20231229,10:55:58,331.85,100,144950
20231229,10:56:02,332.55,100,144950
20231229,10:56:03,331.25,50,144950
20231229,10:56:23,332.55,150,144050
20231229,10:56:36,329.85,50,144050
20231229,10:56:40,329.95,50,144050
20231229,10:57:27,329.75,100,144050
20231229,10:59:33,331.6,50,144050
20231229,10:59:42,333.35,100,144050
20231229,10:59:45,335.25,200,144050
20231229,11:00:00,330.9,50,144050
