date,time,tick_price,volume,open_interest
20231128,09:16:35,54.25,200,200
20231128,09:20:20,52.8,200,200
20231128,09:20:27,52.8,200,200
20231128,09:30:47,54.1,200,200
20231128,11:13:12,51.25,200,400
20231128,11:19:42,51.0,50,600
20231128,11:26:14,51.0,150,650
20231128,15:17:38,44.2,200,800
20231129,09:38:47,38.2,1,800
20231129,09:38:47,38.2,200,800
20231129,09:43:50,39.55,50,800
20231129,09:46:58,40.0,50,850
20231129,10:09:14,40.4,200,900
20231129,10:45:50,41.45,50,1100
20231130,10:08:26,39.55,1,1150
20231130,10:08:26,39.55,50,1150
20231130,13:47:53,39.5,50,1150
20231130,13:48:11,39.05,50,1150
20231204,10:19:36,16.6,1,1200
20231204,10:19:36,16.6,50,1200
20231204,10:25:26,18.0,400,1200
20231204,10:25:33,18.45,400,1200
20231204,10:25:41,18.55,400,1200
20231204,10:25:50,18.55,100,1200
20231204,11:15:12,18.6,150,600
20231204,11:15:21,18.6,100,600
20231204,11:16:11,18.6,50,600
20231204,12:40:51,19.55,50,900
20231204,14:54:08,19.55,50,950
20231204,15:16:03,19.6,150,1000
20231205,09:32:01,21.1,1,1150
20231205,09:32:01,21.1,50,1150
20231205,15:17:42,19.5,50,1100
20231206,13:19:14,19.5,1,1150
20231206,13:19:14,19.5,250,1150
20231206,14:34:30,21.0,150,1400
20231215,09:30:47,3.05,1,1400
20231215,09:30:47,3.05,100,1400
20231215,15:14:43,3.05,50,1500
20231218,10:48:47,10.9,1,1500
20231218,10:48:47,10.9,200,1500
20231218,11:00:51,7.15,350,1350
20231218,11:01:00,7.3,50,1350
20231218,11:01:17,7.15,200,1350
20231218,11:01:33,7.25,100,1350
20231218,11:01:50,7.3,50,1350
20231218,11:09:43,7.5,350,1350
20231218,11:11:33,7.3,100,1350
20231218,11:52:45,5.95,250,1750
20231218,11:53:33,5.95,350,1750
20231218,15:25:45,6.15,550,1650
20231218,15:26:05,5.95,50,1650
20231219,10:51:12,6.8,1,1650
20231219,10:51:12,6.8,50,1650
20231219,11:16:27,6.75,50,1700
20231219,11:17:04,6.3,250,1700
20231219,11:17:52,6.3,250,1700
20231219,11:18:20,5.35,50,1200
20231219,11:49:27,5.35,100,1150
20231219,11:54:48,6.45,150,1050
20231219,12:30:59,6.75,50,1050
20231219,12:31:34,5.8,50,1050
20231219,13:33:33,6.3,100,1000
20231219,15:00:18,6.8,200,1000
20231219,15:11:15,6.65,50,1200
20231219,15:21:49,6.6,50,1150
20231219,15:23:57,5.15,750,1150
20231219,15:24:35,5.15,600,1600
20231220,14:55:45,6.65,1,1600
20231220,14:55:45,6.65,50,1600
20231220,14:56:05,6.5,50,1600
20231220,14:56:25,6.5,100,1600
20231220,14:57:13,6.45,100,1600
20231226,09:59:48,3.05,1,1600
20231226,09:59:48,3.05,50,1600
20231226,10:10:28,3.05,200,1550
20231226,12:10:16,3.05,300,1700
20231226,12:12:08,3.05,200,1600
20231226,12:47:35,3.05,50,1600
20231226,15:15:33,3.0,500,1600
20231226,15:15:49,3.0,500,1600
20231227,09:25:18,3.1,1,2100
20231227,09:25:18,3.1,50,2100
20231227,09:39:22,3.45,50,2150
20231227,10:50:33,3.45,50,2200
20231227,11:13:43,3.35,150,2250
20231227,11:15:29,3.15,150,2300
20231227,12:05:33,3.3,50,2300
20231227,12:06:05,3.1,50,2300
20231227,12:09:29,3.2,100,2300
20231227,13:33:06,3.15,100,2200
20231227,13:38:13,3.15,50,2200
20231227,15:05:54,3.1,250,2250
20231227,15:06:51,3.1,200,2500
20231227,15:07:29,3.1,200,2500
20231227,15:09:40,3.15,300,2900
20231227,15:09:49,3.15,300,2900
20231227,15:10:07,3.15,250,2900
20231227,15:12:15,3.15,250,2900
20231227,15:12:54,3.15,250,3850
20231227,15:13:58,3.2,100,3850
20231227,15:14:07,3.2,300,3850
20231227,15:14:25,3.15,100,3850
20231227,15:19:15,3.0,100,4150
20231228,10:14:47,3.0,1,4150
20231228,10:14:47,3.45,700,4150
20231228,10:15:11,3.05,300,4850
20231228,10:15:27,2.2,100,4850
20231228,10:18:13,2.1,100,4850
20231228,10:21:20,1.95,400,4750
20231228,10:22:23,1.95,700,4750
20231228,10:22:31,2.1,50,4750
20231228,10:23:11,2.05,100,4750
20231228,10:23:19,2.05,600,4750
20231228,10:23:52,2.1,450,4750
20231228,10:24:34,2.1,200,6350
20231228,10:24:42,2.1,250,6350
20231228,10:28:01,2.1,250,6800
20231228,10:29:00,2.05,50,6800
20231228,10:30:07,2.15,1800,6950
20231228,10:30:21,2.1,1000,6950
20231228,10:31:05,2.25,300,6950
20231228,10:36:55,2.4,50,9500
20231228,10:40:00,2.35,500,9500
20231228,10:40:18,2.3,250,9500
20231228,10:47:01,2.25,100,9000
20231228,10:58:42,2.5,50,9000
20231228,10:58:48,2.25,50,9000
20231228,10:59:47,2.35,1300,9000
20231228,11:00:10,2.35,200,8350
20231228,11:00:16,2.3,450,8350
20231228,11:00:22,2.25,150,8350
20231228,11:00:35,2.3,150,8350
20231228,11:00:41,2.35,150,8350
20231228,11:01:31,2.3,400,8350
20231228,11:01:37,2.3,700,8350
20231228,11:01:48,2.35,200,8350
20231228,11:02:14,2.4,100,8350
20231228,11:02:57,2.35,300,8350
20231228,11:03:03,2.35,200,8350
20231228,11:06:45,2.3,50,6700
20231228,11:07:58,2.25,200,6700
20231228,11:08:34,2.2,200,6700
20231228,11:09:10,2.2,200,6700
20231228,11:09:20,2.25,400,6700
20231228,11:09:43,2.2,200,6700
20231228,11:10:54,2.25,200,6700
20231228,11:11:02,2.25,200,6700
20231228,12:11:09,2.0,150,6900
20231228,13:01:01,2.1,250,6750
20231228,13:02:16,2.0,500,6750
20231228,13:02:46,2.0,50,6750
20231228,13:02:59,2.0,50,6750
20231228,13:39:12,2.0,50,7300
20231228,13:52:25,2.45,100,7300
20231228,13:55:42,2.35,1150,7300
20231228,13:55:46,2.2,400,7300
20231228,13:56:23,2.25,1350,7300
20231228,13:57:45,2.3,650,6850
20231228,14:00:43,2.35,1000,7250
20231228,14:01:38,2.35,100,7250
20231228,14:01:55,2.4,100,7250
20231228,14:02:33,2.35,50,7250
20231228,14:02:56,2.3,100,7250
20231228,14:03:58,2.4,200,7950
20231228,14:04:03,2.4,200,7950
20231228,14:04:54,2.4,2450,7950
20231228,14:05:58,2.5,50,7950
20231228,14:08:17,2.35,100,8450
20231228,14:08:22,2.35,150,8450
20231228,14:10:48,2.4,400,8350
20231228,14:16:28,2.4,50,8350
20231228,14:30:37,2.4,50,8300
20231228,14:33:39,2.5,50,8300
20231228,14:33:52,2.65,100,8300
20231228,14:36:05,2.4,50,8300
20231228,14:36:26,2.35,200,8300
20231228,14:37:04,2.4,150,8600
20231228,14:37:12,2.4,1100,8600
20231228,14:37:29,2.4,50,8600
20231228,14:37:37,2.35,2750,8600
20231228,14:37:54,2.35,200,8600
20231228,14:38:15,2.35,1500,8600
20231228,14:38:20,2.4,2200,8600
20231228,14:38:24,2.4,700,8600
20231228,14:38:48,2.35,200,8600
20231228,14:39:48,2.3,50,13700
20231228,14:40:02,2.35,50,13700
20231228,14:40:07,2.35,250,13700
20231228,14:40:18,2.35,650,13700
20231228,14:40:23,2.35,2300,13700
20231228,14:40:58,2.35,600,13700
20231228,14:41:11,2.35,1000,13700
20231228,14:41:17,2.3,400,13700
20231228,14:41:59,2.3,300,13700
20231228,14:42:31,2.25,200,13700
20231228,14:43:44,2.2,200,14950
20231228,14:44:02,2.2,500,14950
20231228,14:44:21,2.15,200,14950
20231228,14:44:26,2.15,700,14950
20231228,14:44:31,2.15,200,14950
20231228,14:44:35,2.1,100,14950
20231228,14:44:57,2.1,1200,14950
20231228,14:45:19,2.15,200,14950
20231228,14:48:23,2.25,2200,16300
20231228,14:52:07,2.1,1650,18300
20231228,14:52:18,2.15,1800,18300
20231228,14:54:45,2.15,200,19850
20231228,14:54:55,2.2,850,19850
20231228,14:55:34,2.1,400,19850
20231228,14:56:42,2.1,900,19850
20231228,14:56:46,2.1,900,19850
20231228,14:57:25,2.05,200,19850
20231228,14:57:35,2.0,3600,21950
20231228,14:57:40,2.0,100,21950
20231228,14:57:47,2.0,100,21950
20231228,14:57:57,2.0,2000,21950
20231228,14:58:38,2.05,750,21950
20231228,14:59:56,2.05,3600,21950
20231228,15:00:11,2.05,1200,21950
20231228,15:00:30,2.05,2900,21950
20231228,15:00:36,2.05,1800,32100
20231228,15:02:11,2.05,4300,32100
20231228,15:02:35,2.2,250,32100
20231228,15:03:33,2.15,650,32100
20231228,15:03:39,2.2,1850,38600
20231228,15:03:45,2.2,350,38600
20231228,15:04:18,2.2,2600,38600
20231228,15:04:23,2.2,2200,38600
20231228,15:04:28,2.15,50,38600
20231228,15:04:33,2.25,1200,38600
20231228,15:04:38,2.2,2150,38600
20231228,15:04:44,2.2,2200,38600
20231228,15:04:54,2.25,1600,38600
20231228,15:05:04,2.25,500,38600
20231228,15:05:21,2.2,1800,38600
20231228,15:05:28,2.2,400,38600
20231228,15:05:41,2.2,50,38600
20231228,15:05:56,2.2,3700,38600
20231228,15:06:02,2.2,1800,38600
20231228,15:06:07,2.2,400,38600
20231228,15:06:17,2.2,900,38600
20231228,15:06:22,2.2,300,38600
20231228,15:06:27,2.2,200,38600
20231228,15:06:32,2.25,1800,38600
20231228,15:06:37,2.25,2200,45800
20231228,15:07:05,2.25,400,45800
20231228,15:07:10,2.25,2250,45800
20231228,15:07:19,2.25,400,45800
20231228,15:07:43,2.2,5000,45800
20231228,15:07:54,2.25,500,45800
20231228,15:08:32,2.25,1800,45800
20231228,15:08:48,2.25,1000,45800
20231228,15:09:03,2.25,400,45800
20231228,15:09:15,2.25,1800,45800
20231228,15:09:53,2.15,500,50900
20231228,15:10:19,2.15,300,50900
20231228,15:10:23,2.2,100,50900
20231228,15:10:28,2.15,2100,50900
20231228,15:10:33,2.15,850,50900
20231228,15:10:39,2.15,3600,50900
20231228,15:10:49,2.2,50,50900
20231228,15:10:54,2.15,750,50900
20231228,15:10:59,2.2,50,50900
20231228,15:11:14,2.2,100,50900
20231228,15:11:22,2.15,100,50900
20231228,15:11:27,2.2,100,50900
20231228,15:11:41,2.15,100,50900
20231228,15:12:09,2.25,300,50900
20231228,15:12:22,2.2,250,50900
20231228,15:12:46,2.15,350,52750
20231228,15:12:50,2.2,200,52750
20231228,15:13:46,2.15,1800,52750
20231228,15:14:33,2.15,2850,52750
20231228,15:14:54,2.15,50,52750
20231228,15:16:04,2.15,1400,56500
20231228,15:16:32,2.15,1600,56500
20231228,15:16:50,2.2,3700,56500
20231228,15:16:57,2.15,6000,56500
20231228,15:17:03,2.2,100,56500
20231228,15:17:14,2.15,200,56500
20231228,15:17:20,2.2,450,56500
20231228,15:17:26,2.2,3750,56500
20231228,15:17:43,2.2,300,56500
20231228,15:18:21,2.25,150,56500
20231228,15:19:09,2.2,1000,71100
20231228,15:19:46,2.2,1000,71100
20231228,15:19:57,2.2,50,71100
20231228,15:21:30,2.15,200,71100
20231228,15:21:41,2.15,200,71550
20231228,15:22:09,2.15,200,71550
20231228,15:22:16,2.15,3650,71550
20231228,15:22:42,2.1,50,71550
20231228,15:24:19,2.05,850,71550
20231228,15:24:41,2.0,150,75250
20231228,15:27:25,2.2,50,75250
20231228,15:27:31,2.2,500,75250
20231228,15:27:53,2.05,1250,75100
20231228,15:28:13,2.05,350,75100
20231228,15:28:27,2.05,50,75100
20231228,15:29:18,2.0,100,75100
20231228,15:29:31,2.15,50,75100
20231228,15:29:36,1.95,1000,75100
20231228,15:29:41,2.0,850,75100
20231228,15:29:46,2.0,50,75100
20231228,15:29:58,2.2,50,75100
20231229,09:15:04,2.0,1,75100
20231229,09:15:04,2.0,100,75100
20231229,09:15:05,1.95,100,74200
20231229,09:15:06,1.95,400,74200
20231229,09:15:08,2.0,50,74200
20231229,09:15:09,1.55,100,74200
20231229,09:15:10,1.55,750,74200
20231229,09:15:15,1.75,650,74200
20231229,09:15:16,1.85,900,74200
20231229,09:15:18,1.85,250,74200
20231229,09:15:23,1.85,250,74200
20231229,09:15:31,1.85,900,74200
20231229,09:15:32,1.85,400,74200
20231229,09:15:34,1.85,300,74200
20231229,09:15:35,1.85,850,74200
20231229,09:15:37,1.85,50,74200
20231229,09:15:42,1.8,650,74200
20231229,09:15:57,1.75,100,74200
20231229,09:15:58,1.8,1800,74200
20231229,09:16:02,1.75,250,74200
20231229,09:16:04,1.75,1800,74200
20231229,09:16:05,1.8,3950,74200
20231229,09:16:07,1.75,1300,74200
20231229,09:16:09,1.8,1800,74200
20231229,09:16:11,1.8,450,74200
20231229,09:16:15,1.8,50,74200
20231229,09:16:30,1.8,100,74200
20231229,09:16:34,1.75,100,74200
20231229,09:16:38,1.8,1000,74200
20231229,09:16:53,1.85,250,74200
20231229,09:16:59,1.85,2300,74200
20231229,09:17:12,1.9,600,77950
20231229,09:17:18,1.9,1800,77950
20231229,09:17:51,1.85,100,77950
20231229,09:18:08,1.85,1400,77950
20231229,09:18:11,1.85,50,77950
20231229,09:18:12,1.85,450,77950
20231229,09:18:23,1.8,150,77950
20231229,09:18:26,1.8,100,77950
20231229,09:18:39,1.8,1800,77950
20231229,09:18:48,1.8,1800,77950
20231229,09:18:52,1.8,1800,77950
20231229,09:18:58,1.85,150,77950
20231229,09:19:08,1.8,50,77950
20231229,09:19:13,1.85,1800,77950
20231229,09:19:15,1.8,1800,77950
20231229,09:20:51,1.75,200,78900
20231229,09:21:28,1.8,2150,78900
20231229,09:21:42,1.8,200,78900
20231229,09:22:52,1.75,50,78900
20231229,09:23:03,1.8,600,78900
20231229,09:23:33,1.75,1800,78900
20231229,09:24:32,1.8,100,77600
20231229,09:25:10,1.8,50,77600
20231229,09:25:34,1.8,1800,77600
20231229,09:25:39,1.75,2000,77600
20231229,09:26:19,1.75,100,77600
20231229,09:26:29,1.75,1150,77550
20231229,09:26:35,1.7,50,77550
20231229,09:27:01,1.75,100,77550
20231229,09:27:18,1.7,400,77550
20231229,09:27:26,1.65,50,77550
20231229,09:27:30,1.7,1300,77550
20231229,09:27:31,1.7,50,77550
20231229,09:27:34,1.7,600,77550
20231229,09:27:56,1.7,1500,77550
20231229,09:28:13,1.65,1250,77550
20231229,09:28:21,1.65,100,77550
20231229,09:28:30,1.65,300,77550
20231229,09:28:39,1.65,800,77550
20231229,09:28:42,1.65,1000,77550
20231229,09:28:42,1.65,100,77550
20231229,09:30:20,1.65,150,76150
20231229,09:30:25,1.65,200,76150
20231229,09:31:05,1.65,1950,76150
20231229,09:31:06,1.7,1500,76150
20231229,09:32:05,1.65,100,76150
20231229,09:32:08,1.7,400,76150
20231229,09:32:52,1.75,200,75550
20231229,09:33:01,1.7,500,75550
20231229,09:33:04,1.7,400,75550
20231229,09:33:41,1.65,50,75550
20231229,09:33:42,1.65,1000,75550
20231229,09:33:42,1.65,1500,75550
20231229,09:33:43,1.65,1500,75550
20231229,09:35:03,1.65,1800,75550
20231229,09:35:11,1.7,700,77400
20231229,09:35:33,1.7,500,77400
20231229,09:35:40,1.7,550,77400
20231229,09:36:20,1.7,750,77400
20231229,09:36:50,1.65,550,77400
20231229,09:36:54,1.7,1000,77400
20231229,09:37:00,1.7,300,77400
20231229,09:38:13,1.65,750,77400
20231229,09:38:55,1.7,100,77450
20231229,09:39:05,1.65,200,77450
20231229,09:39:33,1.65,250,77450
20231229,09:39:34,1.65,950,77450
20231229,09:39:35,1.7,250,77450
20231229,09:39:50,1.7,400,77450
20231229,09:39:54,1.6,800,77450
20231229,09:40:55,1.6,50,77450
20231229,09:41:04,1.6,50,77450
20231229,09:41:06,1.6,300,77450
20231229,09:42:12,1.6,150,78200
20231229,09:42:23,1.6,150,78200
20231229,09:42:48,1.6,150,78200
20231229,09:42:58,1.5,600,78200
20231229,09:43:06,1.55,2000,78200
20231229,09:43:07,1.55,700,78200
20231229,09:43:07,1.55,100,78200
20231229,09:43:17,1.5,50,78200
20231229,09:43:18,1.5,1900,78200
20231229,09:43:19,1.55,50,78200
20231229,09:43:36,1.5,150,78200
20231229,09:43:42,1.55,50,78200
20231229,09:43:43,1.5,1100,78200
20231229,09:43:43,1.55,200,78200
20231229,09:43:44,1.5,800,78200
20231229,09:43:46,1.45,6200,78200
20231229,09:43:46,1.4,1800,78200
20231229,09:43:51,1.4,1000,78200
20231229,09:43:52,1.35,1000,78200
20231229,09:43:58,1.45,200,78200
20231229,09:43:59,1.45,150,78200
20231229,09:44:13,1.5,150,78200
20231229,09:44:35,1.4,400,71650
20231229,09:44:36,1.45,200,71650
20231229,09:44:42,1.4,1300,71650
20231229,09:44:43,1.45,200,71650
20231229,09:44:48,1.45,150,71650
20231229,09:44:52,1.45,150,71650
20231229,09:44:54,1.45,50,71650
20231229,09:45:02,1.4,1300,71650
20231229,09:45:02,1.4,400,71650
20231229,09:45:06,1.4,50,71650
20231229,09:45:08,1.4,150,71650
20231229,09:45:11,1.35,2450,71650
20231229,09:45:12,1.35,2050,71650
20231229,09:45:17,1.4,250,71650
20231229,09:45:26,1.4,150,71650
20231229,09:45:54,1.35,500,71650
20231229,09:46:00,1.4,150,71650
20231229,09:46:04,1.35,750,71650
20231229,09:46:05,1.3,1800,71650
20231229,09:46:06,1.3,150,71650
20231229,09:46:09,1.35,600,71650
20231229,09:46:16,1.3,200,71650
20231229,09:46:27,1.35,150,71650
20231229,09:46:29,1.35,50,71650
20231229,09:46:31,1.35,250,71650
20231229,09:46:32,1.35,150,71650
20231229,09:46:33,1.35,100,71650
20231229,09:46:35,1.35,950,71650
20231229,09:46:36,1.35,300,71650
20231229,09:46:37,1.35,400,71650
20231229,09:46:39,1.35,150,71650
20231229,09:46:40,1.35,100,71650
20231229,09:46:45,1.35,600,71650
20231229,09:46:46,1.3,50,71650
20231229,09:46:53,1.4,550,71650
20231229,09:47:03,1.35,250,71650
20231229,09:47:12,1.3,2600,68950
20231229,09:47:47,1.35,400,68950
20231229,09:47:49,1.35,350,68950
20231229,09:47:50,1.35,1800,68950
20231229,09:48:03,1.4,150,68950
20231229,09:48:07,1.4,100,68950
20231229,09:48:43,1.45,50,68950
20231229,09:48:57,1.4,350,68950
20231229,09:49:08,1.35,1800,68950
20231229,09:49:58,1.4,200,68950
20231229,09:50:00,1.4,250,68950
20231229,09:50:02,1.35,150,68950
20231229,09:50:02,1.35,50,68950
20231229,09:50:03,1.4,350,68950
20231229,09:50:15,1.35,250,68950
20231229,09:50:43,1.35,2000,68400
20231229,09:51:02,1.4,150,68400
20231229,09:51:12,1.35,950,68400
20231229,09:51:20,1.35,250,68400
20231229,09:51:36,1.35,250,68400
20231229,09:51:54,1.35,300,68400
20231229,09:51:57,1.35,50,68400
20231229,09:52:01,1.4,50,68400
20231229,09:52:07,1.35,1800,68400
20231229,09:52:10,1.35,850,68400
20231229,09:52:10,1.35,1800,68400
20231229,09:52:11,1.35,800,68400
20231229,09:52:12,1.3,200,68400
20231229,09:52:28,1.3,150,68400
20231229,09:52:30,1.3,50,68400
20231229,09:52:33,1.35,350,68400
20231229,09:52:48,1.3,50,68400
20231229,09:53:07,1.3,400,68400
20231229,09:53:10,1.3,50,68400
20231229,09:53:16,1.3,300,68400
20231229,09:53:20,1.3,50,60800
20231229,09:53:21,1.3,50,60800
20231229,09:54:19,1.3,250,60800
20231229,09:54:20,1.3,1550,60800
20231229,09:54:25,1.3,50,60800
20231229,09:54:29,1.25,100,60800
20231229,09:54:47,1.25,200,60800
20231229,09:55:15,1.2,6350,60800
20231229,09:55:16,1.15,2100,60800
20231229,09:55:23,1.2,50,60800
20231229,09:55:23,1.2,100,60800
20231229,09:55:24,1.2,50,60800
20231229,09:55:28,1.2,200,60800
20231229,09:55:35,1.2,450,60800
20231229,09:55:39,1.2,1950,60800
20231229,09:55:44,1.1,3600,60800
20231229,09:55:44,1.1,2850,60800
20231229,09:55:45,1.1,150,60800
20231229,09:56:01,1.15,900,60800
20231229,09:56:12,1.15,200,60800
20231229,09:56:16,1.15,50,55600
20231229,09:56:19,1.2,1800,55600
20231229,09:56:22,1.15,450,55600
20231229,09:56:25,1.15,750,55600
20231229,09:56:30,1.05,5800,55600
20231229,09:56:46,1.05,450,55600
20231229,09:56:48,1.0,11500,55600
20231229,09:56:49,1.0,1850,55600
20231229,09:56:51,1.0,600,55600
20231229,09:56:52,1.1,500,55600
20231229,09:56:54,1.1,150,55600
20231229,09:56:55,1.1,1350,55600
20231229,09:57:03,1.1,1800,55600
20231229,09:57:04,1.1,1800,55600
20231229,09:57:05,1.1,2300,55600
20231229,09:57:10,1.1,400,55600
20231229,09:57:16,1.15,350,55600
20231229,09:57:19,1.1,600,55600
20231229,09:57:38,1.1,150,55600
20231229,09:58:08,1.1,500,55600
20231229,09:58:57,1.15,250,55600
20231229,09:58:58,1.15,150,55600
20231229,09:59:05,1.1,500,55600
20231229,09:59:06,1.1,800,55600
20231229,09:59:10,1.1,1100,55600
20231229,09:59:10,1.1,150,55600
20231229,09:59:25,1.15,300,59850
20231229,09:59:39,1.15,600,59850
20231229,09:59:47,1.15,500,59850
20231229,09:59:48,1.1,200,59850
20231229,10:00:12,1.15,1800,59850
20231229,10:00:17,1.1,1800,59850
20231229,10:00:19,1.1,250,59850
20231229,10:00:38,1.1,400,59850
20231229,10:01:40,1.15,1800,59850
20231229,10:01:52,1.1,750,59850
20231229,10:05:40,1.1,250,59100
20231229,10:05:50,1.1,150,59100
20231229,10:06:17,1.1,2050,59100
20231229,10:06:22,1.1,150,59100
20231229,10:06:27,1.1,1900,59100
20231229,10:06:46,1.1,1800,59100
20231229,10:06:48,1.1,50,59100
20231229,10:06:58,1.1,1600,59100
20231229,10:07:00,1.1,1300,59100
20231229,10:07:06,1.1,50,59100
20231229,10:07:57,1.1,800,59100
20231229,10:08:36,1.05,500,59100
20231229,10:08:40,1.05,250,58350
20231229,10:08:54,1.05,950,58350
20231229,10:09:06,1.05,700,58350
20231229,10:10:15,1.1,50,58350
20231229,10:11:50,1.1,1000,58350
20231229,10:13:14,1.1,500,59100
20231229,10:13:31,1.1,1000,59100
20231229,10:14:08,1.1,100,59100
20231229,10:14:12,1.1,50,59100
20231229,10:15:12,1.15,100,59100
20231229,10:16:34,1.15,50,59100
20231229,10:17:31,1.15,1800,59100
20231229,10:17:41,1.15,900,59100
20231229,10:17:58,1.15,550,59100
20231229,10:17:59,1.15,200,59100
20231229,10:18:09,1.15,2800,59100
20231229,10:20:57,1.1,50,57300
20231229,10:22:17,1.15,250,57300
20231229,10:22:30,1.1,300,57300
20231229,10:23:57,1.15,250,57300
20231229,10:24:02,1.15,650,57300
20231229,10:24:09,1.15,250,57300
20231229,10:24:17,1.15,250,57300
20231229,10:24:51,1.15,250,57300
20231229,10:24:52,1.15,100,57300
20231229,10:25:40,1.1,500,57300
20231229,10:25:47,1.15,1300,57300
20231229,10:25:48,1.2,50,57300
20231229,10:25:49,1.15,450,57300
20231229,10:25:50,1.15,50,57300
20231229,10:25:56,1.15,1750,57300
20231229,10:26:05,1.25,3500,57300
20231229,10:26:16,1.25,1000,57300
20231229,10:26:17,1.25,700,56950
20231229,10:26:38,1.35,500,56950
20231229,10:26:41,1.3,100,56950
20231229,10:26:59,1.3,2300,56950
20231229,10:27:07,1.3,100,56950
20231229,10:27:09,1.3,1800,56950
20231229,10:27:16,1.3,50,56950
20231229,10:27:41,1.3,150,56950
20231229,10:27:43,1.25,550,56950
20231229,10:27:44,1.25,200,56950
20231229,10:28:10,1.3,1500,56950
20231229,10:28:11,1.25,150,56950
20231229,10:28:34,1.3,100,56950
20231229,10:28:42,1.3,500,56950
20231229,10:28:45,1.25,1800,56950
20231229,10:28:46,1.3,50,56950
20231229,10:29:11,1.25,850,56950
20231229,10:29:16,1.25,550,56950
20231229,10:29:16,1.3,200,52600
20231229,10:29:19,1.25,1050,52600
20231229,10:29:20,1.3,3600,52600
20231229,10:29:25,1.25,1000,52600
20231229,10:29:26,1.25,100,52600
20231229,10:30:14,1.2,950,52600
20231229,10:30:17,1.25,200,52600
20231229,10:30:18,1.25,50,52600
20231229,10:30:20,1.25,250,52600
20231229,10:30:25,1.25,100,52600
20231229,10:30:30,1.25,250,52600
20231229,10:30:41,1.25,150,52600
20231229,10:30:42,1.3,3900,52600
20231229,10:31:09,1.25,550,52600
20231229,10:31:13,1.3,700,52600
20231229,10:31:44,1.25,200,52600
20231229,10:31:49,1.25,50,52600
20231229,10:31:56,1.25,250,52600
20231229,10:32:03,1.25,250,52600
20231229,10:32:16,1.2,650,49300
20231229,10:32:25,1.25,200,49300
20231229,10:32:29,1.25,550,49300
20231229,10:32:30,1.25,100,49300
20231229,10:33:03,1.3,1000,49300
20231229,10:33:32,1.3,50,49300
20231229,10:33:35,1.3,50,49300
20231229,10:34:25,1.3,600,49300
20231229,10:34:56,1.3,1150,49300
20231229,10:35:14,1.3,700,49300
20231229,10:35:19,1.3,600,49300
20231229,10:35:40,1.25,200,50300
20231229,10:35:52,1.25,1900,50300
20231229,10:36:18,1.3,600,50300
20231229,10:36:35,1.3,250,50300
20231229,10:36:47,1.3,250,50300
20231229,10:37:03,1.3,500,50300
20231229,10:37:04,1.3,250,50300
20231229,10:37:06,1.3,350,50300
20231229,10:37:06,1.35,3650,50300
20231229,10:37:10,1.35,100,50300
20231229,10:37:24,1.3,250,50300
20231229,10:37:36,1.35,500,50300
20231229,10:39:38,1.35,900,50300
20231229,10:39:39,1.4,350,52450
20231229,10:39:42,1.4,100,52450
20231229,10:40:24,1.4,1200,52450
20231229,10:40:26,1.5,1350,52450
20231229,10:40:34,1.4,100,52450
20231229,10:40:55,1.4,300,52450
20231229,10:41:07,1.4,300,52450
20231229,10:41:11,1.45,300,52450
20231229,10:41:12,1.45,2150,52450
20231229,10:41:13,1.45,200,52450
20231229,10:41:20,1.45,1300,52000
20231229,10:41:23,1.4,1500,52000
20231229,10:41:45,1.45,50,52000
20231229,10:42:03,1.45,500,52000
20231229,10:42:04,1.4,1000,52000
20231229,10:42:05,1.45,50,52000
20231229,10:42:06,1.5,1550,52000
20231229,10:42:07,1.5,250,52000
20231229,10:42:15,1.45,250,52000
20231229,10:42:42,1.45,100,52000
20231229,10:43:11,1.5,250,52000
20231229,10:43:12,1.5,1550,52000
20231229,10:43:13,1.45,2100,52000
20231229,10:43:28,1.55,400,52000
20231229,10:43:43,1.5,300,52000
20231229,10:43:52,1.6,50,52000
20231229,10:44:07,1.5,50,52000
20231229,10:44:16,1.5,350,52000
20231229,10:44:18,1.55,2150,52000
20231229,10:44:24,1.5,600,52350
20231229,10:44:26,1.55,300,52350
20231229,10:44:34,1.5,1100,52350
20231229,10:44:35,1.55,550,52350
20231229,10:44:49,1.5,150,52350
20231229,10:47:22,1.45,250,51800
20231229,10:47:39,1.45,350,51800
20231229,10:47:39,1.45,650,51800
20231229,10:47:40,1.4,350,51800
20231229,10:49:23,1.4,550,51800
20231229,10:49:38,1.4,450,51800
20231229,10:49:53,1.35,50,51800
20231229,10:49:55,1.4,100,51800
20231229,10:49:57,1.4,250,51800
20231229,10:50:25,1.4,250,51500
20231229,10:51:16,1.35,50,51500
20231229,10:53:38,1.35,50,51500
20231229,10:54:39,1.35,50,51500
20231229,10:56:18,1.4,200,51500
20231229,10:57:09,1.35,50,51500
20231229,11:00:28,1.4,100,51500
20231229,11:02:35,1.35,50,51500
20231229,11:02:37,1.35,50,51500
20231229,11:02:48,1.35,250,51500
20231229,11:04:38,1.35,500,51500
20231229,11:05:20,1.35,100,51500
20231229,11:07:45,1.3,50,51500
20231229,11:09:08,1.3,250,51500
20231229,11:09:40,1.3,50,51500
20231229,11:13:44,1.3,350,51500
20231229,11:14:20,1.3,50,51500
20231229,11:16:10,1.3,100,51550
20231229,11:16:21,1.3,150,51550
20231229,11:16:22,1.3,150,51550
20231229,11:17:41,1.3,150,51550
20231229,11:18:27,1.3,900,51800
20231229,11:19:50,1.25,400,51800
20231229,11:20:06,1.25,300,51800
20231229,11:20:07,1.25,2150,51800
20231229,11:20:11,1.3,350,51800
20231229,11:20:45,1.25,100,51800
20231229,11:21:19,1.25,850,50300
20231229,11:28:32,1.25,250,50300
20231229,11:28:42,1.25,250,50300
20231229,11:28:54,1.25,300,50300
20231229,11:29:52,1.25,250,51100
20231229,11:29:57,1.25,350,51100
20231229,11:30:26,1.25,350,51100
20231229,11:32:11,1.3,200,51100
20231229,11:33:09,1.3,50,51400
20231229,11:33:16,1.25,50,51400
20231229,11:35:36,1.3,100,51400
20231229,11:35:47,1.35,50,51350
20231229,11:39:34,1.25,50,51400
20231229,11:39:47,1.25,50,51400
20231229,11:40:10,1.25,50,51400
20231229,11:42:07,1.3,250,51400
20231229,11:42:16,1.3,250,51350
20231229,11:42:26,1.3,100,51350
20231229,11:42:41,1.3,350,51350
20231229,11:42:43,1.3,50,51350
20231229,11:42:45,1.3,50,51350
20231229,11:49:00,1.25,50,51350
20231229,11:51:55,1.25,50,52000
20231229,11:56:48,1.25,50,52000
20231229,12:04:56,1.25,50,51950
20231229,12:07:39,1.3,50,52000
20231229,12:15:44,1.3,650,51950
20231229,12:19:15,1.35,50,52350
20231229,12:20:16,1.35,550,52350
20231229,12:21:12,1.35,50,52950
20231229,12:23:04,1.35,50,52950
20231229,12:24:16,1.35,200,52950
20231229,12:24:16,1.35,100,53050
20231229,12:24:31,1.35,850,53050
20231229,12:24:33,1.4,50,53050
20231229,12:24:34,1.4,50,53050
20231229,12:24:35,1.4,100,53050
20231229,12:25:09,1.35,200,53050
20231229,12:25:51,1.4,50,53050
20231229,12:26:46,1.4,50,53050
20231229,12:27:00,1.35,850,53250
20231229,12:27:26,1.4,50,53250
20231229,12:28:26,1.35,300,53250
20231229,12:29:55,1.35,250,52300
20231229,12:30:04,1.35,250,52300
20231229,12:30:28,1.35,500,52300
20231229,12:30:29,1.35,400,52300
20231229,12:32:13,1.3,50,52300
20231229,12:32:37,1.3,50,52300
20231229,12:43:01,1.3,150,51250
20231229,12:46:24,1.3,450,51250
20231229,12:46:46,1.3,50,51250
20231229,12:47:07,1.35,50,51250
20231229,12:47:24,1.3,100,51250
20231229,12:48:03,1.3,50,51150
20231229,12:48:21,1.3,250,51150
20231229,12:48:32,1.3,250,51150
20231229,12:48:41,1.3,150,51150
20231229,12:48:51,1.3,50,51150
20231229,12:50:36,1.3,150,51150
20231229,12:51:13,1.3,350,51050
20231229,12:51:50,1.3,150,51050
20231229,12:52:22,1.3,350,51050
20231229,12:52:59,1.3,300,51050
20231229,12:53:10,1.25,50,51050
20231229,12:53:11,1.3,150,51050
20231229,12:53:48,1.25,400,51050
20231229,12:53:55,1.3,150,51050
20231229,12:54:29,1.25,1050,51050
20231229,13:00:47,1.3,50,51050
20231229,13:00:56,1.25,50,51450
20231229,13:03:12,1.25,100,51450
20231229,13:04:59,1.3,400,51450
20231229,13:05:02,1.3,500,51450
20231229,13:05:40,1.3,400,51450
20231229,13:06:27,1.3,400,51450
20231229,13:08:10,1.3,50,51450
20231229,13:19:59,1.35,50,51400
20231229,13:24:14,1.3,200,51400
20231229,13:29:35,1.3,250,51350
20231229,13:29:59,1.3,250,51350
20231229,13:30:05,1.3,100,51350
20231229,13:30:13,1.35,150,51350
20231229,13:30:26,1.35,150,51350
20231229,13:30:44,1.35,150,51350
20231229,13:31:21,1.35,150,51350
20231229,13:32:03,1.3,50,51350
20231229,13:32:04,1.35,100,51350
20231229,13:33:12,1.35,150,51250
20231229,13:39:56,1.35,150,51250
20231229,13:40:10,1.35,150,51250
20231229,13:40:42,1.35,150,51250
20231229,13:41:34,1.35,150,51250
20231229,13:42:29,1.35,150,51300
20231229,13:42:59,1.3,50,51300
20231229,13:43:00,1.25,150,51300
20231229,13:43:02,1.25,900,51300
20231229,13:43:04,1.25,550,51300
20231229,13:47:49,1.3,50,51250
20231229,13:49:02,1.3,700,51250
20231229,13:49:03,1.3,100,51250
20231229,13:49:04,1.3,250,51250
20231229,13:49:57,1.3,500,51250
20231229,13:50:08,1.3,350,51250
20231229,13:50:11,1.3,50,51250
20231229,13:50:58,1.35,50,51450
20231229,13:51:04,1.4,150,51450
20231229,13:51:05,1.35,50,51450
20231229,13:52:01,1.4,800,51450
20231229,13:52:03,1.45,450,51450
20231229,13:52:09,1.4,500,51450
20231229,13:52:10,1.4,50,51450
20231229,13:52:11,1.4,50,51450
20231229,13:52:18,1.45,200,51450
20231229,13:52:19,1.45,1350,51450
20231229,13:52:20,1.45,50,51450
20231229,13:52:32,1.5,50,51450
20231229,13:52:33,1.45,100,51450
20231229,13:52:49,1.45,50,51450
20231229,13:53:04,1.5,150,51450
20231229,13:53:23,1.5,2050,51450
20231229,13:53:52,1.5,3250,51450
20231229,13:53:53,1.6,2050,52950
20231229,13:54:01,1.55,150,52950
20231229,13:54:02,1.55,1050,52950
20231229,13:54:11,1.55,400,52950
20231229,13:54:13,1.55,150,52950
20231229,13:54:20,1.55,50,52950
20231229,13:54:27,1.55,400,52950
20231229,13:55:02,1.6,150,52950
20231229,13:55:02,1.55,450,52950
20231229,13:55:04,1.55,300,52950
20231229,13:55:20,1.55,250,52950
20231229,13:55:37,1.5,500,52950
20231229,13:56:02,1.55,550,52950
20231229,13:57:02,1.55,550,52950
20231229,13:57:54,1.5,200,55950
20231229,13:58:03,1.55,50,55950
20231229,13:58:04,1.6,100,55950
20231229,13:59:40,1.55,50,55950
20231229,13:59:58,1.55,50,56300
20231229,14:00:00,1.5,1800,56300
20231229,14:00:02,1.5,1250,56300
20231229,14:00:04,1.45,300,56300
20231229,14:00:16,1.5,100,56300
20231229,14:00:21,1.55,5150,56300
20231229,14:02:59,1.5,750,57850
20231229,14:03:26,1.5,300,57850
20231229,14:03:41,1.5,50,57850
20231229,14:03:44,1.5,50,57850
20231229,14:04:10,1.5,200,57850
20231229,14:04:29,1.55,50,57850
20231229,14:05:15,1.45,50,57850
20231229,14:07:59,1.45,100,57850
20231229,14:08:21,1.45,1000,57750
20231229,14:08:27,1.45,50,57750
20231229,14:15:12,1.45,600,57750
20231229,14:16:31,1.45,350,57750
20231229,14:16:35,1.45,1000,57750
20231229,14:16:57,1.4,1800,57750
20231229,14:16:57,1.4,800,57750
20231229,14:16:58,1.4,50,57750
20231229,14:17:06,1.4,50,57750
20231229,14:20:45,1.4,50,59700
20231229,14:20:49,1.4,50,59750
20231229,14:22:23,1.3,50,59750
20231229,14:23:19,1.3,1500,59750
20231229,14:25:19,1.4,50,59700
20231229,14:25:25,1.4,50,59700
20231229,14:28:13,1.3,1150,59700
20231229,14:28:17,1.35,50,59700
20231229,14:28:37,1.3,550,59700
20231229,14:29:29,1.3,200,59700
20231229,14:31:40,1.25,1250,59700
20231229,14:34:20,1.3,50,59700
20231229,14:34:22,1.3,1500,58700
20231229,14:35:19,1.3,200,58700
20231229,14:35:35,1.3,200,58700
20231229,14:35:52,1.4,2500,57300
20231229,14:35:52,1.4,950,57300
20231229,14:35:56,1.3,50,57300
20231229,14:36:04,1.35,400,57300
20231229,14:39:03,1.35,500,57300
20231229,14:39:11,1.35,50,59250
20231229,14:39:51,1.35,500,59250
20231229,14:41:54,1.35,50,59250
20231229,14:46:32,1.3,50,58850
20231229,14:53:18,1.3,50,58800
20231229,14:53:19,1.3,250,58800
20231229,14:53:20,1.3,100,58800
20231229,14:53:40,1.3,200,58800
20231229,14:53:51,1.3,50,58800
20231229,14:55:35,1.3,250,59000
20231229,15:00:11,1.25,1700,58600
20231229,15:00:22,1.3,50,58600
20231229,15:00:53,1.3,500,58600
20231229,15:00:57,1.3,150,58600
20231229,15:01:13,1.35,500,58600
20231229,15:01:16,1.3,150,58600
20231229,15:02:00,1.3,250,58600
20231229,15:02:00,1.3,50,58600
20231229,15:02:15,1.3,250,58600
20231229,15:02:25,1.3,250,58600
20231229,15:02:43,1.35,200,58600
20231229,15:02:50,1.3,100,58600
20231229,15:03:31,1.35,500,57250
20231229,15:03:34,1.3,200,57250
20231229,15:04:06,1.3,200,57250
20231229,15:04:12,1.35,250,57250
20231229,15:04:37,1.35,1600,57250
20231229,15:04:40,1.4,400,57250
20231229,15:04:43,1.45,2150,57250
20231229,15:04:44,1.6,1450,57250
20231229,15:04:46,1.4,150,57250
20231229,15:05:02,1.55,450,57250
20231229,15:05:13,1.45,1200,57250
20231229,15:05:14,1.45,250,57250
20231229,15:05:16,1.45,400,57250
20231229,15:05:33,1.55,250,57250
20231229,15:05:42,1.45,750,57250
20231229,15:05:48,1.5,400,57250
20231229,15:05:58,1.45,50,57250
20231229,15:06:02,1.45,900,59250
20231229,15:06:06,1.45,50,59250
20231229,15:06:07,1.45,500,59250
20231229,15:06:19,1.45,1400,59250
20231229,15:08:09,1.45,50,59250
20231229,15:08:39,1.45,500,59250
20231229,15:09:38,1.45,50,59250
20231229,15:10:45,1.35,250,60400
20231229,15:11:14,1.45,3900,60400
20231229,15:11:20,1.4,200,60400
20231229,15:11:48,1.5,200,60400
20231229,15:12:09,1.45,200,62350
20231229,15:12:28,1.4,50,62350
20231229,15:12:39,1.45,550,62350
20231229,15:12:56,1.45,50,62350
20231229,15:15:29,1.45,250,62350
20231229,15:15:51,1.4,200,62000
20231229,15:16:28,1.45,250,62000
20231229,15:16:34,1.4,200,62000
20231229,15:16:35,1.35,100,62000
20231229,15:16:38,1.45,50,62000
20231229,15:16:45,1.4,450,62000
20231229,15:16:48,1.45,50,62000
20231229,15:16:54,1.45,250,62000
20231229,15:17:07,1.5,150,62000
20231229,15:17:38,1.4,150,62000
20231229,15:18:08,1.45,500,62450
20231229,15:18:10,1.4,50,62450
20231229,15:18:36,1.5,600,62450
20231229,15:18:48,1.4,800,62450
20231229,15:20:00,1.4,300,62450
20231229,15:20:22,1.45,200,62450
20231229,15:20:29,1.4,50,62450
20231229,15:22:22,1.35,50,62450
20231229,15:23:01,1.4,50,63400
20231229,15:23:09,1.4,250,63400
20231229,15:23:34,1.4,50,63400
20231229,15:24:01,1.4,400,63400
20231229,15:24:41,1.45,800,63400
20231229,15:25:04,1.35,100,63400
20231229,15:25:07,1.35,100,63400
20231229,15:25:14,1.35,100,63400
20231229,15:25:16,1.35,100,63400
20231229,15:25:23,1.35,50,63400
20231229,15:26:01,1.4,50,63400
20231229,15:26:09,1.4,100,63400
20231229,15:26:14,1.55,400,63400
20231229,15:26:34,1.45,200,63400
20231229,15:27:56,1.35,500,63400
20231229,15:29:48,1.15,200,62750
20231229,15:29:50,1.25,50,62750
20240101,09:15:04,1.45,1,61000
20240101,09:15:04,1.45,50,61000
20240101,09:16:40,1.3,100,61000
20240101,09:17:21,1.25,300,61000
20240101,09:17:24,1.3,100,61050
20240101,09:17:49,1.3,200,61050
20240101,09:17:53,1.25,600,61050
20240101,09:17:53,1.25,50,61050
20240101,09:18:03,1.25,200,61050
20240101,09:18:24,1.3,400,61050
20240101,09:18:30,1.25,1200,61050
20240101,09:18:51,1.2,850,61050
20240101,09:19:00,1.2,50,61050
20240101,09:19:10,1.2,150,61050
20240101,09:19:14,1.2,100,61050
20240101,09:19:22,1.2,300,61050
20240101,09:19:22,1.25,150,61050
20240101,09:19:38,1.2,250,61050
20240101,09:19:44,1.25,500,61050
20240101,09:20:02,1.2,50,61050
20240101,09:20:17,1.25,200,60500
20240101,09:20:17,1.25,50,60500
20240101,09:20:41,1.25,1850,60500
20240101,09:21:00,1.2,450,60500
20240101,09:21:41,1.2,700,60500
20240101,09:21:43,1.2,550,60500
20240101,09:21:47,1.2,300,60500
20240101,09:22:13,1.2,200,60500
20240101,09:23:13,1.2,400,60500
20240101,09:24:02,1.2,200,60500
20240101,09:24:03,1.2,400,60650
20240101,09:24:04,1.2,850,60650
20240101,09:26:25,1.25,50,62050
20240101,09:26:37,1.25,600,62050
20240101,09:27:50,1.2,200,62050
20240101,09:28:33,1.15,200,62050
20240101,09:30:00,1.15,2050,62100
20240101,09:30:00,1.15,200,62100
20240101,09:30:24,1.25,200,62100
20240101,09:32:58,1.25,200,62100
20240101,09:41:16,1.2,150,62600
20240101,09:48:12,1.25,50,62600
20240101,09:49:45,1.2,50,62700
20240101,09:51:17,1.25,50,62700
20240101,09:51:20,1.25,250,62700
20240101,09:52:39,1.3,150,62700
20240101,09:52:56,1.3,200,62700
20240101,09:53:36,1.25,200,63200
20240101,09:53:39,1.3,200,63200
20240101,09:53:39,1.3,150,63200
20240101,09:53:40,1.3,50,63200
20240101,09:53:45,1.3,150,63200
20240101,09:54:40,1.25,700,63200
20240101,09:55:01,1.3,100,63200
20240101,09:55:02,1.3,250,63200
20240101,09:55:05,1.3,400,63200
20240101,09:55:06,1.4,200,63200
20240101,09:55:07,1.35,1800,63200
20240101,09:55:08,1.4,650,63200
20240101,09:55:09,1.4,350,63200
20240101,09:55:12,1.4,100,63200
20240101,09:55:13,1.4,1500,63200
20240101,09:55:14,1.5,350,63200
20240101,09:55:17,1.5,50,63200
20240101,09:55:24,1.5,100,63200
20240101,09:55:25,1.45,50,63200
20240101,09:55:31,1.45,50,63200
20240101,09:55:40,1.4,700,63200
20240101,09:56:05,1.4,50,63200
20240101,09:56:09,1.45,250,63200
20240101,09:56:10,1.45,300,63200
20240101,09:56:15,1.35,400,63200
20240101,09:56:16,1.35,2250,63200
20240101,09:56:23,1.35,200,63200
20240101,09:56:29,1.45,50,64950
20240101,09:56:37,1.35,250,64950
20240101,09:56:39,1.3,350,64950
20240101,09:56:40,1.4,550,64950
20240101,09:56:41,1.3,50,64950
20240101,09:56:46,1.35,600,64950
20240101,09:57:00,1.4,100,64950
20240101,09:57:01,1.4,200,64950
20240101,09:57:03,1.4,650,64950
20240101,09:57:04,1.3,250,64950
20240101,09:57:06,1.3,250,64950
20240101,09:57:09,1.45,200,64950
20240101,09:57:10,1.45,1800,64950
20240101,09:57:11,1.4,150,64950
20240101,09:57:13,1.45,100,64950
20240101,09:57:18,1.45,250,64950
20240101,09:57:25,1.45,100,64950
20240101,09:57:26,1.45,300,64950
20240101,09:57:27,1.45,450,64950
20240101,09:57:33,1.45,50,64950
20240101,09:57:35,1.45,1500,64950
20240101,09:57:44,1.45,500,64950
20240101,09:57:49,1.5,200,64950
20240101,09:57:58,1.4,100,64950
20240101,09:58:06,1.45,50,64950
20240101,09:58:27,1.4,50,64950
20240101,09:58:30,1.4,250,64950
20240101,09:58:58,1.4,50,64950
20240101,09:59:24,1.4,200,64950
20240101,09:59:25,1.4,100,69250
20240101,10:05:28,1.35,800,69250
20240101,10:06:54,1.35,50,69350
20240101,10:07:28,1.35,150,69350
20240101,10:08:27,1.35,100,68500
20240101,10:08:28,1.35,250,68500
20240101,10:08:34,1.35,100,68500
20240101,10:08:40,1.35,250,68500
20240101,10:08:49,1.35,200,68500
20240101,10:09:04,1.35,50,68500
20240101,10:10:29,1.35,650,68500
20240101,10:11:13,1.35,100,68500
20240101,10:11:24,1.3,500,69350
20240101,10:11:25,1.3,50,69350
20240101,10:13:21,1.3,250,69350
20240101,10:13:38,1.3,100,69350
20240101,10:17:28,1.25,50,68850
20240101,10:17:31,1.25,250,68850
20240101,10:18:22,1.3,200,68850
20240101,10:18:27,1.3,200,68850
20240101,10:18:29,1.3,100,68850
20240101,10:20:07,1.25,450,68850
20240101,10:21:00,1.25,200,68850
20240101,10:21:31,1.25,300,69050
20240101,10:21:45,1.2,50,69050
20240101,10:24:36,1.15,100,68850
20240101,10:24:45,1.15,50,68850
20240101,10:25:38,1.2,100,68850
20240101,10:34:24,1.15,150,68900
20240101,10:35:05,1.2,50,68900
20240101,10:37:31,1.15,50,68700
20240101,10:38:18,1.15,50,68700
20240101,10:38:19,1.15,50,68700
20240101,10:40:32,1.15,50,68700
20240101,10:40:56,1.15,50,68700
20240101,10:47:07,1.2,400,68750
20240101,10:47:20,1.2,200,68750
20240101,10:47:26,1.2,50,68750
20240101,10:47:27,1.2,50,68750
20240101,10:47:32,1.2,50,68600
20240101,10:57:40,1.25,1000,68600
20240101,10:57:41,1.25,600,68500
20240101,10:58:43,1.2,1800,68500
20240101,10:58:44,1.2,1900,68500
20240101,10:58:45,1.2,50,68500
20240101,10:58:46,1.2,50,68500
20240101,10:58:52,1.2,50,68500
20240101,10:59:54,1.2,50,68500
20240101,11:00:35,1.2,50,72050
20240101,11:02:18,1.2,50,72050
20240101,11:11:29,1.2,250,72200
20240101,11:13:41,1.2,2150,72200
20240101,11:13:45,1.2,1800,72450
20240101,11:24:07,1.15,250,72450
20240101,11:24:24,1.15,100,69400
20240101,11:24:49,1.15,250,69400
20240101,11:25:01,1.1,200,69400
20240101,11:26:20,1.1,600,69400
20240101,11:26:20,1.15,50,69400
20240101,11:26:38,1.15,50,70000
20240101,11:32:08,1.15,250,70050
20240101,11:32:21,1.15,50,70050
20240101,11:32:50,1.15,50,70000
20240101,11:33:12,1.15,250,70000
20240101,11:33:27,1.15,100,70000
20240101,11:33:29,1.15,250,70000
20240101,11:33:35,1.15,50,70000
20240101,11:37:04,1.15,1100,70000
20240101,11:37:28,1.1,950,69800
20240101,11:37:29,1.15,1050,69800
20240101,11:40:17,1.1,50,69800
20240101,11:42:43,1.15,400,67550
20240101,11:42:43,1.15,800,67550
20240101,11:42:44,1.15,2400,67550
20240101,11:42:45,1.15,2200,67550
20240101,11:43:07,1.1,150,67550
20240101,11:48:39,1.1,150,67550
20240101,11:58:45,1.1,250,61800
20240101,12:09:55,1.1,50,61750
20240101,12:10:25,1.15,100,61750
20240101,12:10:26,1.15,1800,61750
20240101,12:10:27,1.15,400,61750
20240101,12:10:28,1.15,100,61750
20240101,12:10:32,1.15,2100,61750
20240101,12:10:34,1.15,50,61750
20240101,12:10:48,1.15,500,61750
20240101,12:10:48,1.15,4050,61750
20240101,12:10:56,1.15,1800,61750
20240101,12:10:57,1.15,1800,61750
20240101,12:10:59,1.15,200,61750
20240101,12:11:01,1.15,1800,61750
20240101,12:11:02,1.1,1800,61750
20240101,12:11:04,1.2,2400,61750
20240101,12:11:08,1.1,850,61750
20240101,12:11:09,1.1,50,61750
20240101,12:11:11,1.1,100,61750
20240101,12:11:12,1.05,1800,61750
20240101,12:11:13,1.2,3200,61750
20240101,12:11:14,1.2,100,61750
20240101,12:11:16,1.2,1500,61750
20240101,12:11:17,1.2,400,61750
20240101,12:11:18,1.05,400,61750
20240101,12:11:19,1.05,400,61750
20240101,12:11:20,1.2,1100,61750
20240101,12:11:25,1.15,300,61750
20240101,12:11:27,1.15,350,61750
20240101,12:11:27,1.15,100,61750
20240101,12:11:28,0.85,7450,61750
20240101,12:11:29,1.2,4150,61750
20240101,12:11:30,1.2,150,61750
20240101,12:11:31,1.1,500,61750
20240101,12:11:32,1.15,1650,61750
20240101,12:11:38,1.15,400,61750
20240101,12:11:47,1.2,300,66800
20240101,12:11:48,1.25,100,66800
20240101,12:12:08,1.25,1350,66800
20240101,12:12:09,1.25,1650,66800
20240101,12:12:10,1.3,5250,66800
20240101,12:12:11,1.2,1900,66800
20240101,12:12:12,1.3,4250,66800
20240101,12:12:13,1.3,11600,66800
20240101,12:12:14,1.65,11550,66800
20240101,12:12:15,1.35,2800,66800
20240101,12:12:16,1.35,1750,66800
20240101,12:12:17,1.35,4000,66800
20240101,12:12:19,1.3,400,66800
20240101,12:12:20,1.35,1450,66800
20240101,12:12:22,1.25,2200,66800
20240101,12:12:22,1.3,500,66800
20240101,12:12:23,1.75,5100,66800
20240101,12:12:45,1.35,6750,66800
20240101,12:12:46,1.35,2800,66800
20240101,12:12:58,1.25,1100,66800
20240101,12:13:11,1.35,300,66800
20240101,12:13:12,1.35,150,66800
20240101,12:13:13,1.35,50,66800
20240101,12:14:00,1.3,150,66800
20240101,12:14:08,1.35,50,66800
20240101,12:14:24,1.4,100,66800
20240101,12:14:34,1.35,600,66800
20240101,12:14:39,1.4,250,66800
20240101,12:14:51,1.4,650,66800
20240101,12:15:12,1.45,1800,71000
20240101,12:15:55,1.4,1150,71000
20240101,12:15:57,1.4,250,71000
20240101,12:16:00,1.35,100,71000
20240101,12:16:07,1.4,300,71000
20240101,12:16:08,1.35,2450,71000
20240101,12:16:08,1.45,1350,71000
20240101,12:16:09,1.3,18350,71000
20240101,12:16:10,1.35,800,71000
20240101,12:16:12,1.3,550,71000
20240101,12:16:16,1.3,1000,71000
20240101,12:16:36,1.35,150,71000
20240101,12:16:55,1.35,1000,71000
20240101,12:17:03,1.35,400,71000
20240101,12:17:36,1.3,550,71000
20240101,12:18:40,1.25,50,71000
20240101,12:20:55,1.3,100,71950
20240101,12:22:08,1.2,1150,71900
20240101,12:22:15,1.25,50,71900
20240101,12:22:20,1.25,200,71900
20240101,12:22:29,1.2,50,71900
20240101,12:24:14,1.2,50,71650
20240101,12:26:15,1.2,50,71650
20240101,12:28:50,1.2,150,71550
20240101,12:28:52,1.25,50,71550
20240101,12:29:13,1.2,400,71550
20240101,12:29:14,1.2,50,71550
20240101,12:29:15,1.15,2300,71550
20240101,12:30:15,1.15,50,70800
20240101,12:30:22,1.2,350,70800
20240101,12:31:13,1.15,400,70800
20240101,12:40:19,1.2,1400,70800
20240101,12:44:54,1.15,700,70400
20240101,12:44:54,1.15,550,70000
20240101,12:49:11,1.15,450,70000
20240101,12:50:58,1.15,100,69250
20240101,12:54:00,1.15,500,69250
20240101,12:54:13,1.25,1950,69250
20240101,13:04:21,1.25,50,70250
20240101,13:06:54,1.25,50,70200
20240101,13:06:59,1.25,50,70200
20240101,13:10:31,1.2,500,70200
20240101,13:24:45,1.2,100,69800
20240101,13:50:32,1.25,250,69800
20240101,13:50:32,1.25,600,69800
20240101,13:52:29,1.25,250,69800
20240101,13:52:39,1.25,250,69250
20240101,13:57:23,1.25,150,69250
20240101,13:58:27,1.3,500,69750
20240101,13:58:28,1.25,200,69750
20240101,13:58:32,1.3,150,69750
20240101,13:58:41,1.35,1750,69750
20240101,13:58:42,1.4,2500,69750
20240101,13:58:57,1.35,800,69750
20240101,13:59:07,1.4,1100,69750
20240101,13:59:10,1.4,50,69750
20240101,13:59:12,1.45,2050,69750
20240101,13:59:31,1.45,450,69750
20240101,13:59:50,1.45,300,69750
20240101,13:59:51,1.45,1600,69750
20240101,14:00:07,1.45,1450,72300
20240101,14:00:28,1.45,1800,72300
20240101,14:00:30,1.4,1500,72300
20240101,14:00:32,1.4,300,72300
20240101,14:00:45,1.4,250,72300
20240101,14:00:48,1.4,400,72300
20240101,14:00:56,1.35,2250,72300
20240101,14:01:00,1.35,50,72300
20240101,14:01:15,1.4,250,72300
20240101,14:01:37,1.4,300,72300
20240101,14:01:37,1.4,250,72300
20240101,14:01:54,1.4,250,72300
20240101,14:02:02,1.4,250,72300
20240101,14:02:05,1.4,250,72300
20240101,14:02:08,1.4,250,72300
20240101,14:02:10,1.4,50,72300
20240101,14:02:11,1.4,700,72300
20240101,14:02:22,1.45,1400,72300
20240101,14:02:43,1.45,50,72300
20240101,14:02:44,1.45,50,72300
20240101,14:02:45,1.45,50,72300
20240101,14:02:47,1.45,50,72300
20240101,14:03:29,1.45,100,72300
20240101,14:03:49,1.45,250,76700
20240101,14:03:52,1.45,250,76700
20240101,14:04:15,1.5,500,76700
20240101,14:04:16,1.5,300,76700
20240101,14:04:17,1.5,250,76700
20240101,14:04:18,1.5,900,76700
20240101,14:04:22,1.55,1550,76700
20240101,14:04:24,1.5,50,76700
20240101,14:04:49,1.6,850,76700
20240101,14:04:50,1.6,50,76700
20240101,14:04:54,1.7,1850,76700
20240101,14:05:03,1.6,100,76700
20240101,14:05:07,1.6,700,76700
20240101,14:05:07,1.7,2200,76700
20240101,14:05:09,1.6,250,76700
20240101,14:05:15,1.7,2250,76700
20240101,14:05:18,1.65,500,76700
20240101,14:05:22,1.75,500,76700
20240101,14:05:28,1.75,50,76700
20240101,14:05:40,1.7,450,76700
20240101,14:05:41,1.7,300,76700
20240101,14:05:43,1.7,500,76700
20240101,14:05:50,1.65,100,76700
20240101,14:05:55,1.65,150,76700
20240101,14:05:56,1.65,500,76700
20240101,14:05:59,1.65,250,82000
20240101,14:06:00,1.65,150,82000
20240101,14:06:01,1.65,450,82000
20240101,14:06:04,1.7,50,82000
20240101,14:06:04,1.75,3100,82000
20240101,14:06:05,1.7,700,82000
20240101,14:06:06,1.7,150,82000
20240101,14:06:11,1.75,2050,82000
20240101,14:06:14,1.65,250,82000
20240101,14:06:22,1.65,4600,82000
20240101,14:06:23,1.65,1050,82000
20240101,14:06:28,1.65,50,82000
20240101,14:06:42,1.7,50,82000
20240101,14:06:54,1.7,400,82000
20240101,14:06:54,1.65,800,82000
20240101,14:07:01,1.7,1800,82000
20240101,14:07:06,1.65,800,82000
20240101,14:07:22,1.6,450,82000
20240101,14:07:30,1.55,900,82000
20240101,14:07:40,1.65,500,82000
20240101,14:07:45,1.6,1800,82000
20240101,14:07:50,1.6,1450,82000
20240101,14:07:51,1.6,50,82000
20240101,14:08:06,1.65,50,82000
20240101,14:08:13,1.65,100,82000
20240101,14:08:41,1.6,50,82000
20240101,14:09:10,1.6,100,82000
20240101,14:10:11,1.55,300,90050
20240101,14:10:48,1.55,150,90050
20240101,14:10:48,1.55,1100,90050
20240101,14:10:50,1.55,50,90050
20240101,14:10:58,1.6,650,90050
20240101,14:11:33,1.6,50,90050
20240101,14:11:50,1.65,100,90050
20240101,14:11:56,1.65,300,90050
20240101,14:12:07,1.65,400,88800
20240101,14:12:09,1.65,100,88800
20240101,14:12:10,1.65,2050,88800
20240101,14:12:19,1.65,1000,88800
20240101,14:12:32,1.65,400,88800
20240101,14:12:33,1.65,150,88800
20240101,14:12:36,1.65,1500,88800
20240101,14:12:39,1.65,550,88800
20240101,14:13:28,1.65,500,88800
20240101,14:13:34,1.65,450,88800
20240101,14:13:37,1.65,300,88800
20240101,14:13:39,1.65,250,88800
20240101,14:13:49,1.65,200,88800
20240101,14:14:06,1.65,3300,88800
20240101,14:14:07,1.65,300,88800
20240101,14:14:20,1.65,450,88800
20240101,14:14:23,1.65,200,88800
20240101,14:14:40,1.65,250,88800
20240101,14:14:42,1.65,50,88800
20240101,14:14:46,1.65,550,88800
20240101,14:14:46,1.65,1750,88800
20240101,14:14:47,1.7,250,88800
20240101,14:14:57,1.7,650,88800
20240101,14:15:50,1.7,350,97300
20240101,14:15:52,1.7,250,97300
20240101,14:17:22,1.8,1000,97300
20240101,14:17:29,1.8,1800,97300
20240101,14:17:53,1.75,500,97300
20240101,14:17:55,1.8,2600,97300
20240101,14:17:57,1.8,800,97300
20240101,14:17:58,1.85,300,97300
20240101,14:18:00,1.9,1800,100350
20240101,14:18:01,1.9,300,100350
20240101,14:18:03,1.9,2450,100350
20240101,14:18:06,1.9,300,100350
20240101,14:18:07,1.95,2150,100350
20240101,14:18:09,1.95,1800,100350
20240101,14:18:09,1.95,400,100350
20240101,14:18:15,1.95,2050,100350
20240101,14:18:19,1.95,100,100350
20240101,14:18:20,2.0,1800,100350
20240101,14:18:42,2.0,50,100350
20240101,14:18:53,1.95,450,100350
20240101,14:18:54,2.0,1800,100350
20240101,14:19:12,1.95,800,100350
20240101,14:19:16,1.95,550,100350
20240101,14:19:17,1.95,250,100350
20240101,14:19:56,1.9,100,100350
20240101,14:20:02,1.9,1800,100350
20240101,14:21:26,1.85,550,100350
20240101,14:21:27,1.85,350,110050
20240101,14:21:28,1.8,3000,110050
20240101,14:21:36,1.8,2950,110050
20240101,14:21:44,1.8,1100,110050
20240101,14:21:45,1.8,50,110050
20240101,14:21:46,1.8,300,110050
20240101,14:21:47,1.8,250,110050
20240101,14:22:41,1.75,100,110050
20240101,14:23:15,1.75,250,110050
20240101,14:23:38,1.75,50,110050
20240101,14:24:27,1.7,100,110050
20240101,14:25:02,1.75,200,112300
20240101,14:25:14,1.75,2050,112300
20240101,14:25:28,1.75,200,112300
20240101,14:25:35,1.7,1150,112300
20240101,14:27:28,1.6,100,112200
20240101,14:27:49,1.7,100,112200
20240101,14:28:06,1.7,300,112200
20240101,14:29:36,1.7,300,112200
20240101,14:29:47,1.75,150,112200
20240101,14:29:50,1.75,350,112200
20240101,14:30:11,1.75,100,112200
20240101,14:30:26,1.7,100,112200
20240101,14:30:56,1.7,50,112200
20240101,14:31:06,1.7,200,112200
20240101,14:31:55,1.75,300,112200
20240101,14:34:05,1.75,500,111750
20240101,14:34:30,1.7,350,111750
20240101,14:34:31,1.7,300,111750
20240101,14:35:35,1.7,800,111750
20240101,14:35:35,1.7,400,111750
20240101,14:35:37,1.7,50,111750
20240101,14:35:38,1.75,100,111750
20240101,14:35:45,1.7,50,111750
20240101,14:36:21,1.7,50,111750
20240101,14:39:01,1.65,50,112950
20240101,14:39:25,1.7,50,113000
20240101,14:40:17,1.6,250,113000
20240101,14:40:17,1.6,50,113000
20240101,14:40:22,1.65,150,113000
20240101,14:40:32,1.65,50,113000
20240101,14:42:25,1.65,650,113000
20240101,14:42:48,1.7,50,113150
20240101,14:43:14,1.75,450,113150
20240101,14:43:42,1.75,150,113150
20240101,14:43:44,1.75,100,113150
20240101,14:43:46,1.75,50,113150
20240101,14:43:52,1.8,150,113150
20240101,14:43:54,1.75,50,113150
20240101,14:43:56,1.95,2300,113150
20240101,14:43:57,1.8,100,113150
20240101,14:44:00,1.9,50,113150
20240101,14:44:06,1.85,600,113150
20240101,14:44:13,1.85,250,113150
20240101,14:44:27,1.85,50,113150
20240101,14:45:11,1.85,100,113350
20240101,14:45:34,1.9,50,113350
20240101,14:45:35,1.9,100,113350
20240101,14:45:38,1.9,50,113350
20240101,14:46:10,1.9,200,113350
20240101,14:47:20,1.8,650,113350
20240101,14:47:22,1.9,50,113350
20240101,14:48:05,1.8,1050,113400
20240101,14:48:11,1.8,50,113400
20240101,14:48:20,1.7,350,113400
20240101,14:49:09,1.8,250,113400
20240101,14:49:12,1.8,250,113400
20240101,14:49:55,1.8,300,113400
20240101,14:50:14,1.8,300,113400
20240101,14:50:19,1.8,250,113400
20240101,14:50:21,1.8,250,113400
20240101,14:50:23,1.8,200,113400
20240101,14:51:04,1.85,50,113400
20240101,14:52:04,1.8,200,113200
20240101,14:52:09,1.75,200,113200
20240101,14:52:38,1.8,450,113200
20240101,14:53:24,1.75,250,113200
20240101,14:53:26,1.75,50,113200
20240101,14:53:30,1.75,50,113200
20240101,14:53:32,1.75,50,113200
20240101,14:53:38,1.75,50,113200
20240101,14:53:43,1.75,1700,113200
20240101,14:54:21,1.8,100,114400
20240101,14:54:35,1.75,800,114400
20240101,14:54:36,1.75,600,114400
20240101,14:54:38,1.75,150,114400
20240101,14:56:18,1.8,350,114400
20240101,14:56:35,1.8,200,114400
20240101,14:56:46,1.8,500,114400
20240101,14:56:57,1.85,1000,114400
20240101,14:57:23,1.8,100,114400
20240101,14:57:24,1.8,100,114400
20240101,14:57:32,1.8,100,114400
20240101,14:57:49,1.8,50,114400
20240101,14:58:07,1.8,200,114400
20240101,14:58:08,1.8,200,114400
20240101,14:58:09,1.8,400,114400
20240101,14:58:10,1.85,1200,114400
20240101,14:58:14,1.8,200,114400
20240101,14:58:15,1.8,200,114400
20240101,14:58:16,1.8,200,114400
20240101,14:58:17,1.8,400,114400
20240101,14:58:18,1.8,400,114400
20240101,14:58:34,1.85,850,114400
20240101,14:58:50,1.8,400,114400
20240101,14:58:52,1.8,400,114400
20240101,14:58:53,1.8,200,114400
20240101,14:58:54,1.8,400,114400
20240101,14:59:20,1.8,200,114400
20240101,14:59:58,1.85,350,114400
20240101,15:00:05,1.8,200,114400
20240101,15:00:07,1.85,1400,117600
20240101,15:00:08,1.8,600,117600
20240101,15:00:08,1.8,200,117600
20240101,15:00:13,1.8,200,117600
20240101,15:00:16,1.8,200,117600
20240101,15:00:23,1.8,200,117600
20240101,15:00:27,1.85,300,117600
20240101,15:01:04,1.8,250,117600
20240101,15:01:07,1.8,250,117600
20240101,15:01:08,1.8,350,117600
20240101,15:01:10,1.8,250,117600
20240101,15:01:33,1.7,1600,117600
20240101,15:01:42,1.7,250,117600
20240101,15:01:50,1.7,250,117600
20240101,15:02:08,1.65,1250,117600
20240101,15:02:45,1.6,100,117600
20240101,15:04:08,1.65,200,119400
20240101,15:05:29,1.65,400,119400
20240101,15:06:14,1.6,200,119100
20240101,15:07:59,1.65,250,119100
20240101,15:09:00,1.6,100,119100
20240101,15:09:03,1.65,100,119100
20240101,15:09:03,1.65,150,119100
20240101,15:09:24,1.65,150,119100
20240101,15:09:59,1.65,550,118750
20240101,15:10:23,1.6,300,118750
20240101,15:10:24,1.6,300,118750
20240101,15:11:19,1.5,1250,118750
20240101,15:12:02,1.5,250,118750
20240101,15:13:23,1.5,800,118750
20240101,15:13:24,1.5,1400,118600
20240101,15:13:25,1.5,1200,118600
20240101,15:13:38,1.5,200,118600
20240101,15:13:47,1.5,400,118600
20240101,15:13:48,1.5,400,118600
20240101,15:13:49,1.5,400,118600
20240101,15:13:51,1.5,200,118600
20240101,15:14:08,1.5,200,118600
20240101,15:14:10,1.5,200,118600
20240101,15:14:26,1.55,500,118600
20240101,15:14:46,1.5,400,118600
20240101,15:14:47,1.5,200,118600
20240101,15:14:50,1.5,200,118600
20240101,15:14:52,1.5,200,118600
20240101,15:14:55,1.5,200,118600
20240101,15:14:57,1.5,200,118600
20240101,15:15:03,1.45,900,118600
20240101,15:15:26,1.4,500,116800
20240101,15:15:27,1.45,1200,116800
20240101,15:15:55,1.4,1650,116800
20240101,15:16:12,1.4,100,116800
20240101,15:16:25,1.35,1500,116800
20240101,15:16:40,1.4,100,116800
20240101,15:16:42,1.4,200,116800
20240101,15:16:47,1.45,50,116800
20240101,15:18:37,1.45,450,113450
20240101,15:18:48,1.45,300,113450
20240101,15:18:58,1.45,250,113450
20240101,15:19:14,1.4,650,113450
20240101,15:20:03,1.5,200,113450
20240101,15:20:07,1.5,1100,113450
20240101,15:20:21,1.5,250,113450
20240101,15:20:32,1.5,300,113450
20240101,15:20:34,1.5,300,113450
20240101,15:20:50,1.45,50,113450
20240101,15:21:46,1.45,100,113450
20240101,15:21:59,1.45,250,115650
20240101,15:22:21,1.4,500,115650
20240101,15:22:49,1.45,250,115650
20240101,15:23:17,1.45,50,115650
20240101,15:23:24,1.45,50,115650
20240101,15:24:47,1.55,50,115650
20240101,15:25:17,1.4,100,115650
20240101,15:25:18,1.4,50,115650
20240101,15:25:38,1.4,650,115650
20240101,15:25:39,1.3,1000,115650
20240101,15:25:52,1.35,1200,115650
20240101,15:26:17,1.4,300,115650
20240101,15:26:19,1.4,50,115650
20240101,15:26:24,1.35,1850,115650
20240101,15:27:15,1.45,200,114400
20240101,15:27:16,1.45,150,114400
20240101,15:27:21,1.35,250,114400
20240101,15:27:22,1.5,300,114400
20240101,15:27:53,1.35,50,114400
20240101,15:27:57,1.35,200,114400
20240101,15:29:12,1.4,250,114400
20240101,15:29:17,1.4,600,114400
20240101,15:29:30,1.4,250,114400
20240101,15:29:36,1.35,550,114400
20240101,15:29:48,1.5,450,114400
20240102,09:15:03,1.45,1,114400
20240102,09:15:03,1.45,50,114400
20240102,09:15:04,1.55,50,113850
20240102,09:15:58,1.55,850,113850
20240102,09:16:03,1.2,100,113850
20240102,09:16:16,1.2,650,113850
20240102,09:16:26,1.2,300,113850
20240102,09:16:28,1.2,800,113850
20240102,09:16:30,1.2,250,113850
20240102,09:16:45,1.2,50,113850
20240102,09:16:48,1.2,800,113850
20240102,09:16:52,1.2,50,113850
20240102,09:18:02,1.15,50,115600
20240102,09:18:20,1.15,400,115600
20240102,09:18:27,1.2,400,115600
20240102,09:18:29,1.2,800,115600
20240102,09:18:44,1.2,200,115600
20240102,09:18:45,1.2,200,115600
20240102,09:19:00,1.2,1000,115600
20240102,09:20:44,1.2,100,113750
20240102,09:22:07,1.2,100,113750
20240102,09:22:50,1.2,50,113750
20240102,09:24:30,1.15,350,113850
20240102,09:24:47,1.2,500,113850
20240102,09:25:06,1.15,200,113850
20240102,09:25:07,1.1,1800,113850
20240102,09:25:11,1.1,250,113850
20240102,09:25:16,1.1,1050,113850
20240102,09:25:17,1.1,550,113850
20240102,09:27:01,1.1,100,113850
20240102,09:27:47,1.15,300,112200
20240102,09:27:56,1.15,2100,112200
20240102,09:28:16,1.15,250,112200
20240102,09:28:31,1.1,1800,112200
20240102,09:28:46,1.15,600,112200
20240102,09:31:07,1.15,200,112200
20240102,09:31:17,1.15,200,111850
20240102,09:31:42,1.1,150,111850
20240102,09:32:15,1.2,50,111850
20240102,09:34:05,1.0,6150,111750
20240102,09:35:23,1.0,100,111750
20240102,09:35:45,1.0,100,111750
20240102,09:35:49,1.05,150,111750
20240102,09:36:06,1.1,50,111750
20240102,09:36:12,1.1,50,111750
20240102,09:36:28,1.05,50,111750
20240102,09:36:48,1.05,100,111750
20240102,09:38:30,1.1,300,111750
20240102,09:38:48,1.15,50,111900
20240102,09:40:10,1.1,50,111900
20240102,09:41:27,1.15,200,111900
20240102,09:41:41,1.15,250,111950
20240102,09:43:12,1.15,500,111950
20240102,09:43:21,1.15,50,111950
20240102,09:43:36,1.15,200,111950
20240102,09:43:43,1.1,1500,111950
20240102,09:43:43,1.05,50,111950
20240102,09:43:47,1.15,750,111950
20240102,09:43:53,1.15,1800,111950
20240102,09:45:38,1.15,100,111950
20240102,09:49:25,1.1,100,111900
20240102,09:49:31,1.1,200,111900
20240102,09:50:18,1.05,300,111900
20240102,09:51:11,1.1,400,111900
20240102,09:51:12,1.1,250,111900
20240102,09:51:19,1.1,50,111900
20240102,09:51:28,1.1,50,111900
20240102,09:52:13,1.1,750,111900
20240102,09:52:13,1.1,250,111900
20240102,09:54:52,1.1,250,112600
20240102,09:57:14,1.05,50,112850
20240102,09:57:28,1.05,50,112850
20240102,09:57:29,1.05,50,112850
20240102,09:57:30,1.05,50,112850
20240102,09:57:33,1.0,1950,112850
20240102,09:57:34,0.95,3250,112850
20240102,09:57:39,0.95,50,112850
20240102,09:57:41,0.9,1100,112850
20240102,09:57:54,0.9,350,112850
20240102,09:58:07,1.0,150,112850
20240102,09:58:28,1.0,250,112850
20240102,09:58:30,1.0,50,112850
20240102,09:58:32,1.0,50,112850
20240102,09:58:33,1.0,50,112850
20240102,09:58:38,0.85,3050,112850
20240102,09:58:39,0.85,350,112850
20240102,09:58:43,0.9,1850,112850
20240102,09:58:44,0.9,50,112850
20240102,09:59:03,0.9,150,112850
20240102,09:59:06,0.9,100,112850
20240102,09:59:16,0.9,100,112850
20240102,09:59:21,0.9,450,112850
20240102,09:59:22,0.9,50,112850
20240102,09:59:34,0.95,1200,112850
20240102,09:59:35,0.95,2000,111500
20240102,09:59:37,0.9,550,111500
20240102,10:00:09,0.85,2050,111500
20240102,10:00:10,0.9,450,111500
20240102,10:00:11,0.85,750,111500
20240102,10:00:12,0.8,1900,111500
20240102,10:00:14,0.8,250,111500
20240102,10:00:15,0.85,300,111500
20240102,10:00:29,0.8,2250,111500
20240102,10:00:36,0.85,250,111500
20240102,10:00:40,0.8,300,111500
20240102,10:00:41,0.8,50,111500
20240102,10:00:42,0.8,1950,111500
20240102,10:00:44,0.8,50,111500
20240102,10:00:48,0.8,50,111500
20240102,10:01:10,0.85,1550,111500
20240102,10:01:10,0.85,250,111500
20240102,10:01:19,0.85,50,111500
20240102,10:01:20,0.85,1450,111500
20240102,10:01:21,0.85,250,111500
20240102,10:01:23,0.85,250,111500
20240102,10:01:30,0.85,250,111500
20240102,10:01:42,0.85,300,111500
20240102,10:01:42,0.85,50,111500
20240102,10:01:55,0.9,1500,111500
20240102,10:01:58,0.9,2500,111500
20240102,10:01:59,0.85,300,111500
20240102,10:02:05,0.8,650,111500
20240102,10:02:11,0.85,50,111500
20240102,10:02:13,0.85,50,111500
20240102,10:02:24,0.85,50,111500
20240102,10:02:25,0.8,200,111500
20240102,10:02:36,0.85,100,103350
20240102,10:02:38,0.85,300,103350
20240102,10:02:45,0.85,250,103350
20240102,10:03:05,0.8,2350,103350
20240102,10:03:57,0.85,150,103350
20240102,10:04:01,0.85,650,103350
20240102,10:04:02,0.85,200,103350
20240102,10:04:11,0.85,250,103350
20240102,10:04:12,0.75,11650,103350
20240102,10:04:17,0.75,250,103350
20240102,10:04:47,0.85,250,103350
20240102,10:05:03,0.75,400,103350
20240102,10:05:23,0.85,900,103350
20240102,10:05:29,0.85,550,103250
20240102,10:05:34,0.85,250,103250
20240102,10:05:52,0.85,550,103250
20240102,10:05:53,0.85,500,103250
20240102,10:05:57,0.85,250,103250
20240102,10:06:06,0.85,100,103250
20240102,10:06:19,0.85,750,103250
20240102,10:06:27,0.9,400,103250
20240102,10:07:15,0.9,1100,103250
20240102,10:09:03,0.9,400,103250
20240102,10:09:05,0.9,200,103600
20240102,10:09:07,0.9,300,103600
20240102,10:09:15,0.95,250,103600
20240102,10:09:27,0.95,250,103600
20240102,10:09:28,0.95,50,103600
20240102,10:10:05,0.95,50,103600
20240102,10:10:08,0.95,250,103600
20240102,10:11:13,0.95,600,103600
20240102,10:11:47,0.95,350,103600
20240102,10:12:46,0.95,200,104700
20240102,10:13:43,0.9,250,104700
20240102,10:20:12,0.95,50,104700
20240102,10:20:31,0.95,50,104950
20240102,10:20:47,0.95,50,104950
20240102,10:20:48,0.95,50,104950
20240102,10:20:51,0.95,50,104950
20240102,10:21:58,0.95,50,104950
20240102,10:22:16,0.95,50,104950
20240102,10:23:00,1.0,50,104950
20240102,10:23:48,0.95,250,104950
20240102,10:25:00,0.95,250,105250
20240102,10:25:09,0.95,250,105250
20240102,10:25:12,0.95,600,105250
20240102,10:25:13,0.9,100,105250
20240102,10:28:32,0.9,150,105250
20240102,10:28:47,0.9,250,105250
20240102,10:28:51,0.9,500,105250
20240102,10:29:04,0.85,350,105250
20240102,10:29:06,0.85,700,105250
20240102,10:29:09,0.85,100,105250
20240102,10:29:22,0.85,150,105250
20240102,10:29:27,0.85,250,105250
20240102,10:30:09,0.85,1500,105250
20240102,10:30:11,0.8,1800,104700
20240102,10:30:39,0.8,300,104700
20240102,10:30:42,0.8,50,104700
20240102,10:30:56,0.8,400,104700
20240102,10:31:13,0.8,2700,104700
20240102,10:31:19,0.75,50,104700
20240102,10:31:23,0.8,950,104700
20240102,10:31:25,0.75,2200,104700
20240102,10:31:37,0.75,250,104700
20240102,10:31:43,0.8,250,104700
20240102,10:31:51,0.75,50,104700
20240102,10:32:13,0.75,50,104700
20240102,10:32:21,0.75,50,104700
20240102,10:32:40,0.8,250,99650
20240102,10:32:53,0.8,950,99650
20240102,10:33:06,0.8,250,99650
20240102,10:34:45,0.8,900,99650
20240102,10:35:07,0.8,250,99650
20240102,10:36:20,0.75,50,99150
20240102,10:36:26,0.75,50,99150
20240102,10:36:36,0.8,250,99150
20240102,10:36:45,0.85,100,99150
20240102,10:36:51,0.85,100,99150
20240102,10:36:52,0.8,150,99150
20240102,10:36:53,0.8,50,99150
20240102,10:36:54,0.85,50,99150
20240102,10:36:58,0.8,200,99150
20240102,10:37:15,0.8,150,99150
20240102,10:37:26,0.85,100,99150
20240102,10:37:31,0.8,100,99150
20240102,10:37:44,0.85,100,99150
20240102,10:37:52,0.85,50,99150
20240102,10:38:01,0.85,300,99150
20240102,10:38:02,0.85,350,99150
20240102,10:38:12,0.85,450,99150
20240102,10:38:13,0.85,50,99150
20240102,10:38:14,0.85,500,99150
20240102,10:38:27,0.85,50,99150
20240102,10:38:29,0.85,50,99150
20240102,10:38:34,0.85,100,99150
20240102,10:38:35,0.85,50,98050
20240102,10:38:48,0.85,250,98050
20240102,10:39:06,0.8,200,98050
20240102,10:39:34,0.85,50,98050
20240102,10:39:36,0.9,250,98050
20240102,10:39:39,0.9,50,98050
20240102,10:39:41,0.9,350,98050
20240102,10:39:47,0.9,50,98050
20240102,10:39:52,0.9,50,98050
20240102,10:40:08,0.85,100,98050
20240102,10:40:50,0.85,800,98050
20240102,10:41:45,0.85,350,98750
20240102,10:41:46,0.9,150,98750
20240102,10:41:53,0.85,900,98750
20240102,10:42:07,0.8,1450,98750
20240102,10:42:14,0.8,50,98750
20240102,10:42:49,0.75,100,98750
20240102,10:42:52,0.85,200,98750
20240102,10:43:10,0.75,400,98750
20240102,10:43:35,0.8,50,98750
20240102,10:43:49,0.8,900,98750
20240102,10:48:35,0.8,100,96850
20240102,10:51:33,0.85,350,96850
20240102,10:52:27,0.8,50,96750
20240102,10:55:09,0.85,50,96900
20240102,10:56:04,0.85,50,96900
20240102,10:59:08,0.85,50,96900
20240102,10:59:11,0.85,50,96900
20240102,11:00:47,0.85,50,96900
20240102,11:01:30,0.85,500,96900
20240102,11:01:33,0.85,250,96900
20240102,11:01:37,0.85,550,96900
20240102,11:02:24,0.8,50,96900
20240102,11:02:31,0.8,150,96900
20240102,11:02:41,0.85,150,96950
20240102,11:02:47,0.85,1000,96950
20240102,11:04:44,0.85,100,96950
20240102,11:05:02,0.9,2200,96950
20240102,11:05:47,0.9,1550,97950
20240102,11:05:56,0.9,150,97950
20240102,11:12:11,0.95,2900,97950
20240102,11:12:13,1.0,500,99300
20240102,11:12:32,0.9,1350,99300
20240102,11:12:33,0.95,50,99300
20240102,11:12:38,0.95,50,99300
20240102,11:12:45,0.9,50,99300
20240102,11:12:45,0.95,650,99300
20240102,11:12:53,0.95,50,99300
20240102,11:13:00,0.9,50,99300
20240102,11:13:06,0.95,600,99300
20240102,11:13:07,1.0,1850,99300
20240102,11:13:08,1.0,50,99300
20240102,11:13:12,1.0,50,99300
20240102,11:13:12,0.95,400,99300
20240102,11:13:13,0.95,50,99300
20240102,11:13:17,1.0,1600,99300
20240102,11:13:17,1.0,50,99300
20240102,11:13:19,1.05,50,99300
20240102,11:13:20,1.0,300,99300
20240102,11:13:25,1.0,50,99300
20240102,11:13:30,1.0,50,99300
20240102,11:13:33,1.05,50,99300
20240102,11:13:40,1.0,50,99300
20240102,11:13:43,1.0,250,99300
20240102,11:14:34,1.0,800,99300
20240102,11:15:04,1.0,250,100550
20240102,11:18:00,1.0,500,100550
20240102,11:18:10,1.0,200,100550
20240102,11:18:14,1.0,400,100550
20240102,11:19:00,1.0,800,100550
20240102,11:19:16,1.0,900,100550
20240102,11:19:32,1.0,900,100550
20240102,11:19:45,1.0,500,100550
20240102,11:20:03,1.0,350,100550
20240102,11:20:07,1.0,200,100550
20240102,11:20:30,1.0,250,100550
20240102,11:22:54,0.9,250,100550
20240102,11:24:42,0.9,600,99800
20240102,11:24:56,0.9,600,99800
20240102,11:25:17,0.9,2100,99800
20240102,11:25:36,0.9,1800,99800
20240102,11:25:45,0.9,250,99800
20240102,11:26:39,0.9,450,99800
20240102,11:26:52,0.9,250,97650
20240102,11:27:14,0.95,50,97650
20240102,11:28:59,0.85,50,97650
20240102,11:29:56,0.9,700,96900
20240102,11:30:37,0.9,650,96900
20240102,11:30:38,0.9,50,96900
20240102,11:30:44,0.9,50,96900
20240102,11:30:45,0.9,50,96900
20240102,11:30:47,0.9,100,96900
20240102,11:30:50,0.85,50,96900
20240102,11:30:53,0.9,250,96900
20240102,11:30:58,0.9,1200,96900
20240102,11:30:59,0.9,250,96900
20240102,11:31:00,0.9,300,96900
20240102,11:31:09,0.9,50,96900
20240102,11:37:52,0.9,350,96650
20240102,11:41:00,0.9,1900,96650
20240102,11:41:46,0.9,250,96300
20240102,11:41:59,0.95,50,96550
20240102,11:42:15,0.9,50,96550
20240102,11:42:24,0.9,50,96550
20240102,11:43:18,0.9,100,96550
20240102,11:44:46,0.9,100,96550
20240102,11:51:04,0.9,100,96400
20240102,11:51:05,0.9,600,96400
20240102,11:51:31,0.9,400,96400
20240102,11:54:29,0.85,50,95750
20240102,11:54:47,0.9,1500,95750
20240102,12:02:14,0.85,550,96200
20240102,12:02:17,0.85,300,96200
20240102,12:03:04,0.85,200,96050
20240102,12:03:48,0.8,1750,96050
20240102,12:04:06,0.8,100,96050
20240102,12:04:09,0.75,500,96050
20240102,12:04:50,0.8,250,96050
20240102,12:04:52,0.85,650,96050
20240102,12:04:56,0.75,50,96050
20240102,12:05:10,0.8,550,96050
20240102,12:05:14,0.8,50,96050
20240102,12:06:14,0.8,50,96050
20240102,12:07:18,0.8,250,95600
20240102,12:09:35,0.85,50,95550
20240102,12:10:29,0.85,300,95550
20240102,12:11:11,0.8,150,95550
20240102,12:11:16,0.85,50,95550
20240102,12:11:50,0.8,250,95550
20240102,12:12:17,0.85,50,95700
20240102,12:12:36,0.8,50,95700
20240102,12:16:58,0.8,200,95450
20240102,12:17:17,0.8,600,95450
20240102,12:23:08,0.85,150,95100
20240102,12:24:31,0.85,50,95250
20240102,12:33:59,0.75,700,95250
20240102,12:34:00,0.75,700,95300
20240102,12:36:06,0.8,50,94950
20240102,12:36:26,0.8,1000,94950
20240102,12:51:41,0.75,600,94950
20240102,13:02:26,0.75,1100,95950
20240102,13:02:48,0.8,550,95900
20240102,13:02:49,0.75,500,95900
20240102,13:02:49,0.8,50,95900
20240102,13:02:51,0.75,50,95900
20240102,13:04:17,0.85,850,95500
20240102,13:04:28,0.85,250,95500
20240102,13:04:29,0.9,850,95500
20240102,13:04:36,0.9,50,95500
20240102,13:05:21,0.85,400,95500
20240102,13:05:22,0.85,50,95500
20240102,13:05:23,0.85,50,95500
20240102,13:05:25,0.85,50,95500
20240102,13:06:16,0.85,50,95500
20240102,13:06:48,0.85,50,97400
20240102,13:07:02,0.85,250,97400
20240102,13:07:54,0.85,250,97400
20240102,13:08:07,0.85,250,97400
20240102,13:08:22,0.85,150,97400
20240102,13:11:14,0.85,550,97400
20240102,13:11:16,0.85,50,98250
20240102,13:11:17,0.85,50,98250
20240102,13:11:29,0.85,50,98250
20240102,13:11:31,0.85,200,98250
20240102,13:11:47,0.85,50,98250
20240102,13:11:48,0.85,200,98250
20240102,13:12:01,0.85,250,98250
20240102,13:12:05,0.85,150,99250
20240102,13:12:07,0.85,50,99250
20240102,13:12:25,0.8,1450,99250
20240102,13:12:46,0.8,1500,99250
20240102,13:12:46,0.8,50,99250
20240102,13:15:00,0.8,150,99250
20240102,13:15:03,0.8,50,97600
20240102,13:15:05,0.8,100,97600
20240102,13:17:21,0.85,150,97600
20240102,13:18:42,0.8,450,97650
20240102,13:24:31,0.8,250,97650
20240102,13:24:35,0.8,50,97450
20240102,13:24:40,0.8,50,97450
20240102,13:24:45,0.8,250,97450
20240102,13:24:59,0.8,250,97450
20240102,13:25:16,0.8,300,97450
20240102,13:29:56,0.8,50,96600
20240102,13:32:02,0.8,100,96600
20240102,13:47:00,0.85,250,96600
20240102,13:47:02,0.85,550,96550
20240102,13:47:03,0.85,150,96550
20240102,13:47:44,0.85,1100,96550
20240102,13:47:46,0.85,150,96550
20240102,13:47:47,0.85,1050,96550
20240102,13:47:55,0.85,50,96550
20240102,13:53:35,0.85,50,96550
20240102,13:59:29,0.85,300,99550
20240102,13:59:35,0.85,200,99550
20240102,14:01:04,0.85,250,99550
20240102,14:02:38,0.85,300,99450
20240102,14:10:13,0.9,100,99050
20240102,14:11:36,0.9,100,99050
20240102,14:12:26,0.85,400,99050
20240102,14:12:27,0.9,2850,99200
20240102,14:12:35,0.9,2000,99200
20240102,14:12:52,0.9,250,99200
20240102,14:12:56,0.9,250,99200
20240102,14:13:06,0.9,250,99200
20240102,14:13:12,0.85,400,99200
20240102,14:15:20,0.85,50,95250
20240102,14:15:29,0.9,250,95250
20240102,14:15:32,0.9,250,95250
20240102,14:16:05,0.9,250,95250
20240102,14:16:24,0.9,250,95250
20240102,14:16:56,0.9,850,95250
20240102,14:16:57,0.95,1800,95250
20240102,14:17:22,0.95,700,95250
20240102,14:17:39,0.95,100,95250
20240102,14:17:40,1.0,50,95250
20240102,14:18:03,1.0,1650,95250
20240102,14:18:04,1.0,50,97150
20240102,14:18:15,1.1,950,97150
20240102,14:18:16,1.1,150,97150
20240102,14:18:19,1.1,50,97150
20240102,14:18:20,1.05,800,97150
20240102,14:18:28,1.1,450,97150
20240102,14:18:37,1.1,500,97150
20240102,14:18:52,1.15,1400,97150
20240102,14:18:53,1.15,100,97150
20240102,14:18:58,1.15,200,97150
20240102,14:19:23,1.05,700,97150
20240102,14:20:11,1.05,300,97150
20240102,14:20:13,1.15,2350,97150
20240102,14:20:23,1.05,250,97150
20240102,14:20:24,1.05,1350,97150
20240102,14:20:42,1.1,750,97150
20240102,14:20:43,1.1,50,97150
20240102,14:21:03,1.1,200,97200
20240102,14:21:04,1.1,1200,97200
20240102,14:21:05,1.1,650,97200
20240102,14:21:06,1.1,1650,97200
20240102,14:21:50,1.05,550,97200
20240102,14:21:51,1.15,650,97200
20240102,14:22:04,1.15,350,97200
20240102,14:22:06,1.2,1800,97200
20240102,14:22:07,1.2,2200,97200
20240102,14:22:25,1.15,200,97200
20240102,14:22:29,1.15,800,97200
20240102,14:22:47,1.1,100,97200
20240102,14:23:05,1.15,450,97200
20240102,14:23:17,1.15,50,97200
20240102,14:23:20,1.1,700,97200
20240102,14:23:27,1.1,50,97200
20240102,14:24:33,1.05,550,100850
20240102,14:24:36,1.05,50,100850
20240102,14:24:37,1.05,50,100850
20240102,14:24:42,1.05,50,100850
20240102,14:24:49,1.05,200,100850
20240102,14:25:39,1.05,250,100850
20240102,14:27:24,1.0,300,100850
20240102,14:27:58,1.05,250,100250
20240102,14:28:02,1.0,250,100250
20240102,14:33:16,1.05,150,100200
20240102,14:33:17,1.05,400,100200
20240102,14:33:22,1.05,100,100200
20240102,14:33:23,1.05,1450,100200
20240102,14:33:24,1.1,450,100200
20240102,14:33:34,1.15,850,100200
20240102,14:33:44,1.15,300,100200
20240102,14:34:11,1.2,500,100200
20240102,14:34:25,1.2,1750,100200
20240102,14:34:28,1.2,400,100200
20240102,14:34:36,1.2,800,100200
20240102,14:34:37,1.2,400,100200
20240102,14:36:01,1.2,850,100200
20240102,14:36:37,1.15,500,103000
20240102,14:36:51,1.2,1400,103000
20240102,14:37:08,1.2,250,103000
20240102,14:37:12,1.2,300,103000
20240102,14:37:31,1.2,350,103000
20240102,14:37:35,1.2,700,103000
20240102,14:37:37,1.2,1500,103000
20240102,14:37:37,1.2,400,103000
20240102,14:38:18,1.2,50,103000
20240102,14:38:18,1.2,300,103000
20240102,14:38:57,1.25,250,103000
20240102,14:39:08,1.25,1800,103000
20240102,14:39:08,1.25,300,103350
20240102,14:39:20,1.25,50,103350
20240102,14:39:21,1.25,700,103350
20240102,14:39:21,1.25,50,103350
20240102,14:39:35,1.25,600,103350
20240102,14:39:36,1.25,200,103350
20240102,14:39:37,1.25,400,103350
20240102,14:39:38,1.25,600,103350
20240102,14:39:41,1.25,200,103350
20240102,14:39:42,1.25,200,103350
20240102,14:39:43,1.25,600,103350
20240102,14:39:55,1.3,1500,103350
20240102,14:39:59,1.3,200,103350
20240102,14:40:01,1.3,1000,103350
20240102,14:40:01,1.35,4600,103350
20240102,14:40:04,1.35,50,103350
20240102,14:40:18,1.4,150,103350
20240102,14:40:24,1.4,200,103350
20240102,14:40:27,1.35,300,103350
20240102,14:40:29,1.4,200,103350
20240102,14:40:32,1.5,3050,103350
20240102,14:40:34,1.55,3650,103350
20240102,14:40:34,1.6,450,103350
20240102,14:40:39,1.6,50,103350
20240102,14:41:01,1.45,300,103350
20240102,14:41:21,1.45,50,103350
20240102,14:41:53,1.4,300,103350
20240102,14:42:21,1.35,1800,103350
20240102,14:42:25,1.35,250,113350
20240102,14:42:26,1.35,250,113350
20240102,14:42:34,1.35,300,113350
20240102,14:42:37,1.3,200,113350
20240102,14:42:38,1.3,600,113350
20240102,14:42:39,1.3,600,113350
20240102,14:42:40,1.3,1450,113350
20240102,14:42:41,1.3,250,113350
20240102,14:42:42,1.3,200,113350
20240102,14:42:43,1.3,200,113350
20240102,14:42:44,1.35,1450,113350
20240102,14:42:45,1.35,350,113350
20240102,14:42:46,1.35,250,113350
20240102,14:42:48,1.35,1300,113350
20240102,14:42:53,1.35,600,113350
20240102,14:42:54,1.35,100,113350
20240102,14:43:02,1.4,2300,113350
20240102,14:43:03,1.4,200,113350
20240102,14:43:26,1.3,50,113350
20240102,14:43:38,1.3,1600,113350
20240102,14:44:15,1.3,250,113350
20240102,14:44:17,1.3,200,113350
20240102,14:44:19,1.3,50,113350
20240102,14:44:20,1.3,150,113350
20240102,14:44:31,1.3,1100,113350
20240102,14:44:32,1.3,1600,113350
20240102,14:44:41,1.25,300,113350
20240102,14:44:46,1.3,500,113350
20240102,14:44:48,1.3,350,113350
20240102,14:44:49,1.3,500,113350
20240102,14:44:51,1.25,250,113350
20240102,14:45:25,1.3,200,113350
20240102,14:45:40,1.3,50,123700
20240102,14:46:59,1.3,200,123700
20240102,14:47:20,1.25,1950,123700
20240102,14:47:20,1.25,2750,123700
20240102,14:47:30,1.3,450,123700
20240102,14:47:30,1.25,50,123700
20240102,14:47:47,1.25,50,123700
20240102,14:47:48,1.2,200,123700
20240102,14:48:41,1.25,400,126200
20240102,14:49:03,1.25,400,126200
20240102,14:49:49,1.2,350,126200
20240102,14:50:01,1.2,50,126200
20240102,14:50:27,1.2,250,126200
20240102,14:51:01,1.2,150,126200
20240102,14:52:02,1.15,150,125350
20240102,14:52:10,1.15,2400,125350
20240102,14:55:54,1.15,50,125300
20240102,14:56:12,1.15,350,125300
20240102,14:56:24,1.15,100,125300
20240102,14:57:53,1.15,200,125300
20240102,14:58:29,1.2,1150,124850
20240102,14:59:17,1.05,450,124850
20240102,15:00:10,1.05,700,124850
20240102,15:00:30,1.05,300,124050
20240102,15:01:29,1.05,300,124050
20240102,15:02:41,1.05,600,124050
20240102,15:03:29,1.0,100,122550
20240102,15:03:33,1.05,1400,122550
20240102,15:03:34,1.1,2350,122550
20240102,15:05:40,1.1,850,122550
20240102,15:05:41,1.1,250,122550
20240102,15:07:40,1.1,250,119650
20240102,15:08:07,1.1,400,119650
20240102,15:08:25,1.1,200,119650
20240102,15:08:26,1.1,200,119650
20240102,15:08:28,1.1,1000,119650
20240102,15:09:44,1.2,50,119600
20240102,15:11:34,1.15,900,119600
20240102,15:11:35,1.05,50,119600
20240102,15:11:37,1.05,350,119600
20240102,15:11:42,1.05,1800,119600
20240102,15:11:43,1.05,1800,119600
20240102,15:11:44,1.05,250,119600
20240102,15:12:04,1.05,600,119600
20240102,15:12:15,1.05,200,119600
20240102,15:12:49,0.95,400,117100
20240102,15:12:50,1.05,1400,117100
20240102,15:12:52,1.05,50,117100
20240102,15:12:53,1.1,350,117100
20240102,15:12:54,1.05,550,117100
20240102,15:12:55,1.2,1450,117100
20240102,15:13:09,1.05,300,117100
20240102,15:13:10,1.05,900,117100
20240102,15:13:17,1.1,200,117100
20240102,15:13:18,1.2,350,117100
20240102,15:13:22,1.2,200,117100
20240102,15:13:29,1.2,50,117100
20240102,15:13:30,1.05,200,117100
20240102,15:14:22,1.1,100,117100
20240102,15:15:56,1.0,150,117000
20240102,15:16:21,1.1,600,117000
20240102,15:16:22,1.05,1300,117000
20240102,15:18:27,1.1,600,117000
20240102,15:20:07,1.1,200,115650
20240102,15:20:28,1.2,3100,115650
20240102,15:21:02,1.15,500,115650
20240102,15:21:14,1.1,100,116450
20240102,15:21:23,1.1,600,116450
20240102,15:22:22,1.05,450,116450
20240102,15:22:23,1.05,150,116450
20240102,15:22:26,1.05,550,116450
20240102,15:22:38,1.1,250,116450
20240102,15:22:39,1.05,1500,116450
20240102,15:23:22,1.05,300,116450
20240102,15:23:30,1.05,1100,116450
20240102,15:23:30,1.05,250,116450
20240102,15:23:53,1.0,50,116450
20240102,15:24:22,1.05,100,116450
20240102,15:24:38,1.0,150,115950
20240102,15:25:05,1.1,50,115950
20240102,15:25:18,1.15,150,115950
20240102,15:25:39,1.05,50,115950
20240102,15:25:43,1.1,900,115950
20240102,15:25:50,1.15,250,115950
20240102,15:25:51,1.15,100,115950
20240102,15:25:52,1.15,50,115950
20240102,15:26:56,1.15,850,115950
20240102,15:28:19,1.05,100,115800
20240102,15:28:23,1.0,2800,115800
20240102,15:28:24,0.95,150,115800
20240102,15:28:25,1.05,1500,115800
20240102,15:28:27,1.05,1600,115800
20240102,15:28:30,1.1,100,115800
20240102,15:28:50,1.0,250,115800
20240102,15:28:52,1.0,250,115800
20240102,15:28:53,1.0,50,115800
20240102,15:28:54,1.0,50,115800
20240102,15:29:20,1.0,350,115800
20240102,15:29:32,1.0,150,115800
20240102,15:29:48,0.95,50,115800
20240102,15:29:59,1.2,50,115800
20240103,09:15:45,0.9,1,114250
20240103,09:15:45,0.9,100,114250
20240103,09:15:55,0.9,50,114250
20240103,09:15:57,0.85,150,114250
20240103,09:15:58,0.85,50,114250
20240103,09:16:03,0.8,550,114250
20240103,09:16:05,0.8,250,114250
20240103,09:16:08,0.9,50,114250
20240103,09:16:34,0.85,300,114250
20240103,09:16:42,0.85,100,114250
20240103,09:17:09,0.85,100,114250
20240103,09:17:23,0.95,50,114250
20240103,09:17:31,0.95,1000,113900
20240103,09:17:38,0.95,100,113900
20240103,09:17:39,0.95,500,113900
20240103,09:17:53,0.95,400,113900
20240103,09:17:57,0.95,400,113900
20240103,09:17:57,0.95,200,113900
20240103,09:18:07,0.95,200,113900
20240103,09:18:08,1.0,200,113900
20240103,09:18:10,1.0,200,113900
20240103,09:18:21,1.05,1000,113900
20240103,09:18:22,1.05,4450,113900
20240103,09:18:32,0.9,350,113900
20240103,09:18:41,0.85,50,113900
20240103,09:19:13,0.95,300,113900
20240103,09:19:24,0.9,250,113900
20240103,09:19:27,1.0,650,113900
20240103,09:19:32,1.0,1550,113900
20240103,09:20:10,1.05,400,113900
20240103,09:20:12,1.05,450,113900
20240103,09:20:16,0.95,2200,113900
20240103,09:20:16,1.05,3600,113900
20240103,09:20:28,0.95,100,113900
20240103,09:20:31,0.95,1750,113300
20240103,09:20:40,0.95,50,113300
20240103,09:20:42,0.95,50,113300
20240103,09:20:47,0.95,50,113300
20240103,09:20:54,0.95,50,113300
20240103,09:21:03,1.0,100,113300
20240103,09:21:12,0.95,250,113300
20240103,09:21:24,0.95,250,113300
20240103,09:21:25,0.95,400,113300
20240103,09:21:55,0.95,100,113300
20240103,09:22:07,1.0,250,113300
20240103,09:22:14,0.95,50,113300
20240103,09:22:34,1.0,350,113300
20240103,09:22:41,1.0,150,113300
20240103,09:23:00,0.95,300,113300
20240103,09:23:09,1.0,100,113300
20240103,09:23:37,0.95,300,112750
20240103,09:23:41,1.0,1600,112750
20240103,09:23:58,0.95,300,112750
20240103,09:24:40,0.95,100,112750
20240103,09:24:44,0.95,250,112750
20240103,09:25:43,0.95,200,112750
20240103,09:25:47,0.95,250,112750
20240103,09:26:31,0.95,450,112750
20240103,09:27:49,0.9,1800,113100
20240103,09:27:50,0.9,150,113100
20240103,09:29:22,0.95,950,113100
20240103,09:29:48,0.95,1200,113150
20240103,09:30:07,0.9,50,113150
20240103,09:30:35,0.95,250,113150
20240103,09:30:53,0.9,1100,113150
20240103,09:31:28,0.95,350,113150
20240103,09:31:29,0.95,1300,113150
20240103,09:32:21,0.95,1900,113150
20240103,09:32:43,0.95,250,115150
20240103,09:32:46,0.95,50,115150
20240103,09:32:50,0.95,50,115150
20240103,09:33:23,0.95,400,115150
20240103,09:33:25,0.95,700,115150
20240103,09:33:45,0.9,200,115150
20240103,09:33:53,0.9,750,115150
20240103,09:33:57,0.9,500,115150
20240103,09:34:00,0.9,100,115150
20240103,09:34:03,0.9,350,115150
20240103,09:34:06,0.85,150,115150
20240103,09:34:20,0.85,50,115150
20240103,09:34:21,0.85,50,115150
20240103,09:34:35,0.85,450,115150
20240103,09:34:40,0.85,200,115150
20240103,09:35:32,0.85,100,115150
20240103,09:35:47,0.9,150,113700
20240103,09:36:34,0.85,450,113700
20240103,09:37:06,0.8,100,113700
20240103,09:37:25,0.8,100,113700
20240103,09:37:39,0.85,350,113700
20240103,09:38:37,0.8,50,113200
20240103,09:39:07,0.8,50,113200
20240103,09:39:31,0.8,50,113200
20240103,09:39:49,0.8,550,113200
20240103,09:40:50,0.75,350,113200
20240103,09:40:50,0.75,250,113200
20240103,09:40:51,0.75,500,113200
20240103,09:40:57,0.7,400,113200
20240103,09:40:59,0.7,200,113200
20240103,09:41:00,0.7,900,113200
20240103,09:41:08,0.7,50,113200
20240103,09:41:15,0.7,50,113200
20240103,09:41:19,0.7,350,113200
20240103,09:41:21,0.75,200,113200
20240103,09:41:24,0.7,200,113200
20240103,09:41:38,0.65,1250,113200
20240103,09:41:39,0.65,3750,111150
20240103,09:41:46,0.6,500,111150
20240103,09:41:51,0.7,100,111150
20240103,09:42:02,0.65,1250,111150
20240103,09:42:08,0.6,50,111150
20240103,09:42:11,0.65,50,111150
20240103,09:42:20,0.6,450,111150
20240103,09:42:21,0.6,1800,111150
20240103,09:42:27,0.6,1900,111150
20240103,09:42:28,0.65,50,111150
20240103,09:42:35,0.65,150,111150
20240103,09:42:36,0.65,500,111150
20240103,09:42:42,0.65,250,111150
20240103,09:42:46,0.65,950,111150
20240103,09:43:01,0.65,400,111150
20240103,09:43:10,0.6,100,111150
20240103,09:43:12,0.6,150,111150
20240103,09:43:53,0.6,1800,111150
20240103,09:43:56,0.6,2100,111150
20240103,09:44:06,0.55,350,111150
20240103,09:44:07,0.55,700,111150
20240103,09:44:08,0.55,50,111150
20240103,09:44:13,0.55,350,111150
20240103,09:44:14,0.55,300,111150
20240103,09:44:17,0.55,1350,111150
20240103,09:44:40,0.55,450,111150
20240103,09:44:58,0.55,200,106650
20240103,09:45:01,0.55,1800,106650
20240103,09:45:02,0.55,1500,106650
20240103,09:45:17,0.5,150,106650
20240103,09:45:18,0.5,200,106650
20240103,09:45:22,0.5,50,106650
20240103,09:45:33,0.5,1800,106650
20240103,09:45:46,0.5,2800,106650
20240103,09:46:05,0.5,500,106650
20240103,09:46:18,0.5,200,106650
20240103,09:46:19,0.5,1800,106650
20240103,09:47:00,0.5,150,106650
20240103,09:47:52,0.5,150,106650
20240103,09:48:14,0.5,250,106650
20240103,09:48:52,0.5,500,106650
20240103,09:48:53,0.55,900,106650
20240103,09:48:56,0.5,100,106650
20240103,09:49:30,0.5,1800,106650
20240103,09:49:31,0.5,1200,106650
20240103,09:49:44,0.5,250,106650
20240103,09:49:49,0.5,1800,106650
20240103,09:49:50,0.55,1800,106650
20240103,09:50:01,0.55,50,106650
20240103,09:51:11,0.55,100,106650
20240103,09:52:06,0.5,250,101750
20240103,09:53:46,0.55,1000,101750
20240103,09:54:31,0.5,200,101500
20240103,09:55:02,0.55,400,101500
20240103,09:55:09,0.55,1900,101500
20240103,09:55:19,0.55,50,101500
20240103,09:55:48,0.55,500,101500
20240103,09:55:52,0.6,750,101500
20240103,09:55:54,0.55,600,101500
20240103,09:56:07,0.6,2800,101500
20240103,09:56:14,0.6,50,101500
20240103,09:56:14,0.55,50,101500
20240103,09:57:01,0.6,100,101500
20240103,09:58:02,0.6,50,103550
20240103,09:58:05,0.6,1150,103550
20240103,09:58:17,0.65,650,103550
20240103,09:58:22,0.6,250,103550
20240103,09:59:18,0.6,150,103550
20240103,09:59:20,0.65,1800,103550
20240103,09:59:29,0.6,400,103550
20240103,09:59:47,0.6,1450,103550
20240103,09:59:58,0.6,800,101700
20240103,10:00:01,0.6,350,101700
20240103,10:04:39,0.6,850,101600
20240103,10:07:53,0.6,250,100750
20240103,10:10:37,0.6,100,100500
20240103,10:11:32,0.6,50,100500
20240103,10:12:42,0.6,500,100500
20240103,10:12:43,0.6,2800,100400
20240103,10:12:44,0.55,500,100400
20240103,10:15:12,0.6,150,102000
20240103,10:22:40,0.55,950,102050
20240103,10:22:58,0.55,500,102050
20240103,10:25:01,0.55,100,102050
20240103,10:30:51,0.6,1000,101100
20240103,10:31:43,0.6,950,101050
20240103,10:32:26,0.55,150,101050
20240103,10:35:12,0.6,400,101050
20240103,10:35:13,0.65,3450,100350
20240103,10:35:16,0.65,1150,100350
20240103,10:35:16,0.7,1800,100350
20240103,10:35:17,0.7,150,100350
20240103,10:35:18,0.7,700,100350
20240103,10:35:19,0.7,1400,100350
20240103,10:35:20,0.7,250,100350
20240103,10:35:22,0.75,2350,100350
20240103,10:35:25,0.75,2350,100350
20240103,10:35:26,0.75,400,100350
20240103,10:35:27,0.75,100,100350
20240103,10:35:34,0.85,4600,100350
20240103,10:35:40,0.85,400,100350
20240103,10:35:42,0.85,50,107300
20240103,10:35:43,0.9,2450,107300
20240103,10:35:44,0.9,500,107300
20240103,10:35:52,0.95,300,107300
20240103,10:36:02,0.95,1850,107300
20240103,10:36:03,0.85,50,107300
20240103,10:36:06,0.95,2400,107300
20240103,10:36:16,0.85,300,107300
20240103,10:36:19,0.85,100,107300
20240103,10:36:23,0.95,200,107300
20240103,10:36:24,0.95,150,107300
20240103,10:36:26,0.85,500,107300
20240103,10:36:28,0.85,200,107300
20240103,10:36:29,0.8,900,107300
20240103,10:36:30,0.95,1550,107300
20240103,10:36:48,0.9,1150,107300
20240103,10:36:56,0.85,50,107300
20240103,10:37:05,0.85,400,107300
20240103,10:37:44,0.8,100,107300
20240103,10:37:45,0.8,1250,107300
20240103,10:38:34,0.8,50,107300
20240103,10:38:39,0.8,100,107300
20240103,10:39:11,0.8,100,109350
20240103,10:41:04,0.8,250,109350
20240103,10:41:18,0.8,250,109350
20240103,10:42:52,0.75,150,109350
20240103,10:42:59,0.75,500,108950
20240103,10:43:13,0.7,500,108950
20240103,10:43:41,0.7,400,108950
20240103,10:44:14,0.75,550,108950
20240103,10:45:34,0.7,150,108950
20240103,10:46:19,0.7,200,109350
20240103,10:46:25,0.7,250,109350
20240103,10:46:51,0.7,200,109350
20240103,10:46:52,0.65,50,109350
20240103,10:47:02,0.7,550,109350
20240103,10:47:07,0.65,900,109350
20240103,10:47:12,0.65,50,109350
20240103,10:47:16,0.65,50,109350
20240103,10:47:33,0.6,50,109350
20240103,10:47:33,0.6,900,109350
20240103,10:47:38,0.6,50,109350
20240103,10:47:46,0.6,100,109350
20240103,10:47:47,0.55,50,109750
20240103,10:47:54,0.6,450,109750
20240103,10:48:01,0.55,50,109750
20240103,10:48:06,0.6,50,109750
20240103,10:48:13,0.55,6450,109750
20240103,10:48:17,0.55,1150,109750
20240103,10:48:19,0.55,1800,109750
20240103,10:48:23,0.6,2250,109750
20240103,10:48:46,0.65,2700,109750
20240103,10:51:43,0.55,50,102000
20240103,10:51:54,0.55,50,102000
20240103,10:51:57,0.55,600,102000
20240103,10:51:59,0.55,400,102000
20240103,10:52:01,0.55,550,102000
20240103,10:52:06,0.55,100,102000
20240103,10:52:07,0.55,600,102000
20240103,10:53:42,0.55,200,101450
20240103,10:55:46,0.55,50,101450
20240103,10:57:32,0.6,100,101450
20240103,11:03:38,0.6,400,101350
20240103,11:04:52,0.6,500,101250
20240103,11:04:54,0.65,50,101250
20240103,11:08:14,0.65,50,101250
20240103,11:10:19,0.6,1400,101650
20240103,11:16:59,0.6,100,101650
20240103,11:18:49,0.6,1200,101400
20240103,11:19:05,0.65,600,101400
20240103,11:19:05,0.65,250,101400
20240103,11:19:07,0.65,1800,101400
20240103,11:19:09,0.65,250,101400
20240103,11:19:10,0.7,100,101400
20240103,11:20:11,0.7,3800,101400
20240103,11:21:13,0.7,700,101400
20240103,11:21:14,0.75,2150,102900
20240103,11:21:22,0.7,350,102900
20240103,11:21:46,0.75,1050,102900
20240103,11:22:29,0.75,150,102900
20240103,11:22:34,0.8,4100,102900
20240103,11:22:45,0.8,100,102900
20240103,11:22:48,0.75,250,102900
20240103,11:22:49,0.8,300,102900
20240103,11:23:07,0.8,350,102900
20240103,11:23:34,0.75,200,102900
20240103,11:25:12,0.8,450,102900
20240103,11:25:13,0.8,150,106850
20240103,11:25:32,0.8,200,106850
20240103,11:26:13,0.8,50,106850
20240103,11:27:01,0.8,50,107650
20240103,11:28:10,0.75,550,107650
20240103,11:29:06,0.75,50,107650
20240103,11:30:13,0.7,350,107700
20240103,11:31:22,0.7,100,107700
20240103,11:49:11,0.7,400,107400
20240103,11:50:36,0.75,250,107400
20240103,11:51:03,0.75,350,107400
20240103,11:51:04,0.75,1800,107450
20240103,11:51:06,0.7,50,107450
20240103,11:51:06,0.7,2100,107450
20240103,11:51:21,0.8,1250,107450
20240103,11:51:25,0.85,1800,107450
20240103,11:51:25,0.9,650,107450
20240103,11:51:27,0.9,4600,107450
20240103,11:51:40,0.95,2550,107450
20240103,11:51:45,0.95,100,107450
20240103,11:51:51,0.95,300,107450
20240103,11:52:00,0.9,2250,107450
20240103,11:52:13,0.9,350,107450
20240103,11:52:13,0.85,400,107450
20240103,11:53:10,0.85,300,107450
20240103,11:53:11,0.85,50,107450
20240103,11:53:30,0.8,400,107450
20240103,11:53:37,0.8,1950,107450
20240103,11:53:38,0.8,350,107450
20240103,11:53:39,0.8,100,107450
20240103,11:53:41,0.8,50,107450
20240103,11:53:44,0.8,1800,107450
20240103,11:53:51,0.8,50,113650
20240103,11:54:02,0.8,50,113650
20240103,12:02:07,0.75,100,113650
20240103,12:03:18,0.75,750,113550
20240103,12:03:51,0.75,150,113550
20240103,12:03:53,0.75,50,113550
20240103,12:04:29,0.75,100,113550
20240103,12:04:31,0.7,1500,113550
20240103,12:05:30,0.7,100,113550
20240103,12:08:06,0.75,250,114300
20240103,12:10:51,0.7,300,114550
20240103,12:11:00,0.7,50,114550
20240103,12:11:01,0.7,50,114550
20240103,12:12:10,0.65,150,114300
20240103,12:12:17,0.65,1200,114300
20240103,12:15:23,0.65,400,114300
20240103,12:16:53,0.65,300,112950
20240103,12:25:00,0.65,250,112950
20240103,12:26:41,0.6,700,112250
20240103,12:26:54,0.6,700,112250
20240103,12:27:05,0.6,150,112350
20240103,12:27:16,0.6,200,112350
20240103,12:28:16,0.6,1800,112350
20240103,12:28:33,0.6,550,112350
20240103,12:28:51,0.6,50,112350
20240103,12:29:05,0.6,50,112350
20240103,12:29:25,0.6,650,112350
20240103,12:29:56,0.6,450,112350
20240103,12:30:04,0.55,1100,111800
20240103,12:30:45,0.5,50,111800
20240103,12:35:58,0.55,50,111800
20240103,12:49:16,0.6,250,111450
20240103,12:49:19,0.6,50,111450
20240103,12:49:21,0.6,1000,111450
20240103,12:49:34,0.65,450,111450
20240103,12:49:36,0.65,50,111450
20240103,12:49:39,0.65,700,111450
20240103,12:49:40,0.7,50,111450
20240103,12:50:00,0.7,100,111450
20240103,12:54:31,0.65,2450,111450
20240103,12:54:35,0.65,200,110000
20240103,12:55:13,0.7,2100,110000
20240103,12:55:25,0.7,50,110000
20240103,12:55:35,0.7,50,110000
20240103,12:56:48,0.75,1800,110000
20240103,12:56:49,0.75,1900,110000
20240103,12:56:52,0.75,50,110000
20240103,12:56:57,0.75,50,110000
20240103,12:57:22,0.7,250,110000
20240103,12:57:58,0.75,50,114700
20240103,12:58:39,0.7,250,114700
20240103,13:01:21,0.75,700,114750
20240103,13:04:02,0.75,200,115450
20240103,13:04:03,0.75,200,115450
20240103,13:04:31,0.8,250,115450
20240103,13:05:00,0.75,400,115450
20240103,13:17:34,0.75,250,115700
20240103,13:17:57,0.7,150,115700
20240103,13:18:11,0.7,50,115900
20240103,13:21:18,0.7,50,115850
20240103,13:24:13,0.7,400,115850
20240103,13:25:04,0.65,1400,115850
20240103,13:25:10,0.7,300,115850
20240103,13:25:42,0.75,1000,115850
20240103,13:26:01,0.8,500,115850
20240103,13:26:26,0.7,550,115850
20240103,13:27:10,0.65,200,115850
20240103,13:29:36,0.65,1250,116650
20240103,13:33:47,0.65,1500,117050
20240103,13:34:08,0.65,50,117050
20240103,13:36:58,0.7,250,117050
20240103,13:38:06,0.7,1050,116850
20240103,13:40:23,0.7,250,116850
20240103,13:45:53,0.75,4000,116850
20240103,13:45:55,0.7,250,116600
20240103,13:48:56,0.65,550,116600
20240103,13:49:22,0.7,50,118200
20240103,13:55:36,0.6,3650,118250
20240103,13:55:38,0.55,1800,118250
20240103,13:55:44,0.5,2050,118250
20240103,13:55:45,0.55,100,118250
20240103,13:56:08,0.55,50,118250
20240103,13:56:10,0.55,50,118250
20240103,13:56:19,0.55,300,118250
20240103,13:57:02,0.55,600,118250
20240103,13:58:37,0.55,50,118250
20240103,13:59:15,0.5,50,115200
20240103,14:04:04,0.55,1400,115100
20240103,14:08:17,0.55,50,113800
20240103,14:13:26,0.55,1050,113800
20240103,14:16:41,0.5,50,114750
20240103,14:16:57,0.5,200,114750
20240103,14:17:56,0.5,1800,114750
20240103,14:18:28,0.5,1800,112850
20240103,14:18:29,0.5,100,112850
20240103,14:19:30,0.5,1000,112850
20240103,14:19:33,0.45,400,112850
20240103,14:19:34,0.45,50,112850
20240103,14:19:44,0.45,50,112850
20240103,14:19:53,0.45,50,112850
20240103,14:20:44,0.45,250,112850
20240103,14:20:53,0.45,1800,112850
20240103,14:27:44,0.45,50,112850
20240103,14:27:57,0.45,4950,112500
20240103,14:28:32,0.45,250,112500
20240103,14:31:53,0.4,800,110750
20240103,14:32:21,0.4,300,110750
20240103,14:32:24,0.4,500,110750
20240103,14:33:39,0.4,800,110750
20240103,14:33:41,0.4,50,110100
20240103,14:35:42,0.45,750,110100
20240103,14:37:47,0.45,950,109150
20240103,14:37:54,0.35,250,109150
20240103,14:37:57,0.35,250,109150
20240103,14:38:20,0.4,500,109150
20240103,14:38:39,0.4,300,109150
20240103,14:44:27,0.4,800,109400
20240103,14:45:28,0.4,300,109400
20240103,14:48:19,0.4,150,110400
20240103,14:49:32,0.4,250,110400
20240103,14:50:51,0.4,1500,110400
20240103,14:53:56,0.4,1800,110300
20240103,14:55:25,0.4,400,110300
20240103,14:55:26,0.4,50,110300
20240103,14:55:41,0.4,550,110300
20240103,14:55:52,0.45,150,110300
20240103,14:55:55,0.45,150,110300
20240103,14:55:59,0.45,1800,110300
20240103,14:56:01,0.45,500,110300
20240103,14:56:09,0.45,800,110300
20240103,14:56:10,0.5,1800,110300
20240103,14:56:12,0.5,150,110300
20240103,14:56:13,0.5,150,110300
20240103,14:56:14,0.45,400,110300
20240103,14:56:19,0.4,500,110300
20240103,14:57:25,0.5,250,110300
20240103,15:03:37,0.4,550,115100
20240103,15:04:25,0.4,250,115300
20240103,15:05:23,0.4,250,115300
20240103,15:05:34,0.4,250,115300
20240103,15:06:29,0.4,2400,115350
20240103,15:06:30,0.4,750,115350
20240103,15:07:07,0.35,650,115350
20240103,15:07:51,0.45,50,115350
20240103,15:08:52,0.35,100,115350
20240103,15:10:56,0.35,500,115350
20240103,15:12:26,0.35,300,114750
20240103,15:14:54,0.3,900,114750
20240103,15:15:03,0.3,100,114750
20240103,15:15:09,0.3,50,114750
20240103,15:15:16,0.3,1050,114750
20240103,15:16:31,0.3,250,113750
20240103,15:16:32,0.35,250,113750
20240103,15:18:43,0.35,250,113750
20240103,15:18:48,0.35,250,113700
20240103,15:19:48,0.3,50,113700
20240103,15:20:49,0.3,200,113700
20240103,15:20:49,0.3,1800,113700
20240103,15:21:21,0.35,1800,113700
20240103,15:25:08,0.35,100,113650
20240103,15:26:02,0.35,1800,113650
20240103,15:26:03,0.3,1800,113650
20240103,15:26:04,0.3,3600,113650
20240103,15:26:05,0.3,3600,113650
20240103,15:26:06,0.3,3900,113650
20240103,15:26:07,0.3,250,113650
20240103,15:26:08,0.25,700,113650
20240103,15:26:12,0.25,300,113650
20240103,15:26:17,0.25,1800,113650
20240103,15:26:25,0.25,50,113650
20240103,15:26:28,0.3,1800,113650
20240103,15:26:31,0.3,2050,113650
20240103,15:26:34,0.3,1800,113650
20240103,15:26:49,0.3,3400,113650
20240103,15:28:18,0.25,1100,113650
20240103,15:29:34,0.3,150,116650
20240103,15:29:35,0.3,400,116650
20240103,15:29:58,0.25,800,116650
20240104,09:15:06,0.25,1,117750
20240104,09:15:06,0.25,50,117750
20240104,09:15:07,0.35,500,117750
20240104,09:16:18,0.35,500,117750
20240104,09:16:25,0.35,450,117750
20240104,09:17:01,0.25,50,117750
20240104,09:17:05,0.25,100,117750
20240104,09:17:10,0.25,800,117750
20240104,09:17:17,0.25,450,117750
20240104,09:17:25,0.3,450,116700
20240104,09:18:11,0.25,2200,116700
20240104,09:18:18,0.25,200,116700
20240104,09:18:21,0.25,200,116700
20240104,09:18:22,0.25,800,116700
20240104,09:18:24,0.25,800,116700
20240104,09:18:59,0.25,800,116700
20240104,09:19:40,0.2,250,116700
20240104,09:22:09,0.2,400,115100
20240104,09:23:19,0.25,500,115100
20240104,09:23:44,0.2,250,114800
20240104,09:24:57,0.25,1800,114800
20240104,09:28:39,0.2,1350,114800
20240104,09:28:40,0.2,1400,114450
20240104,09:29:12,0.2,800,114450
20240104,09:29:14,0.2,100,114450
20240104,09:29:16,0.2,200,114450
20240104,09:29:18,0.2,1800,114450
20240104,09:29:20,0.15,1100,114450
20240104,09:29:22,0.15,250,114450
20240104,09:29:23,0.15,50,115150
20240104,09:29:26,0.15,3650,115150
20240104,09:29:29,0.2,50,115150
20240104,09:29:32,0.15,1800,115150
20240104,09:29:41,0.2,50,115150
20240104,09:29:52,0.15,50,115150
20240104,09:29:56,0.15,150,115150
20240104,09:30:00,0.15,100,115150
20240104,09:30:05,0.15,1800,115150
20240104,09:30:06,0.15,1800,115150
20240104,09:30:08,0.15,50,115150
20240104,09:30:13,0.15,1800,115150
20240104,09:30:17,0.15,1800,115150
20240104,09:30:19,0.15,1800,115150
20240104,09:30:25,0.15,1800,115150
20240104,09:30:26,0.15,50,115150
20240104,09:30:37,0.15,900,115150
20240104,09:30:39,0.15,1800,115150
20240104,09:30:55,0.15,100,115150
20240104,09:31:08,0.15,250,115150
20240104,09:31:19,0.15,50,115150
20240104,09:31:45,0.15,1800,115150
20240104,09:31:47,0.15,5950,115150
