date,time,tick_price,volume,open_interest
20240104,15:15:35,34.7,250,650
20240104,15:15:56,34.7,150,650
20240104,15:16:06,34.7,150,650
20240104,15:17:30,34.7,50,650
20240104,15:17:49,34.7,50,650
20240105,10:54:21,35.05,1,650
20240105,10:54:21,35.0,100,650
20240105,11:14:12,29.45,50,750
20240105,12:17:06,29.45,1800,750
20240105,12:17:22,29.45,1200,750
20240105,12:20:26,30.75,100,3750
20240105,12:23:44,30.75,50,3850
20240105,12:24:18,30.75,50,3900
20240105,12:42:49,31.85,50,3900
20240105,12:43:08,31.85,50,3900
20240105,12:57:59,31.9,50,4000
20240105,12:59:23,31.9,50,4000
20240105,13:02:03,31.95,50,4100
20240105,13:02:11,31.9,150,4100
20240105,13:02:19,31.95,50,4100
20240105,13:02:27,31.85,100,4100
20240105,13:02:43,31.95,50,4100
20240105,13:09:22,29.9,350,4500
20240105,14:50:21,30.35,250,4500
20240105,15:18:58,28.1,450,4750
20240109,11:34:41,19.3,1,5200
20240109,11:34:41,19.25,100,5200
20240109,11:54:40,26.35,50,5300
20240109,11:56:13,26.35,150,5300
20240109,11:56:31,26.35,400,5300
20240109,11:58:03,26.35,250,5000
20240109,11:58:12,26.35,150,5000
20240109,11:59:04,26.35,100,5000
20240109,11:59:13,26.35,300,5000
20240109,11:59:50,26.35,250,5000
20240109,12:00:01,26.35,200,5000
20240109,12:39:42,26.35,100,4500
20240109,12:40:24,26.35,700,4500
20240109,12:41:26,26.35,1000,4500
20240109,15:00:13,34.65,50,4500
20240109,15:00:26,35.25,50,4500
20240109,15:00:39,35.95,50,4400
20240109,15:00:52,36.35,100,4400
20240110,14:40:16,30.95,1,4250
20240110,14:40:16,30.95,250,4250
20240110,14:40:28,30.95,1550,4250
20240110,14:44:14,31.75,650,5450
20240110,14:46:25,31.75,250,4950
20240110,14:46:45,31.75,250,4950
20240110,14:47:05,31.75,250,4950
20240110,14:48:38,31.75,400,4950
20240110,15:00:50,31.75,250,4550
20240110,15:01:02,26.65,250,4550
20240110,15:04:01,25.85,50,4800
20240111,11:26:05,27.15,1,4800
20240111,11:26:05,27.2,500,4800
20240111,11:30:20,24.3,50,4850
20240111,11:45:21,23.3,450,4900
20240111,11:45:50,23.2,350,4900
20240111,12:15:25,23.95,100,4900
20240111,13:07:07,22.2,50,5000
20240111,15:22:50,22.2,100,5000
20240111,15:23:27,22.55,50,5000
20240112,09:39:28,16.7,1,5050
20240112,09:39:28,16.7,200,5050
20240112,09:56:01,18.0,100,5050
20240112,09:56:09,17.85,200,5050
20240112,09:56:16,17.9,50,5050
20240112,09:56:30,17.85,50,5050
20240112,09:56:58,17.85,50,5450
20240112,09:57:48,17.7,50,5450
20240112,09:57:55,17.7,100,5450
20240112,09:58:02,17.7,50,5450
20240112,09:58:23,16.35,100,5450
20240112,09:58:45,16.35,50,5450
20240112,10:11:01,16.05,100,5650
20240112,13:16:00,16.05,100,5550
20240112,13:23:24,16.5,50,5550
20240112,13:45:46,17.4,100,5550
20240112,13:46:10,17.0,100,5550
20240112,13:55:47,16.2,50,5550
20240112,14:03:26,17.15,150,5550
20240112,14:03:34,17.15,150,5550
20240112,14:46:07,17.55,250,5250
20240112,14:46:15,17.55,50,5250
20240112,14:46:24,17.55,100,5250
20240116,09:57:09,4.2,1,5250
20240116,09:57:09,4.2,50,5250
20240116,13:15:21,14.2,150,4850
20240116,13:21:42,14.2,50,4850
20240116,13:27:00,14.2,50,4800
20240116,13:27:33,14.25,50,4800
20240116,13:39:19,15.1,50,4800
20240116,14:19:30,15.1,50,4800
20240116,14:19:56,13.25,50,4800
20240116,14:21:48,13.25,650,4800
20240116,14:24:39,12.85,150,4150
20240116,14:25:06,12.75,300,4150
20240116,14:29:23,12.75,250,4050
20240116,14:30:06,12.75,500,4050
20240116,14:39:56,12.75,250,3300
20240116,14:40:16,12.75,250,3300
20240116,14:42:09,12.75,450,3300
20240116,14:42:19,12.75,100,3300
20240116,14:43:13,12.75,250,2250
20240116,14:52:10,12.9,250,2150
20240117,09:18:34,12.9,1,2150
20240117,09:18:34,12.9,50,2150
20240117,09:31:18,19.2,50,2100
20240117,09:57:41,19.2,100,2150
20240117,10:09:48,16.5,50,2150
20240117,10:16:23,16.5,150,2100
20240117,10:28:32,25.0,100,2100
20240117,10:42:48,25.0,50,2150
20240117,10:43:07,18.55,100,2150
20240117,10:45:23,19.15,50,2150
20240117,10:51:55,19.2,50,2200
20240117,11:03:03,18.6,50,2250
20240117,11:40:23,21.3,50,2200
20240117,11:40:54,21.4,50,2200
20240117,11:41:45,22.55,150,2200
20240117,11:42:17,22.85,1000,2450
20240117,11:42:40,23.15,500,2450
20240117,11:50:36,24.2,200,3950
20240117,11:53:44,24.95,50,4150
20240117,11:53:53,25.0,650,4150
20240117,12:07:58,28.9,50,4850
20240117,12:26:25,28.9,100,4800
20240117,12:31:56,28.1,100,4800
20240117,12:32:43,27.5,50,4800
20240117,12:35:58,27.5,50,4950
20240117,12:39:30,26.95,500,5000
20240117,12:49:21,28.95,100,4500
20240117,12:56:15,30.25,50,4400
20240117,12:57:26,31.8,50,4350
20240117,13:00:26,31.8,100,4400
20240117,13:15:27,32.85,200,4300
20240117,13:15:45,32.85,200,4300
20240117,13:15:55,31.6,200,4300
20240117,13:20:06,31.8,100,4200
20240117,13:20:54,31.85,100,4200
20240117,13:27:10,31.45,50,4100
20240117,13:30:52,30.55,50,4150
20240117,13:38:07,32.15,100,4100
20240117,13:40:19,30.85,100,4000
20240117,13:52:15,26.15,100,4000
20240117,13:55:14,27.7,50,3900
20240117,13:56:03,27.5,100,3900
20240117,14:05:42,27.35,50,3900
20240117,14:09:40,26.5,50,3900
20240117,14:10:37,26.5,50,3900
20240117,14:15:13,26.7,50,3850
20240117,14:19:13,27.3,50,3850
20240117,14:21:15,28.2,100,3850
20240117,14:47:38,33.0,250,3850
20240117,14:47:57,33.0,50,3850
20240117,14:48:06,32.55,150,3850
20240117,14:49:41,33.05,150,4100
20240117,14:50:54,32.6,200,4100
20240117,14:51:04,32.6,100,4100
20240117,14:51:42,32.8,100,4100
20240117,14:57:34,32.95,50,4100
20240117,15:01:39,34.65,50,4100
20240117,15:03:02,34.65,50,4100
20240117,15:03:57,33.7,50,4150
20240117,15:04:07,33.25,400,4150
20240117,15:04:17,33.4,50,4150
20240117,15:05:06,33.3,350,4150
20240117,15:05:45,33.8,500,4150
20240117,15:05:55,33.65,100,4150
20240117,15:07:30,34.95,600,4850
20240117,15:09:45,33.65,50,4250
20240117,15:10:13,33.3,700,4250
20240117,15:10:24,33.65,3000,4250
20240117,15:10:44,33.6,500,4250
20240117,15:11:19,33.35,100,4250
20240117,15:11:40,32.95,300,4250
20240117,15:11:51,33.0,2350,4250
20240117,15:12:01,33.2,2350,4250
20240117,15:12:10,32.95,150,4250
20240117,15:12:20,32.95,1250,4250
20240117,15:12:30,32.95,2600,4250
20240117,15:12:40,32.95,2100,4250
20240117,15:14:21,32.7,2350,19000
20240117,15:15:00,32.45,50,19000
20240117,15:15:31,32.8,4000,19000
20240117,15:15:40,33.0,900,19000
20240117,15:15:49,33.0,1000,26200
20240117,15:15:59,33.8,3050,26200
20240117,15:16:09,34.0,1500,26200
20240117,15:16:31,34.75,50,26200
20240117,15:16:41,35.05,3150,26200
20240117,15:17:09,34.85,250,26200
20240117,15:18:39,34.9,300,33600
20240117,15:19:36,34.95,100,33600
20240117,15:20:23,35.9,6100,33600
20240117,15:20:33,35.9,100,33600
20240117,15:20:42,35.9,50,33600
20240117,15:23:32,36.6,100,40000
20240117,15:24:18,36.6,100,40000
20240117,15:25:02,36.8,50,40000
20240117,15:25:11,36.95,100,40000
20240117,15:25:20,37.1,50,40000
20240117,15:25:30,37.3,750,40000
20240117,15:26:36,37.3,500,40000
20240117,15:26:55,37.2,100,40000
20240117,15:27:13,37.0,50,40000
20240117,15:27:31,37.5,500,40000
20240117,15:27:53,37.8,1650,40700
20240117,15:28:16,38.35,150,40700
20240117,15:28:24,38.55,850,40700
20240117,15:28:43,38.35,450,40700
20240117,15:28:55,38.2,50,40700
20240117,15:29:27,38.7,100,40700
20240117,15:29:36,38.8,200,40700
20240117,15:29:47,38.75,250,40700
20240117,15:29:59,32.75,100,40700
20240118,09:15:26,42.35,1,40600
20240118,09:15:26,42.35,300,40600
20240118,09:15:37,36.05,750,40600
20240118,09:15:48,43.25,450,40600
20240118,09:15:48,36.05,450,40600
20240118,09:16:10,45.3,100,40600
20240118,09:17:58,45.3,100,39550
20240118,09:18:18,44.15,100,39550
20240118,09:18:30,43.05,850,39550
20240118,09:19:51,44.7,500,39550
20240118,09:20:03,44.75,200,39550
20240118,09:20:13,45.1,100,39550
20240118,09:20:23,45.45,50,39550
20240118,09:20:33,45.45,200,39550
20240118,09:21:03,44.5,400,38450
20240118,09:21:14,43.95,6450,38450
20240118,09:21:55,43.75,150,38450
20240118,09:23:06,44.0,1000,38450
20240118,09:24:58,43.45,750,33250
20240118,09:25:09,43.05,2300,33250
20240118,09:25:30,42.65,5850,33250
20240118,09:25:41,42.6,3800,33250
20240118,09:25:51,42.6,1250,33250
20240118,09:26:02,42.2,4700,33250
20240118,09:26:23,42.75,950,33250
20240118,09:26:33,43.35,150,33250
20240118,09:26:44,43.9,850,19650
20240118,09:27:35,44.25,50,19650
20240118,09:28:07,43.45,50,19650
20240118,09:29:01,44.15,950,19650
20240118,09:30:08,43.8,8300,19650
20240118,09:30:18,43.8,1050,19650
20240118,09:31:18,44.5,100,19650
20240118,09:31:28,45.15,500,19650
20240118,09:32:21,44.9,100,19650
20240118,09:32:53,45.75,550,14700
20240118,09:33:23,46.35,350,14700
20240118,09:33:57,47.0,50,14700
20240118,09:34:08,47.0,100,14700
20240118,09:34:17,46.6,50,14700
20240118,09:34:27,47.05,50,14700
20240118,09:35:06,47.05,300,14700
20240118,09:35:35,47.0,300,14700
20240118,09:35:46,47.55,7300,15400
20240118,09:35:58,47.95,300,15400
20240118,09:36:11,48.4,550,15400
20240118,09:36:24,48.7,50,15400
20240118,09:36:46,50.35,850,15400
20240118,09:36:58,50.35,1000,15400
20240118,09:37:09,50.8,450,15400
20240118,09:37:19,50.35,200,15400
20240118,09:37:31,50.45,650,15400
20240118,09:37:42,51.1,300,15400
20240118,09:37:53,51.55,50,15400
20240118,09:38:28,52.05,100,15400
20240118,09:38:38,52.05,100,15400
20240118,09:39:07,52.2,150,12550
20240118,09:39:17,52.2,700,12550
20240118,09:40:06,52.55,200,12550
20240118,09:40:18,52.6,600,12550
20240118,09:40:51,52.6,100,12550
20240118,09:41:01,52.05,200,12550
20240118,09:41:20,51.6,550,12550
20240118,09:42:19,50.4,150,11600
20240118,09:42:32,51.15,200,11600
20240118,09:43:23,50.8,50,11600
20240118,09:43:33,51.15,150,11600
20240118,09:44:52,49.95,650,11800
20240118,09:45:21,49.65,300,11800
20240118,09:46:47,50.65,200,11800
20240118,09:47:11,51.65,200,11800
20240118,09:47:23,52.15,200,11800
20240118,09:47:34,52.35,50,11800
20240118,09:47:57,52.05,100,11100
20240118,09:48:41,53.0,250,11100
20240118,09:49:36,53.15,200,11100
20240118,09:51:10,54.55,200,10950
20240118,09:53:09,58.85,1750,10950
20240118,09:53:18,57.2,1200,10950
20240118,09:53:27,58.15,100,10950
20240118,09:53:36,58.15,150,10950
20240118,09:54:35,58.1,150,9150
20240118,09:54:44,57.2,1300,9150
20240118,09:54:56,57.4,100,9150
20240118,09:55:28,59.45,150,9150
20240118,09:57:43,62.75,50,8900
20240118,09:57:55,62.75,50,8900
20240118,09:58:05,62.35,100,8900
20240118,09:58:16,62.15,300,8900
20240118,09:58:26,63.0,1050,8900
20240118,09:59:32,63.0,50,8900
20240118,09:59:42,63.15,50,8900
20240118,10:00:13,63.15,50,9350
20240118,10:00:23,60.75,150,9350
20240118,10:00:34,60.7,150,9350
20240118,10:01:17,55.55,100,9350
20240118,10:01:28,55.95,100,9350
20240118,10:01:50,54.3,150,9350
20240118,10:02:00,55.05,150,9350
20240118,10:02:41,55.25,300,9350
20240118,10:04:54,53.75,100,9500
20240118,10:05:24,53.7,100,9500
20240118,10:05:53,53.15,100,9350
20240118,10:06:13,51.65,200,9350
20240118,10:06:24,52.4,200,9350
20240118,10:06:34,52.45,50,9350
20240118,10:07:19,47.5,400,9350
20240118,10:07:42,49.3,100,9350
20240118,10:08:04,50.0,1150,9350
20240118,10:08:57,47.4,350,8050
20240118,10:09:08,46.4,250,8050
20240118,10:09:57,43.35,150,8050
20240118,10:10:23,40.7,100,8050
20240118,10:10:35,41.6,100,8050
20240118,10:10:48,42.4,600,8050
20240118,10:11:44,45.0,50,8050
20240118,10:12:06,44.55,200,8500
20240118,10:12:17,45.25,50,8500
20240118,10:12:39,45.0,50,8500
20240118,10:12:49,44.7,100,8500
20240118,10:13:41,45.15,200,8500
20240118,10:13:52,46.3,100,8500
20240118,10:14:44,46.55,50,8500
20240118,10:14:54,46.65,550,8250
20240118,10:15:04,46.6,650,8250
20240118,10:15:48,49.25,50,8250
20240118,10:15:59,49.15,50,8250
20240118,10:16:51,52.3,300,8250
20240118,10:17:33,50.7,100,8250
20240118,10:18:03,49.95,600,8200
20240118,10:18:33,50.55,450,8200
20240118,10:18:44,50.45,100,8200
20240118,10:18:53,50.25,400,8200
20240118,10:19:13,50.35,50,8200
20240118,10:19:42,49.65,350,8200
20240118,10:19:52,49.65,150,8200
20240118,10:20:01,48.95,50,8200
20240118,10:20:12,48.95,350,8200
20240118,10:20:32,48.85,50,8200
20240118,10:20:42,48.1,700,8200
20240118,10:21:03,46.95,150,7900
20240118,10:21:14,47.65,100,7900
20240118,10:21:24,47.55,50,7900
20240118,10:21:35,47.45,50,7900
20240118,10:22:07,45.85,100,7900
20240118,10:22:39,46.05,350,7900
20240118,10:24:02,45.55,250,8200
20240118,10:24:13,46.2,50,8200
20240118,10:24:24,46.45,50,8200
20240118,10:24:34,46.95,50,8200
20240118,10:25:04,45.9,100,8200
20240118,10:25:15,45.9,50,8200
20240118,10:25:25,45.75,550,8200
20240118,10:26:18,44.85,100,8200
20240118,10:26:29,44.4,150,8200
20240118,10:26:52,43.65,350,8800
20240118,10:27:03,43.5,400,8800
20240118,10:27:14,43.6,50,8800
20240118,10:27:35,43.75,50,8800
20240118,10:27:55,43.55,50,8800
20240118,10:28:06,43.4,50,8800
20240118,10:28:16,43.55,100,8800
20240118,10:28:47,42.7,100,8800
20240118,10:28:57,42.75,50,8800
20240118,10:29:08,42.2,50,8800
20240118,10:29:19,42.4,100,8800
20240118,10:30:11,43.7,300,8800
20240118,10:30:21,43.15,150,8800
20240118,10:30:41,42.8,50,8800
20240118,10:30:52,42.6,50,8800
20240118,10:31:02,42.4,50,8800
20240118,10:32:04,42.1,50,8800
20240118,10:32:45,42.55,50,8800
20240118,10:34:16,44.1,1100,9150
20240118,10:34:26,44.45,650,9150
20240118,10:34:37,44.8,50,9150
20240118,10:34:59,45.35,100,9150
20240118,10:35:21,45.15,400,9150
20240118,10:35:31,45.6,250,9150
20240118,10:35:41,45.9,200,9150
20240118,10:35:52,45.65,600,9150
20240118,10:36:23,45.25,100,9500
20240118,10:36:33,44.45,50,9500
20240118,10:36:44,44.0,50,9500
20240118,10:36:54,43.05,100,9500
20240118,10:37:17,42.75,300,9500
20240118,10:37:27,42.5,150,9500
20240118,10:38:17,42.0,500,9500
20240118,10:39:28,41.7,500,8700
20240118,10:39:39,41.65,100,8700
20240118,10:40:12,40.8,550,8700
20240118,10:41:04,41.4,50,8700
20240118,10:41:15,41.75,100,8700
20240118,10:42:16,41.2,50,8800
20240118,10:42:38,40.5,200,8800
20240118,10:42:49,39.15,200,8800
20240118,10:43:57,39.1,100,8800
20240118,10:44:07,38.9,300,8800
20240118,10:44:28,38.15,50,8800
20240118,10:44:38,38.0,250,8800
20240118,10:44:51,37.2,3000,8800
20240118,10:45:05,37.15,200,10550
20240118,10:45:17,37.3,400,10550
20240118,10:45:49,37.5,200,10550
20240118,10:46:11,37.7,100,10550
20240118,10:48:06,36.0,400,10250
20240118,10:48:18,36.0,50,10250
20240118,10:48:42,35.55,50,10250
20240118,10:49:05,34.65,250,10250
20240118,10:49:50,34.45,150,10250
20240118,10:50:01,35.25,100,10250
20240118,10:50:32,34.8,50,10250
20240118,10:50:54,34.8,250,10250
20240118,10:51:28,35.25,400,10250
20240118,10:51:54,35.8,100,10250
20240118,10:56:02,38.05,100,10700
20240118,10:56:13,36.95,100,10700
20240118,10:57:15,37.6,150,10750
20240118,11:00:10,36.65,50,10750
20240118,11:00:42,36.5,100,10750
20240118,11:01:55,36.8,100,10750
20240118,11:02:05,37.1,150,10750
20240118,11:02:16,37.2,300,10750
20240118,11:02:26,37.2,250,10750
20240118,11:03:37,37.7,550,11300
20240118,11:04:08,37.65,50,11300
20240118,11:04:27,37.35,50,11300
20240118,11:05:27,37.2,50,11300
20240118,11:05:47,37.45,50,11300
20240118,11:06:07,37.55,50,11500
20240118,11:08:10,36.0,50,11500
20240118,11:08:20,36.25,50,11500
20240118,11:09:12,34.95,300,11600
20240118,11:09:51,34.1,100,11600
20240118,11:10:59,34.1,200,11600
20240118,11:11:09,34.5,700,11600
20240118,11:11:19,34.5,450,11600
20240118,11:12:33,34.75,400,12550
20240118,11:13:38,34.6,100,12550
20240118,11:13:49,34.55,150,12550
20240118,11:13:59,34.3,150,12550
20240118,11:14:39,34.0,400,12550
20240118,11:15:42,34.0,1150,13150
20240118,11:16:44,35.35,50,13150
20240118,11:18:58,35.8,200,13300
20240118,11:19:09,35.8,250,13300
20240118,11:19:50,35.7,50,13300
20240118,11:23:11,34.55,50,13800
20240118,11:23:31,34.25,50,13800
20240118,11:24:12,33.55,50,13750
20240118,11:27:41,33.55,150,13800
20240118,11:31:46,33.0,50,13950
20240118,11:32:17,32.25,250,13950
20240118,11:33:44,32.05,400,14000
20240118,11:34:24,31.9,50,14000
20240118,11:37:25,31.8,50,14200
20240118,11:41:03,31.8,50,14200
20240118,11:41:13,32.55,50,14200
20240118,11:43:37,33.55,100,14150
20240118,11:43:57,33.0,50,14150
20240118,11:44:07,33.0,50,14150
20240118,11:45:34,32.5,150,14050
20240118,11:46:22,32.2,300,14050
20240118,11:47:20,32.5,150,14050
20240118,11:47:57,32.4,300,14050
20240118,11:48:16,31.9,150,14000
20240118,11:48:26,32.3,200,14000
20240118,11:54:46,31.4,50,14200
20240118,11:54:56,31.2,450,14200
20240118,11:56:02,31.2,50,14200
20240118,11:56:48,31.3,1500,14200
20240118,11:56:59,31.1,50,14200
20240118,11:57:09,31.1,50,14200
20240118,11:57:19,31.0,200,12450
20240118,11:57:29,31.0,50,12450
20240118,11:58:16,30.25,50,12450
20240118,11:58:38,29.9,50,12450
20240118,11:59:00,29.6,700,12450
20240118,11:59:36,29.9,850,12450
20240118,12:01:22,29.8,100,11400
20240118,12:05:56,29.8,50,11450
20240118,12:06:28,30.0,200,11450
20240118,12:06:49,30.1,150,11450
20240118,12:07:00,29.9,150,11450
20240118,12:07:11,29.55,100,11450
20240118,12:08:21,29.65,100,11450
20240118,12:09:03,29.4,400,11450
20240118,12:10:05,28.6,1100,11300
20240118,12:10:37,28.6,100,11300
20240118,12:10:58,28.7,100,11300
20240118,12:11:11,28.8,250,11300
20240118,12:11:24,28.65,50,11300
20240118,12:15:28,26.8,50,10150
20240118,12:17:17,26.8,100,10150
20240118,12:18:42,27.8,100,10150
20240118,12:22:37,27.45,50,10050
20240118,12:22:48,27.15,2800,10050
20240118,12:23:00,27.15,600,10050
20240118,12:23:58,27.15,350,10050
20240118,12:24:11,27.05,700,7300
20240118,12:24:24,27.4,1700,7300
20240118,12:26:17,27.4,50,7300
20240118,12:30:10,28.1,300,6700
20240118,12:31:20,28.7,250,7000
20240118,12:33:27,29.3,150,6750
20240118,12:33:52,29.65,50,6750
20240118,12:34:03,29.75,100,6750
20240118,12:34:15,30.2,100,6750
20240118,12:34:27,30.6,100,6750
20240118,12:35:03,31.75,100,6750
20240118,12:35:26,31.35,50,6750
20240118,12:35:37,31.3,50,6750
20240118,12:36:53,31.15,50,7000
20240118,12:37:14,31.8,300,7000
20240118,12:38:13,31.7,250,7000
20240118,12:40:19,31.75,50,7000
20240118,12:41:14,31.8,350,7000
20240118,12:44:02,32.9,350,7350
20240118,12:46:26,33.0,150,7100
20240118,12:46:48,33.55,50,7100
20240118,12:47:30,34.15,50,7100
20240118,12:48:23,34.25,50,7150
20240118,12:49:43,35.8,50,7150
20240118,12:49:54,35.7,50,7150
20240118,12:50:27,34.75,50,7150
20240118,13:00:44,35.7,250,7150
20240118,13:01:17,35.55,300,7150
20240118,13:02:42,35.8,150,7150
20240118,13:05:13,36.5,200,7350
20240118,13:05:23,35.95,50,7350
20240118,13:05:34,36.25,50,7350
20240118,13:05:56,34.7,50,7350
20240118,13:31:58,35.35,500,7350
20240118,13:32:41,35.05,300,7350
20240118,13:37:14,35.15,100,7100
20240118,13:38:20,36.35,100,7100
20240118,13:40:21,35.7,50,7000
20240118,13:40:51,35.7,50,7000
20240118,13:42:14,35.95,50,7000
20240118,13:45:03,35.5,50,6950
20240118,13:45:23,35.6,50,6950
20240118,13:59:57,33.0,200,6900
20240118,14:02:37,34.05,50,7050
20240118,14:02:47,33.8,250,7050
20240118,14:04:33,33.95,50,6950
20240118,14:11:59,34.55,50,6900
20240118,14:12:41,33.5,100,6950
20240118,14:14:33,30.9,300,6950
20240118,14:15:22,30.8,50,7350
20240118,14:16:56,30.05,50,7350
20240118,14:17:34,30.05,50,7350
20240118,14:17:55,30.25,50,7350
20240118,14:18:06,30.5,50,7350
20240118,14:18:26,30.7,100,7250
20240118,14:19:26,30.95,50,7250
20240118,14:27:09,32.3,50,7200
20240118,14:27:21,32.9,50,7200
20240118,14:27:44,33.55,50,7200
20240118,14:27:57,33.15,50,7200
20240118,14:28:52,32.35,250,7200
20240118,14:30:18,32.55,250,7200
20240118,14:31:02,34.05,50,7250
20240118,14:31:14,33.95,100,7250
20240118,14:31:25,34.25,150,7250
20240118,14:31:46,33.75,600,7250
20240118,14:31:57,33.9,200,7250
20240118,14:33:32,33.45,100,7300
20240118,14:33:42,33.3,150,7300
20240118,14:35:29,31.65,250,7300
20240118,14:36:10,31.85,750,7300
20240118,14:36:50,31.55,50,7650
20240118,14:37:09,31.5,50,7650
20240118,14:37:19,31.2,500,7650
20240118,14:39:12,28.4,150,7650
20240118,14:39:33,28.05,50,7250
20240118,14:41:32,26.8,250,7250
20240118,14:43:26,25.4,250,7250
20240118,14:43:47,25.4,1500,7200
20240118,14:44:30,25.6,750,7200
20240118,14:48:12,26.1,250,7000
20240118,14:48:53,26.15,250,7250
20240118,14:49:12,26.25,50,7250
20240118,14:49:49,26.5,50,7250
20240118,14:50:40,26.2,500,7250
20240118,14:51:12,25.9,250,7250
20240118,14:51:22,25.65,100,7250
20240118,14:52:27,25.55,50,7500
20240118,14:52:38,25.6,50,7500
20240118,14:56:24,26.8,100,7550
20240118,14:56:45,26.6,200,7550
20240118,14:58:19,27.4,600,7300
20240118,14:59:10,27.15,50,7300
20240118,15:00:20,26.8,50,7300
20240118,15:04:07,26.1,450,7850
20240118,15:04:27,26.1,300,7850
20240118,15:04:55,26.05,50,7850
20240118,15:05:05,26.05,50,7850
20240118,15:06:25,25.5,250,7850
20240118,15:06:48,24.5,250,7150
20240118,15:06:59,24.0,250,7150
20240118,15:07:22,24.0,50,7150
20240118,15:08:33,23.1,300,7150
20240118,15:08:55,23.1,250,7150
20240118,15:10:58,23.45,100,7150
20240118,15:11:22,23.5,50,7150
20240118,15:14:17,22.9,1850,7200
20240118,15:14:30,22.8,1200,7200
20240118,15:14:42,22.75,250,7200
20240118,15:14:53,22.7,650,7200
20240118,15:15:03,22.65,50,7200
20240118,15:15:13,22.15,2300,7200
20240118,15:15:23,22.15,250,7200
20240118,15:15:43,22.35,50,12000
20240118,15:16:02,22.4,50,12000
20240118,15:16:22,22.2,150,12000
20240118,15:16:31,22.15,1800,12000
20240118,15:16:51,22.05,450,12000
20240118,15:17:01,22.05,50,12000
20240118,15:17:11,22.1,50,12000
20240118,15:18:25,21.85,50,12000
20240118,15:19:24,21.5,950,14300
20240118,15:20:18,21.25,50,14300
20240118,15:21:00,21.25,50,14300
20240118,15:22:13,21.45,50,14700
20240118,15:22:24,21.35,50,14700
20240118,15:23:56,21.8,300,14700
20240118,15:24:08,21.85,450,14700
20240118,15:25:02,21.7,250,14300
20240118,15:25:22,21.8,100,14300
20240118,15:26:37,22.25,700,14300
20240118,15:27:00,22.35,50,14300
20240118,15:27:31,22.7,50,14300
20240118,15:27:51,22.95,50,14000
20240118,15:28:22,23.65,100,14000
20240118,15:28:43,24.05,100,14000
20240118,15:29:14,24.5,50,14000
20240118,15:29:25,24.5,50,14000
20240119,09:15:03,20.75,1,14100
20240119,09:15:03,20.75,200,14100
20240119,09:15:08,18.5,300,14100
20240119,09:15:18,17.35,200,14100
20240119,09:15:46,15.85,100,14100
20240119,09:15:50,15.25,200,14100
20240119,09:15:55,14.85,200,14100
20240119,09:16:00,14.85,50,14100
20240119,09:16:04,15.4,200,14100
20240119,09:17:09,15.6,150,14100
20240119,09:17:13,15.75,350,14100
20240119,09:17:22,15.8,550,14100
20240119,09:17:26,15.9,200,14500
20240119,09:17:35,15.7,500,14500
20240119,09:17:43,15.65,400,14500
20240119,09:17:56,15.35,50,14500
20240119,09:18:18,15.15,50,14500
20240119,09:18:22,15.2,50,14500
20240119,09:18:26,15.25,50,14500
20240119,09:18:35,15.3,50,14500
20240119,09:18:44,15.3,400,14500
20240119,09:19:04,15.55,200,14500
20240119,09:19:39,15.9,350,14500
20240119,09:19:50,15.85,50,14500
20240119,09:20:24,16.1,750,14500
20240119,09:20:35,16.3,700,16050
20240119,09:20:47,16.35,250,16050
20240119,09:21:09,16.25,200,16050
20240119,09:21:53,15.8,150,16050
20240119,09:22:25,16.0,250,16050
20240119,09:22:36,16.05,50,16050
20240119,09:22:58,16.2,50,16050
20240119,09:23:30,16.15,50,15800
20240119,09:24:13,16.15,150,15800
20240119,09:24:56,16.05,100,15800
20240119,09:25:07,16.25,500,15800
20240119,09:25:18,16.1,300,15800
20240119,09:25:28,16.0,100,15800
20240119,09:25:38,16.05,200,15800
20240119,09:25:49,16.0,50,15800
20240119,09:26:12,15.95,50,15800
20240119,09:26:22,15.9,100,15800
20240119,09:26:34,15.9,50,15800
20240119,09:27:07,16.1,100,16700
20240119,09:28:10,15.3,50,16700
20240119,09:28:52,15.5,500,16700
20240119,09:29:03,15.55,50,16700
20240119,09:32:03,15.3,200,16900
20240119,09:32:37,15.75,200,16900
20240119,09:32:49,15.85,100,16900
20240119,09:33:01,15.9,150,16900
20240119,09:33:33,15.95,200,16900
20240119,09:33:45,15.9,50,16900
20240119,09:35:02,16.25,250,16900
20240119,09:35:14,16.35,100,16900
20240119,09:35:38,16.0,50,17000
20240119,09:37:00,15.7,50,17000
20240119,09:39:09,15.35,200,16550
20240119,09:41:07,15.4,50,16550
20240119,09:42:06,16.3,50,16600
20240119,09:42:18,16.5,300,16600
20240119,09:44:41,16.65,50,16600
20240119,09:45:51,17.2,100,16600
20240119,09:47:46,17.15,100,16650
20240119,09:49:13,15.8,250,16650
20240119,09:50:08,16.1,50,16650
20240119,09:50:19,16.3,50,16650
20240119,09:50:53,17.1,50,17000
20240119,10:00:34,15.7,50,17050
20240119,10:03:07,15.45,100,17050
20240119,10:07:38,15.3,200,17150
20240119,10:07:58,15.4,50,17150
20240119,10:08:08,15.5,200,17150
20240119,10:08:18,15.4,50,17150
20240119,10:08:30,15.55,50,17150
20240119,10:08:51,15.7,400,17350
20240119,10:09:32,15.7,100,17350
20240119,10:10:13,15.7,500,17350
20240119,10:10:25,15.85,100,17350
20240119,10:10:56,16.3,150,17350
20240119,10:11:18,15.85,100,17350
20240119,10:13:07,15.4,50,18550
20240119,10:13:26,15.5,250,18550
20240119,10:13:54,15.25,450,18550
20240119,10:14:04,15.35,200,18550
20240119,10:14:23,15.45,500,18550
20240119,10:14:52,15.55,50,19000
20240119,10:15:40,15.4,450,19000
20240119,10:18:29,15.5,100,19450
20240119,10:18:57,15.45,50,19450
20240119,10:21:11,15.3,550,19550
20240119,10:22:18,15.3,450,19550
20240119,10:22:58,15.4,100,19550
20240119,10:23:09,15.6,100,19550
20240119,10:23:19,15.55,150,19550
20240119,10:25:27,14.75,150,20100
20240119,10:26:39,14.5,50,20100
20240119,10:28:59,14.05,50,20250
20240119,10:29:21,14.0,400,20250
20240119,10:32:37,13.6,100,20250
20240119,10:32:49,13.45,50,20350
20240119,10:33:00,13.4,300,20350
20240119,10:36:27,13.4,100,20400
20240119,10:36:47,13.95,50,20400
20240119,10:37:07,13.85,50,20400
20240119,10:38:19,13.85,200,20400
20240119,10:40:15,13.7,300,20250
20240119,10:40:37,14.0,50,20250
20240119,10:42:38,13.95,200,20300
20240119,10:44:58,14.05,450,20300
20240119,10:45:18,14.15,100,20300
20240119,10:45:38,14.2,50,20300
20240119,10:45:57,14.25,200,20300
20240119,10:46:19,14.4,350,20300
20240119,10:50:36,14.55,100,20550
20240119,10:50:55,14.35,100,20650
20240119,10:52:00,14.55,100,20650
20240119,10:55:30,14.55,100,20550
20240119,10:58:11,15.3,100,20650
20240119,10:58:22,15.25,50,20650
20240119,10:58:33,15.3,350,20650
20240119,10:59:44,15.7,100,20650
20240119,11:02:27,15.35,50,21150
20240119,11:06:14,16.55,100,21150
20240119,11:07:00,16.9,1000,21150
20240119,11:07:23,17.0,50,21150
20240119,11:07:44,17.3,300,21150
20240119,11:08:07,17.75,350,21150
20240119,11:08:19,17.7,600,21150
20240119,11:08:31,17.3,300,21150
20240119,11:09:48,17.8,150,21300
20240119,11:10:12,18.2,400,21300
20240119,11:10:36,17.95,100,21300
20240119,11:10:48,17.8,50,21300
20240119,11:11:11,17.3,50,21300
20240119,11:12:09,18.1,100,20950
20240119,11:12:22,18.35,50,20950
20240119,11:12:56,17.9,450,20950
20240119,11:13:18,18.2,250,20950
20240119,11:14:13,18.3,50,20950
20240119,11:14:57,18.8,100,20750
20240119,11:15:07,18.8,50,20750
20240119,11:15:39,19.7,600,20750
20240119,11:15:51,19.4,650,20750
20240119,11:16:02,19.55,50,20750
20240119,11:16:23,19.3,50,20750
20240119,11:16:45,18.9,100,20750
20240119,11:16:56,18.3,550,20750
20240119,11:17:18,18.1,50,20750
20240119,11:17:30,17.85,100,20750
20240119,11:18:45,18.0,50,21600
20240119,11:19:40,17.8,100,21600
20240119,11:23:08,17.3,50,21600
20240119,11:23:39,17.85,50,21750
20240119,11:24:10,18.6,50,21800
20240119,11:27:28,18.15,100,21750
20240119,11:27:38,18.35,100,21750
20240119,11:27:48,18.35,150,21750
20240119,11:27:59,18.5,100,21750
20240119,11:28:10,18.2,50,21750
20240119,11:30:31,18.0,50,21600
20240119,11:30:42,17.9,50,21600
20240119,11:33:13,17.9,50,21600
20240119,11:37:03,18.55,150,21650
20240119,11:37:35,18.25,150,21650
20240119,11:38:26,18.15,100,21650
20240119,11:39:09,16.75,100,21300
20240119,11:39:20,16.4,50,21300
20240119,11:41:41,16.55,50,21300
20240119,11:42:28,16.95,50,21500
20240119,11:43:08,17.2,150,21500
20240119,11:44:34,17.4,150,21500
20240119,11:45:17,17.9,50,21750
20240119,11:45:27,18.45,250,21750
20240119,11:45:39,18.4,50,21750
20240119,11:46:09,18.5,200,21750
20240119,11:46:19,18.55,150,21750
20240119,11:46:29,18.75,250,21750
20240119,11:46:49,18.75,50,21750
20240119,11:46:58,18.8,100,21750
20240119,11:47:17,18.9,50,21750
20240119,11:47:37,18.95,100,21750
20240119,11:47:48,18.65,400,21750
20240119,11:48:16,18.0,300,21750
20240119,11:48:35,17.8,50,21900
20240119,11:49:21,17.7,50,21900
20240119,11:54:06,17.4,50,21900
20240119,11:54:36,17.15,50,21900
20240119,11:57:26,17.0,100,21900
20240119,12:00:19,17.85,50,21800
20240119,12:00:28,18.0,50,21800
20240119,12:01:32,18.1,50,21800
20240119,12:02:10,17.85,100,21800
20240119,12:02:20,17.8,50,21800
20240119,12:03:02,18.25,150,21850
20240119,12:04:11,18.35,50,21850
20240119,12:10:45,18.9,50,21700
20240119,12:10:56,19.0,50,21700
20240119,12:16:46,18.5,100,21650
20240119,12:18:10,19.0,150,21550
20240119,12:18:59,18.45,50,21550
20240119,12:19:07,18.45,50,21550
20240119,12:19:15,18.2,50,21550
20240119,12:19:40,18.0,1350,21550
20240119,12:19:49,18.15,250,21550
20240119,12:19:57,18.1,100,21550
20240119,12:20:04,18.3,50,21550
20240119,12:21:25,18.8,50,21800
20240119,12:21:34,18.7,150,21800
20240119,12:22:13,19.0,100,21800
20240119,12:23:21,19.2,50,21800
20240119,12:23:39,18.85,100,21800
20240119,12:24:52,18.25,50,21550
20240119,12:25:34,18.65,50,21550
20240119,12:25:53,18.9,50,21550
20240119,12:26:45,19.1,50,21550
20240119,12:27:24,18.55,50,21700
20240119,12:27:48,18.55,50,21700
20240119,12:28:04,18.55,50,21700
20240119,12:30:20,18.0,650,21700
20240119,12:30:37,17.9,50,21700
20240119,12:30:53,18.0,50,21700
20240119,12:31:01,17.9,50,21700
20240119,12:32:29,18.25,100,21700
20240119,12:37:42,17.45,50,22400
20240119,12:37:49,17.55,600,22400
20240119,12:38:33,17.3,250,22400
20240119,12:38:41,17.1,250,22400
20240119,12:39:59,17.0,200,22500
20240119,12:43:20,17.8,100,22300
20240119,12:43:48,17.45,50,22300
20240119,12:45:16,17.2,50,22350
20240119,12:46:25,16.8,100,22350
20240119,12:48:37,16.75,50,22400
20240119,12:58:04,15.85,50,22400
20240119,13:02:04,15.65,50,22400
20240119,13:03:27,15.4,50,22400
20240119,13:05:16,15.75,100,22400
20240119,13:05:23,15.85,50,22400
20240119,13:06:33,15.45,50,22500
20240119,13:06:58,15.15,100,22500
20240119,13:07:11,15.2,50,22500
20240119,13:08:15,14.9,100,22500
20240119,13:08:22,14.95,50,22500
20240119,13:08:45,14.65,50,22500
20240119,13:09:28,14.5,50,22750
20240119,13:10:47,14.8,50,22750
20240119,13:11:56,15.25,50,22750
20240119,13:20:26,13.9,50,22750
20240119,13:20:51,14.0,50,22750
20240119,13:21:08,14.1,50,22700
20240119,13:21:34,14.2,50,22700
20240119,13:21:42,14.3,50,22700
20240119,13:22:30,14.4,50,22700
20240119,13:23:27,14.5,50,22700
20240119,13:25:18,14.6,50,22650
20240119,13:25:26,14.8,100,22650
20240119,13:25:49,14.9,250,22650
20240119,13:26:13,15.0,50,22650
20240119,13:26:20,15.1,50,22650
20240119,13:26:55,15.4,200,22650
20240119,13:27:05,15.5,150,22650
20240119,13:27:52,15.8,150,22650
20240119,13:28:15,16.0,100,22650
20240119,13:28:26,16.15,100,22650
20240119,13:28:38,16.25,100,22650
20240119,13:29:25,16.2,1150,22650
20240119,13:29:36,16.3,100,22650
20240119,13:34:05,16.6,150,22350
20240119,13:39:02,14.25,100,22200
20240119,13:40:47,14.45,100,22200
20240119,13:40:56,14.5,50,22200
20240119,13:43:15,14.7,50,22200
20240119,13:46:32,14.9,50,22200
20240119,13:47:12,15.2,450,22200
20240119,13:52:27,15.7,100,21850
20240119,13:54:05,15.75,100,21700
20240119,13:54:54,15.45,50,21700
20240119,13:57:10,15.25,100,21700
20240119,13:57:42,15.2,100,21700
20240119,14:00:29,16.2,200,21750
20240119,14:03:47,17.05,100,21450
20240119,14:03:57,16.85,100,21450
20240119,14:04:58,16.45,50,21450
20240119,14:05:17,16.85,50,21450
20240119,14:06:35,17.05,50,21550
20240119,14:07:52,17.25,50,21550
20240119,14:08:11,17.25,50,21550
20240119,14:14:48,17.25,100,21600
20240119,14:18:18,16.3,50,21650
20240119,14:20:29,16.15,50,21650
20240119,14:30:39,14.7,50,21700
20240119,14:31:57,14.65,50,21700
20240119,14:38:47,15.2,100,21700
20240119,14:48:14,14.25,100,21800
20240119,14:48:24,14.4,250,21800
20240119,14:48:34,14.5,350,21800
20240119,14:48:43,14.8,50,21800
20240119,14:51:54,14.8,150,21150
20240119,14:52:03,14.7,550,21150
20240119,14:52:12,14.65,500,21150
20240119,14:52:46,14.7,450,21150
20240119,14:53:03,14.8,300,21150
20240119,14:54:01,14.55,550,21150
20240119,14:54:36,14.5,50,18850
20240119,14:54:53,14.35,100,18850
20240119,14:55:10,14.5,50,18850
20240119,14:56:24,15.15,50,18850
20240119,14:57:01,14.9,150,18850
20240119,14:57:18,14.9,50,18700
20240119,14:57:46,15.0,200,18700
20240119,14:57:55,15.15,50,18700
20240119,14:58:04,15.15,50,18700
20240119,14:58:23,14.9,100,18700
20240119,14:58:41,14.9,150,18700
20240119,14:59:37,14.95,900,18700
20240119,14:59:55,15.05,100,18700
20240119,15:00:04,15.05,100,18700
20240119,15:00:25,14.55,200,18450
20240119,15:00:44,15.4,100,18450
20240119,15:00:57,15.75,150,18450
20240119,15:01:09,15.35,100,18450
20240119,15:01:20,15.3,100,18450
20240119,15:01:53,15.05,450,18450
20240119,15:02:54,15.5,150,18450
20240119,15:03:03,15.4,50,18450
20240119,15:03:14,15.45,250,17350
20240119,15:04:14,15.45,50,17350
20240119,15:04:23,15.5,250,17350
20240119,15:05:12,15.65,100,17350
20240119,15:05:32,15.3,50,17350
20240119,15:06:41,14.85,100,17250
20240119,15:07:11,14.3,100,17250
20240119,15:07:41,14.5,250,17250
20240119,15:08:49,14.85,50,17250
20240119,15:10:02,14.85,50,17200
20240119,15:10:12,14.8,300,17200
20240119,15:12:02,15.1,500,17200
20240119,15:16:57,14.6,50,17550
20240119,15:18:13,14.9,250,17550
20240119,15:18:31,15.0,50,17550
20240119,15:20:12,15.1,150,17550
20240119,15:20:55,15.35,50,17550
20240119,15:21:03,15.35,50,17550
20240119,15:22:31,15.2,50,17700
20240119,15:25:48,14.7,300,17700
20240119,15:25:59,14.7,50,17700
20240119,15:27:04,14.8,50,17700
20240119,15:27:15,14.9,100,17700
20240119,15:27:26,14.95,450,17300
20240119,15:28:33,15.0,500,17300
20240119,15:28:45,14.9,300,17300
20240119,15:29:07,14.85,50,17300
20240119,15:29:28,14.6,50,17300
20240120,09:15:09,15.4,1,17700
20240120,09:15:09,15.4,100,17700
20240120,09:16:57,10.75,100,17700
20240120,09:17:32,10.75,50,17700
20240120,09:18:07,10.6,500,17800
20240120,09:18:30,10.6,1000,17800
20240120,09:22:25,10.6,150,18050
20240120,09:22:57,11.15,50,18050
20240120,09:23:19,11.15,100,18050
20240120,09:24:56,11.15,100,17850
20240120,09:25:06,11.1,100,17850
20240120,09:25:17,11.2,100,17850
20240120,09:25:48,11.5,100,17850
20240120,09:30:10,11.6,50,18100
20240120,09:30:21,11.7,50,18100
20240120,09:30:44,12.25,50,18100
20240120,09:31:30,12.25,50,18100
20240120,09:31:52,11.85,50,18100
20240120,09:34:20,12.8,800,18100
20240120,09:34:59,12.5,500,18100
20240120,09:35:10,12.85,100,18100
20240120,09:35:22,12.95,50,18100
20240120,09:35:33,13.1,50,18100
20240120,09:35:45,13.35,100,17850
20240120,09:35:56,13.05,50,17850
20240120,09:37:14,11.85,50,17850
20240120,09:44:31,13.0,250,17900
20240120,09:45:04,12.95,50,18000
20240120,09:45:47,12.9,100,18000
20240120,09:46:07,13.05,50,18000
20240120,09:56:16,13.0,100,18100
20240120,09:57:26,12.15,50,18200
20240120,10:05:28,13.15,150,18200
20240120,10:05:51,13.3,50,18200
20240120,10:05:58,13.25,50,18200
20240120,10:11:24,15.0,100,18300
20240120,10:11:34,15.15,50,18300
20240120,10:11:44,15.3,50,18450
20240120,10:11:55,15.15,350,18450
20240120,10:12:11,14.95,200,18450
20240120,10:12:20,14.7,200,18450
20240120,10:13:26,13.4,1200,18450
20240120,10:13:58,13.2,350,18450
20240120,10:14:06,13.2,550,18450
20240120,10:14:39,12.85,50,18450
20240120,10:15:10,12.65,50,19250
20240120,10:16:02,12.3,50,19250
20240120,10:30:58,12.0,900,19250
20240120,10:35:01,11.85,100,18700
20240120,10:35:55,11.55,100,18700
20240120,10:40:46,11.7,1800,18600
20240120,10:41:21,12.0,100,18600
20240120,10:43:28,11.55,100,19000
20240120,10:44:13,11.55,50,19000
20240120,10:44:22,11.55,50,19000
20240120,10:48:31,11.1,50,18800
20240120,10:48:40,11.1,50,18800
20240120,10:48:50,11.15,50,18800
20240120,10:50:59,11.3,50,18850
20240120,10:52:12,11.5,50,18850
20240120,10:57:54,11.45,50,18850
20240120,11:01:08,11.55,50,18800
20240120,11:17:22,11.3,50,18850
20240120,11:17:38,11.45,50,18850
20240120,11:19:57,11.35,750,18950
20240120,11:23:43,11.65,50,18800
20240120,11:26:49,11.65,550,18900
20240120,11:28:42,11.65,500,19300
20240120,11:28:56,11.65,500,19300
20240120,11:29:10,11.7,500,19300
20240120,11:29:38,11.7,500,19300
20240120,11:29:45,11.75,500,19300
20240120,11:29:52,11.75,500,21900
20240120,11:30:37,11.75,500,21900
20240120,11:30:44,11.7,500,21900
20240120,11:33:25,11.7,500,23250
20240120,11:35:12,11.75,500,23250
20240120,11:36:33,11.75,1500,24250
20240120,11:37:37,11.55,1500,24250
20240120,11:38:21,11.55,350,24250
20240120,11:38:50,11.65,300,24250
20240120,11:38:57,11.55,50,27500
20240120,11:39:04,11.55,650,27500
20240120,11:39:33,11.35,50,27500
20240120,11:46:01,11.4,300,28150
20240120,11:51:45,11.85,50,27850
20240120,12:11:43,11.35,150,27750
20240120,12:19:27,11.2,550,27600
20240120,12:26:04,11.0,50,27050
20240120,12:28:40,11.05,600,27000
20240120,12:28:54,10.5,5000,27000
20240120,12:29:09,10.5,5000,27000
20240120,12:29:22,10.5,50,27000
20240120,12:29:32,11.05,150,27000
20240120,12:32:52,11.2,50,28850
20240120,12:33:59,11.45,350,28900
20240120,12:34:46,11.45,250,28900
20240120,12:35:04,11.85,50,28900
20240120,12:35:27,12.15,50,28900
20240120,12:35:39,12.25,50,28900
20240120,12:35:49,11.7,100,28900
20240120,12:36:40,12.5,50,28500
20240120,12:36:52,12.75,50,28500
20240120,12:37:37,12.4,50,28500
20240120,12:37:49,12.55,250,28500
20240120,12:38:00,12.7,300,28500
20240120,12:38:11,12.8,50,28500
20240120,12:38:33,12.6,50,28500
20240120,12:39:58,12.4,50,28250
20240120,12:40:08,12.55,150,28250
20240120,12:40:59,12.85,250,28250
20240120,12:42:21,13.2,100,28450
20240120,12:42:32,13.2,50,28450
20240120,12:46:06,12.85,50,28400
20240120,12:48:39,11.7,50,28400
20240120,12:50:17,11.9,50,28400
20240120,12:52:52,11.8,50,28300
20240120,12:58:43,10.4,50,28250
20240120,12:58:54,10.35,50,28250
20240120,12:59:05,10.35,50,28250
20240120,12:59:36,10.35,950,28250
20240120,13:01:42,10.45,350,27350
20240120,13:05:35,10.75,50,27350
20240120,13:05:44,10.75,200,27350
20240120,13:05:52,10.75,50,27350
20240120,13:07:12,10.85,100,27250
20240120,13:08:45,10.45,100,27250
20240120,13:12:22,10.4,100,27200
20240120,13:14:41,10.45,100,27200
20240120,13:14:51,10.4,1000,27200
20240120,13:15:19,10.45,100,27200
20240120,13:23:36,10.5,50,27250
20240120,13:24:01,10.5,600,27250
20240120,13:24:11,10.5,350,27250
20240120,13:26:52,10.25,50,27200
20240120,13:27:03,10.25,50,27200
20240120,13:28:00,10.15,100,27250
20240120,13:28:44,10.0,50,27250
20240120,13:29:28,10.0,50,27250
20240120,13:32:40,10.45,50,27200
20240120,13:33:05,10.55,50,27200
20240120,13:33:22,10.5,50,27200
20240120,13:34:47,10.6,50,27200
20240120,13:37:56,10.8,400,27150
20240120,13:38:26,10.75,100,27150
20240120,13:44:12,11.1,50,27650
20240120,13:44:37,11.15,50,27650
20240120,13:52:33,11.55,50,27600
20240120,13:52:48,11.55,50,27600
20240120,13:55:05,11.05,100,27600
20240120,13:57:00,10.4,50,27600
20240120,13:58:17,10.05,350,27650
20240120,14:00:07,10.3,50,27650
20240120,14:01:23,10.5,50,27700
20240120,14:09:30,10.85,50,27700
20240120,14:17:15,11.0,100,27750
20240120,14:22:45,10.55,50,27800
20240120,14:24:49,10.85,50,27750
20240120,14:28:32,10.75,50,27700
20240120,14:29:03,10.9,150,27700
20240120,14:30:03,10.55,50,27700
20240120,14:30:22,10.6,50,27800
20240120,14:30:52,10.45,50,27800
20240120,14:31:05,10.45,50,27800
20240120,14:32:17,10.8,50,27800
20240120,14:32:43,10.45,250,27800
20240120,14:33:02,10.55,50,27800
20240120,14:33:27,10.55,50,27900
20240120,14:34:18,10.35,50,27900
20240120,14:35:06,10.25,50,27900
20240120,14:35:31,10.05,50,27900
20240120,14:35:48,10.2,100,27900
20240120,14:36:03,10.25,100,27900
20240120,14:39:01,10.3,100,28100
20240120,14:39:06,10.35,50,28100
20240120,14:39:50,10.3,50,28100
20240120,14:40:02,10.25,2250,28100
20240120,14:40:11,10.25,300,28100
20240120,14:40:47,10.25,450,28100
20240120,14:40:53,10.25,50,28100
20240120,14:41:11,10.25,50,28100
20240120,14:41:42,10.25,100,28100
20240120,14:42:50,10.3,350,28100
20240120,14:42:59,10.35,50,28100
20240120,14:43:09,10.55,100,28100
20240120,14:43:20,10.55,100,28100
20240120,14:43:31,10.7,50,28100
20240120,14:43:40,11.1,100,28100
20240120,14:44:09,11.05,50,28100
20240120,14:44:19,10.95,50,28100
20240120,14:44:36,10.95,50,28100
20240120,14:45:11,11.15,50,28100
20240120,14:46:27,12.1,50,28300
20240120,14:47:27,11.8,50,28300
20240120,14:48:14,11.2,50,28300
20240120,14:49:09,10.45,50,28150
20240120,14:49:25,10.35,50,28150
20240120,14:50:56,10.4,50,28150
20240120,14:51:03,10.15,100,28150
20240120,14:51:12,10.45,50,28150
20240120,14:51:33,10.6,400,27900
20240120,14:52:03,10.55,50,27900
20240120,14:52:10,10.65,50,27900
20240120,14:52:24,10.65,50,27900
20240120,14:52:39,10.55,50,27900
20240120,14:55:35,11.1,50,28450
20240120,14:56:15,11.35,50,28450
20240120,14:58:08,11.65,50,28450
20240120,14:58:16,11.6,50,28450
20240120,15:00:57,12.1,100,28450
20240120,15:01:16,12.6,300,28450
20240120,15:01:38,13.0,100,28450
20240120,15:02:16,12.35,50,28450
20240120,15:02:33,12.2,100,28450
20240120,15:02:42,12.45,50,28450
20240120,15:03:13,12.75,50,28450
20240120,15:03:50,12.2,50,28350
20240120,15:05:30,12.0,100,28350
20240120,15:05:38,12.0,50,28350
20240120,15:06:00,12.0,50,28350
20240120,15:06:07,12.1,50,28350
20240120,15:07:22,12.35,50,28350
20240120,15:07:41,12.5,50,28350
20240120,15:07:50,12.65,50,28350
20240120,15:08:00,12.8,100,28350
20240120,15:08:10,12.75,50,28350
20240120,15:08:21,12.8,50,28350
20240120,15:08:31,13.05,150,28350
20240120,15:08:43,13.15,50,28350
20240120,15:08:53,12.8,50,28350
20240120,15:09:23,12.7,100,28250
20240120,15:10:05,12.6,100,28250
20240120,15:10:16,12.65,150,28250
20240120,15:10:24,12.8,100,28250
20240120,15:10:35,13.0,50,28250
20240120,15:10:54,13.1,100,28250
20240120,15:11:14,12.85,550,28250
20240120,15:11:32,12.9,50,28250
20240120,15:13:30,12.65,50,28650
20240120,15:14:41,11.45,50,28650
20240120,15:15:31,11.4,100,28550
20240120,15:15:40,11.5,200,28550
20240120,15:17:44,11.5,100,28550
20240120,15:18:11,11.3,50,28550
20240120,15:19:09,11.55,50,28350
20240120,15:19:17,11.55,50,28350
20240120,15:19:25,11.65,250,28350
20240120,15:20:06,11.7,150,28350
20240120,15:20:22,11.85,650,28350
20240120,15:21:04,11.95,50,28350
20240120,15:23:49,11.85,100,27600
20240120,15:24:22,11.85,150,27600
20240120,15:24:33,11.65,50,27550
20240120,15:24:42,11.65,150,27550
20240120,15:25:34,11.7,600,27550
20240120,15:25:42,11.7,350,27550
20240120,15:25:50,11.75,50,27550
20240120,15:26:17,11.8,50,27550
20240120,15:26:26,11.85,50,27550
20240120,15:26:35,11.75,100,27550
20240120,15:26:44,11.75,300,27550
20240120,15:26:55,11.55,50,27550
20240120,15:27:04,11.4,100,27550
20240120,15:27:14,11.4,200,27550
20240120,15:27:23,11.55,600,27550
20240120,15:27:40,11.65,100,26850
20240120,15:27:49,11.8,100,26850
20240120,15:28:07,11.9,50,26850
20240120,15:28:15,12.1,150,26850
20240120,15:28:51,12.05,350,26850
20240120,15:29:19,12.0,100,26850
20240120,15:29:28,12.0,50,26850
20240123,09:15:01,12.1,300,26350
20240123,09:15:16,7.0,350,26350
20240123,09:15:33,6.85,150,26350
20240123,09:15:43,6.75,50,26350
20240123,09:15:50,6.7,50,26350
20240123,09:16:00,6.8,250,26350
20240123,09:16:04,6.75,200,26350
20240123,09:16:06,6.8,150,26350
20240123,09:16:06,6.7,200,26350
20240123,09:16:10,6.75,200,26350
20240123,09:16:13,6.75,100,26350
20240123,09:16:23,6.75,100,26350
20240123,09:16:24,6.65,250,26350
20240123,09:16:32,6.6,50,26350
20240123,09:16:45,6.65,50,26350
20240123,09:16:59,6.65,150,26350
20240123,09:17:30,6.65,250,26350
20240123,09:17:33,6.65,350,26550
20240123,09:17:37,6.65,600,26550
20240123,09:17:39,6.6,50,26550
20240123,09:17:40,6.65,450,26550
20240123,09:18:09,6.65,550,26550
20240123,09:18:17,6.6,250,26550
20240123,09:18:30,6.7,400,26550
20240123,09:19:03,6.65,900,26550
20240123,09:19:15,6.7,400,26550
20240123,09:19:30,6.7,600,26550
20240123,09:19:34,6.65,200,26550
20240123,09:19:49,6.7,100,26550
20240123,09:20:14,6.7,50,26550
20240123,09:20:25,6.65,300,26550
20240123,09:20:38,6.7,250,25400
20240123,09:20:44,6.7,50,25400
20240123,09:21:21,6.8,50,25400
20240123,09:21:24,6.8,50,25400
20240123,09:21:40,6.8,350,25400
20240123,09:22:16,6.75,100,25400
20240123,09:22:29,6.8,450,25400
20240123,09:23:01,6.75,50,25400
20240123,09:23:15,6.75,50,25400
20240123,09:23:28,6.7,150,25400
20240123,09:24:25,6.85,50,25500
20240123,09:24:37,6.9,400,25500
20240123,09:24:38,6.95,400,25500
20240123,09:25:22,6.85,200,25500
20240123,09:25:27,6.85,100,25500
20240123,09:26:30,6.55,500,25500
20240123,09:26:37,6.55,1100,25800
20240123,09:26:49,6.4,350,25800
20240123,09:27:13,6.35,150,25800
20240123,09:27:25,6.45,100,25800
20240123,09:27:36,6.5,50,25800
20240123,09:27:48,6.6,400,25800
20240123,09:28:03,6.6,150,25800
20240123,09:28:32,6.65,450,25800
20240123,09:28:42,6.6,50,25800
20240123,09:29:02,6.5,50,25800
20240123,09:29:21,6.55,50,25800
20240123,09:29:46,6.7,950,27850
20240123,09:29:59,6.7,300,27850
20240123,09:30:10,6.85,550,27850
20240123,09:30:22,6.9,1650,27850
20240123,09:30:32,6.9,500,27850
20240123,09:30:37,6.85,750,27850
20240123,09:31:17,6.95,100,27850
20240123,09:31:33,7.05,50,27850
20240123,09:31:52,7.0,1550,27850
20240123,09:32:05,7.0,350,27850
20240123,09:32:16,6.95,200,27850
20240123,09:32:23,7.0,50,27850
20240123,09:32:36,7.0,700,25800
20240123,09:32:42,7.05,50,25800
20240123,09:33:30,7.05,250,25800
20240123,09:33:53,7.05,50,25800
20240123,09:34:43,7.05,250,25800
20240123,09:34:51,6.95,50,25800
20240123,09:35:04,7.05,50,25800
20240123,09:35:23,7.15,250,25800
20240123,09:35:33,7.2,550,25800
20240123,09:35:47,7.15,50,24500
20240123,09:35:53,7.25,100,24500
20240123,09:36:07,7.25,100,24500
20240123,09:36:15,7.25,50,24500
20240123,09:36:53,7.3,300,24500
20240123,09:36:57,7.25,50,24500
20240123,09:37:05,7.25,50,24500
20240123,09:37:30,7.25,300,24500
20240123,09:37:44,7.3,250,24500
20240123,09:37:55,7.2,50,24500
20240123,09:38:18,7.3,800,24500
20240123,09:38:40,7.3,450,23700
20240123,09:38:48,7.35,1050,23700
20240123,09:39:02,7.45,1950,23700
20240123,09:39:07,7.55,350,23700
20240123,09:39:25,7.55,3100,23700
20240123,09:39:30,7.65,350,23700
20240123,09:40:22,7.8,1500,23700
20240123,09:40:37,7.7,1200,23700
20240123,09:41:18,7.65,200,23700
20240123,09:41:51,7.5,300,22150
20240123,09:42:15,7.35,50,22150
20240123,09:42:31,7.5,550,22150
20240123,09:42:42,7.5,100,22150
20240123,09:42:53,7.5,850,22150
20240123,09:43:10,7.45,500,22150
20240123,09:43:23,7.45,250,22150
20240123,09:44:18,7.15,50,22150
20240123,09:44:43,7.15,300,23500
20240123,09:44:50,7.15,400,23500
20240123,09:45:06,7.1,500,23500
20240123,09:45:21,7.05,900,23500
20240123,09:45:31,7.05,400,23500
20240123,09:45:40,7.05,50,23500
20240123,09:46:07,7.0,300,23500
20240123,09:47:17,7.1,50,23500
20240123,09:47:36,7.1,500,21550
20240123,09:48:11,7.3,50,21550
20240123,09:48:28,7.25,100,21550
20240123,09:49:24,7.25,1700,21550
20240123,09:49:34,7.45,350,21550
20240123,09:49:40,7.55,1150,21550
20240123,09:49:54,7.65,2050,21550
20240123,09:50:08,7.6,900,21550
20240123,09:50:28,7.65,450,21550
20240123,09:50:30,7.7,200,21550
20240123,09:50:49,7.55,300,24350
20240123,09:51:00,7.6,650,24350
20240123,09:51:03,7.6,150,24350
20240123,09:51:43,7.5,50,24350
20240123,09:51:54,7.5,200,24350
20240123,09:54:43,7.2,1800,24450
20240123,09:56:06,7.1,250,24450
20240123,09:56:24,7.2,100,24450
20240123,09:56:38,7.15,250,25100
20240123,09:57:09,7.35,250,25100
20240123,09:57:51,7.35,250,25100
20240123,09:58:13,7.35,100,25100
20240123,09:58:18,7.4,300,25100
20240123,09:58:40,7.6,300,25100
20240123,09:59:01,7.8,450,25100
20240123,09:59:08,7.8,150,25100
20240123,09:59:33,7.8,50,25100
20240123,09:59:44,8.05,1100,25600
20240123,09:59:49,8.05,900,25600
20240123,09:59:59,8.0,100,25600
20240123,10:00:16,7.95,100,25600
20240123,10:00:21,8.0,50,25600
20240123,10:00:40,8.3,500,25600
20240123,10:00:54,8.45,50,25600
20240123,10:01:09,8.8,1350,25600
20240123,10:01:17,8.7,200,25600
20240123,10:01:24,8.7,50,25600
20240123,10:01:49,8.65,50,25600
20240123,10:02:15,8.6,350,25600
20240123,10:02:25,8.85,300,25600
20240123,10:02:41,8.95,1950,28150
20240123,10:02:58,8.95,900,28150
20240123,10:03:04,9.05,50,28150
20240123,10:03:18,8.85,250,28150
20240123,10:03:31,8.85,1200,28150
20240123,10:03:38,8.95,150,28150
20240123,10:03:50,8.95,150,28150
20240123,10:04:05,8.9,1000,28150
20240123,10:04:18,8.75,600,28150
20240123,10:04:18,8.7,350,28150
20240123,10:04:31,8.9,50,28150
20240123,10:04:52,9.0,950,28150
20240123,10:05:18,8.8,50,28150
20240123,10:05:35,8.8,400,28150
20240123,10:05:48,8.8,50,27600
20240123,10:05:56,8.7,600,27600
20240123,10:06:14,8.9,500,27600
20240123,10:06:26,9.15,600,27600
20240123,10:06:35,9.35,50,27600
20240123,10:06:48,9.5,600,27600
20240123,10:06:58,9.5,350,27600
20240123,10:07:13,9.45,250,27600
20240123,10:07:27,9.3,50,27600
20240123,10:07:41,9.2,600,27600
20240123,10:07:49,9.2,400,27600
20240123,10:08:07,8.85,1950,27600
20240123,10:08:14,8.95,1050,27600
20240123,10:08:45,9.05,100,26200
20240123,10:09:03,9.05,300,26200
20240123,10:09:19,9.3,2850,26200
20240123,10:09:34,9.2,1800,26200
20240123,10:09:40,9.3,650,26200
20240123,10:09:51,9.3,600,26200
20240123,10:10:14,9.05,100,26200
20240123,10:10:34,9.3,300,26200
20240123,10:10:35,9.3,150,26200
20240123,10:11:03,9.15,900,26200
20240123,10:11:48,9.3,350,24450
20240123,10:12:09,9.3,350,24450
20240123,10:12:32,9.15,300,24450
20240123,10:12:35,9.1,50,24450
20240123,10:12:57,9.05,200,24450
20240123,10:13:10,9.05,500,24450
20240123,10:13:18,9.15,50,24450
20240123,10:13:39,9.4,250,24450
20240123,10:13:54,9.3,50,24450
20240123,10:14:03,9.25,400,24450
20240123,10:14:12,9.2,100,24450
20240123,10:15:00,9.25,500,24100
20240123,10:15:29,9.15,1000,24100
20240123,10:15:53,9.1,700,24100
20240123,10:16:13,9.0,850,24100
20240123,10:16:19,8.95,350,24100
20240123,10:16:36,9.05,250,24100
20240123,10:16:53,9.05,150,24100
20240123,10:16:57,9.05,50,24100
20240123,10:17:37,8.95,50,24100
20240123,10:18:02,8.85,650,24350
20240123,10:18:31,8.8,100,24350
20240123,10:18:56,8.95,200,24350
20240123,10:19:09,9.15,150,24350
20240123,10:19:11,9.1,50,24350
20240123,10:19:25,9.0,50,24350
20240123,10:19:51,9.35,50,24350
20240123,10:20:24,9.5,200,24350
20240123,10:20:37,9.45,600,24350
20240123,10:21:03,9.65,100,24150
20240123,10:21:11,9.7,50,24150
20240123,10:21:26,9.9,150,24150
20240123,10:21:39,10.0,600,24150
20240123,10:21:56,10.25,600,24150
20240123,10:22:07,10.4,250,24150
20240123,10:22:15,10.3,50,24150
20240123,10:22:37,10.2,500,24150
20240123,10:23:00,10.15,400,24150
20240123,10:23:12,10.25,200,24150
20240123,10:24:15,10.95,100,25000
20240123,10:24:30,11.05,200,25000
20240123,10:24:39,11.1,900,25000
20240123,10:24:49,11.2,1400,25000
20240123,10:25:08,11.45,400,25000
20240123,10:25:22,11.5,1350,25000
20240123,10:25:34,11.7,200,25000
20240123,10:25:43,11.65,600,25000
20240123,10:26:00,11.15,350,25000
20240123,10:26:14,11.15,2050,25000
20240123,10:26:25,11.0,750,25000
20240123,10:26:28,11.05,50,25000
20240123,10:26:49,11.3,150,26100
20240123,10:26:56,11.3,150,26100
20240123,10:27:06,11.25,50,26100
20240123,10:27:19,11.2,400,26100
20240123,10:27:38,11.25,100,26100
20240123,10:27:42,11.25,50,26100
20240123,10:27:56,11.45,50,26100
20240123,10:28:13,11.7,1050,26100
20240123,10:28:28,11.75,50,26100
20240123,10:28:40,11.65,100,26100
20240123,10:28:42,11.45,50,26100
20240123,10:29:24,11.0,1000,26100
20240123,10:29:36,11.3,100,26100
20240123,10:29:46,11.5,100,25850
20240123,10:30:06,11.5,1500,25850
20240123,10:30:16,11.65,100,25850
20240123,10:30:51,11.35,50,25850
20240123,10:31:32,11.55,50,25850
20240123,10:31:40,11.55,50,25850
20240123,10:32:14,11.85,50,25850
20240123,10:32:33,11.65,200,25850
20240123,10:33:17,10.75,50,24950
20240123,10:33:33,10.75,50,24950
20240123,10:33:46,10.65,200,24950
20240123,10:33:48,10.6,50,24950
20240123,10:34:11,10.55,450,24950
20240123,10:34:12,10.5,200,24950
20240123,10:34:32,10.8,150,24950
20240123,10:34:44,10.8,400,24950
20240123,10:34:58,10.95,50,24950
20240123,10:35:08,10.85,100,24950
20240123,10:35:18,10.7,100,24950
20240123,10:35:26,10.9,100,24950
20240123,10:36:13,10.65,500,24350
20240123,10:36:27,10.85,50,24350
20240123,10:36:59,10.9,50,24350
20240123,10:38:00,11.15,50,24350
20240123,10:38:27,11.5,50,24350
20240123,10:39:22,12.0,50,24600
20240123,10:39:40,12.3,250,24600
20240123,10:39:50,12.65,150,24600
20240123,10:40:04,12.85,150,24600
20240123,10:40:17,13.05,950,24600
20240123,10:40:29,13.65,650,24600
20240123,10:40:51,14.1,550,24600
20240123,10:41:05,13.75,1650,24600
20240123,10:41:24,13.6,50,24600
20240123,10:41:31,13.6,100,24600
20240123,10:41:39,13.8,50,24600
20240123,10:41:51,13.7,50,24300
20240123,10:42:33,13.85,450,24300
20240123,10:42:49,13.7,250,24300
20240123,10:43:01,13.8,1400,24300
20240123,10:43:05,13.85,50,24300
20240123,10:43:20,13.75,150,24300
20240123,10:43:35,14.25,50,24300
20240123,10:43:46,14.8,650,24300
20240123,10:43:57,15.2,1900,24300
20240123,10:44:13,14.8,1900,24300
20240123,10:44:23,15.05,1000,24300
20240123,10:44:27,15.05,50,24300
20240123,10:44:48,15.3,400,26200
20240123,10:44:53,15.6,1000,26200
20240123,10:45:08,15.1,50,26200
20240123,10:45:25,14.5,1400,26200
20240123,10:45:37,14.15,350,26200
20240123,10:45:49,14.25,1100,26200
20240123,10:45:59,14.6,200,26200
20240123,10:46:04,14.85,50,26200
20240123,10:46:15,15.35,100,26200
20240123,10:46:32,15.55,350,26200
20240123,10:46:47,15.5,600,26200
20240123,10:46:51,15.6,100,26200
20240123,10:47:08,15.0,50,26200
20240123,10:47:20,15.15,150,26200
20240123,10:47:37,15.55,50,26200
20240123,10:47:49,15.8,150,27050
20240123,10:48:01,16.1,2750,27050
20240123,10:48:12,16.05,900,27050
20240123,10:48:17,16.3,50,27050
20240123,10:48:34,16.3,300,27050
20240123,10:48:58,16.6,500,27050
20240123,10:49:13,16.1,950,27050
20240123,10:49:26,16.05,350,27050
20240123,10:49:36,16.2,350,27050
20240123,10:50:00,16.75,350,27050
20240123,10:50:11,16.85,50,27050
20240123,10:50:20,17.05,350,27050
20240123,10:50:39,17.05,50,27050
20240123,10:50:52,16.55,100,26450
20240123,10:51:07,16.15,1400,26450
20240123,10:51:35,16.5,100,26450
20240123,10:51:45,16.5,50,26450
20240123,10:52:00,16.8,50,26450
20240123,10:52:15,17.0,50,26450
20240123,10:52:30,16.15,200,26450
20240123,10:52:40,15.9,50,26450
20240123,10:52:57,15.4,300,26450
20240123,10:53:08,14.8,150,26450
20240123,10:53:20,14.6,100,26450
20240123,10:53:35,14.55,650,26450
20240123,10:53:42,14.8,50,26450
20240123,10:54:00,14.9,100,26150
20240123,10:54:08,14.95,50,26150
20240123,10:54:17,14.9,50,26150
20240123,10:54:29,14.6,50,26150
20240123,10:54:55,14.05,50,26150
20240123,10:55:15,13.8,200,26150
20240123,10:55:40,13.7,600,26150
20240123,10:55:43,13.6,50,26150
20240123,10:55:52,13.85,50,26150
20240123,10:56:11,13.95,1300,26150
20240123,10:57:00,14.55,350,27300
20240123,10:57:14,14.6,50,27300
20240123,10:57:55,14.5,50,27300
20240123,10:58:00,14.55,50,27300
20240123,10:58:17,14.55,50,27300
20240123,10:58:53,14.1,50,27300
20240123,10:59:21,13.85,200,27300
20240123,10:59:57,13.8,50,27400
20240123,11:00:05,13.85,200,27400
20240123,11:00:38,14.05,50,27400
20240123,11:00:50,13.8,100,27400
20240123,11:02:06,14.45,50,27400
20240123,11:02:53,14.35,50,27250
20240123,11:03:32,15.1,700,27250
20240123,11:03:40,14.8,100,27250
20240123,11:04:46,14.35,50,27250
20240123,11:05:01,14.05,50,27250
20240123,11:05:15,14.25,50,27250
20240123,11:05:38,14.0,150,27250
20240123,11:05:50,14.0,50,27650
20240123,11:06:12,13.8,300,27650
20240123,11:07:28,13.95,50,27650
20240123,11:07:48,13.85,50,27650
20240123,11:08:25,13.9,250,27650
20240123,11:08:51,14.0,250,27750
20240123,11:09:06,14.1,250,27750
20240123,11:09:26,13.9,50,27750
20240123,11:10:07,13.6,550,27750
20240123,11:11:03,13.6,50,27750
20240123,11:11:44,13.3,100,27750
20240123,11:12:11,13.65,250,28000
20240123,11:12:30,13.35,100,28000
20240123,11:12:47,13.25,200,28000
20240123,11:12:54,13.15,50,28000
20240123,11:13:25,13.0,500,28000
20240123,11:13:35,13.15,100,28000
20240123,11:13:43,13.05,50,28000
20240123,11:14:00,13.0,150,28000
20240123,11:14:49,13.1,50,28950
20240123,11:15:06,13.3,50,28950
20240123,11:15:30,13.3,50,28950
20240123,11:15:45,13.45,50,28950
20240123,11:15:53,13.45,50,28950
20240123,11:16:43,13.2,50,28950
20240123,11:16:47,13.2,50,28950
20240123,11:17:37,13.35,50,28950
20240123,11:17:54,13.3,50,28950
20240123,11:18:02,13.3,150,29050
20240123,11:18:30,13.4,400,29050
20240123,11:19:48,14.4,150,29050
20240123,11:19:57,14.3,50,29050
20240123,11:20:05,14.4,100,29050
20240123,11:20:26,14.05,100,29050
20240123,11:20:39,14.25,50,29050
20240123,11:20:43,14.25,300,29050
20240123,11:21:43,14.25,50,29800
20240123,11:21:56,14.3,50,29800
20240123,11:22:28,15.05,900,29800
20240123,11:22:35,15.4,400,29800
20240123,11:22:53,15.35,250,29800
20240123,11:23:01,15.05,200,29800
20240123,11:23:10,14.95,50,29800
20240123,11:23:30,14.75,150,29800
20240123,11:23:45,14.8,800,29800
20240123,11:23:48,14.9,50,29800
20240123,11:24:59,14.6,100,28500
20240123,11:25:28,14.1,350,28500
20240123,11:25:45,14.1,700,28500
20240123,11:26:44,14.4,300,28500
20240123,11:27:54,13.9,100,29350
20240123,11:28:00,13.9,50,29350
20240123,11:28:31,14.15,50,29350
20240123,11:28:35,14.25,100,29350
20240123,11:28:59,14.1,50,29350
20240123,11:29:25,13.95,50,29350
20240123,11:30:42,14.5,50,29400
20240123,11:31:03,14.65,50,29400
20240123,11:31:15,14.6,250,29400
20240123,11:31:43,15.0,50,29400
20240123,11:32:01,15.3,100,29400
20240123,11:32:11,15.45,50,29400
20240123,11:32:32,16.35,100,29400
20240123,11:32:43,15.9,100,29400
20240123,11:32:45,15.9,400,29400
20240123,11:33:07,16.5,250,29350
20240123,11:33:17,16.55,150,29350
20240123,11:33:27,16.35,50,29350
20240123,11:33:35,16.1,50,29350
20240123,11:33:55,15.5,50,29350
20240123,11:34:47,14.95,200,29350
20240123,11:35:08,14.8,150,29350
20240123,11:35:39,14.85,100,29350
20240123,11:35:51,15.1,150,29250
20240123,11:36:33,15.5,50,29250
20240123,11:37:47,15.85,100,29250
20240123,11:37:53,15.85,450,29250
20240123,11:38:16,15.7,150,29250
20240123,11:38:32,16.15,150,29250
20240123,11:38:50,16.05,50,29250
20240123,11:38:57,15.65,100,29850
20240123,11:39:06,16.05,550,29850
20240123,11:39:28,16.1,100,29850
20240123,11:39:40,16.15,350,29850
20240123,11:39:45,16.25,50,29850
20240123,11:39:59,16.4,50,29850
20240123,11:40:09,16.25,50,29850
20240123,11:40:27,16.5,2150,29850
20240123,11:40:41,16.8,2650,29850
20240123,11:40:53,17.1,800,29850
20240123,11:41:08,16.9,250,29850
20240123,11:41:19,17.25,300,29850
20240123,11:41:33,17.0,100,29850
20240123,11:41:51,17.35,250,29850
20240123,11:42:06,18.35,250,29200
20240123,11:42:23,18.35,300,29200
20240123,11:42:28,18.3,350,29200
20240123,11:42:52,17.85,350,29200
20240123,11:43:04,17.1,400,29200
20240123,11:43:12,17.1,100,29200
20240123,11:43:28,17.85,400,29200
20240123,11:43:41,18.4,100,29200
20240123,11:43:57,18.8,50,29200
20240123,11:44:05,18.95,200,29200
20240123,11:44:24,18.95,200,29200
20240123,11:44:33,18.95,50,29200
20240123,11:44:57,19.15,100,28500
20240123,11:45:10,19.2,400,28500
20240123,11:45:23,19.2,2200,28500
20240123,11:45:38,19.45,50,28500
20240123,11:45:49,19.65,100,28500
20240123,11:46:04,20.0,1400,28500
20240123,11:46:31,20.5,1150,28500
20240123,11:46:43,20.4,50,28500
20240123,11:47:07,20.35,300,28500
20240123,11:47:19,19.9,700,28500
20240123,11:47:22,19.55,50,28500
20240123,11:47:45,19.85,100,28500
20240123,11:48:08,19.6,650,28850
20240123,11:48:22,19.5,550,28850
20240123,11:48:32,19.55,50,28850
20240123,11:48:46,19.55,600,28850
20240123,11:49:04,18.85,200,28850
20240123,11:49:13,18.6,100,28850
20240123,11:49:46,18.5,450,28850
20240123,11:49:51,18.7,1000,28850
20240123,11:50:05,18.85,400,28850
20240123,11:50:24,18.2,900,28850
20240123,11:50:35,18.0,50,28850
20240123,11:50:45,17.85,300,28850
20240123,11:50:54,17.95,50,29550
20240123,11:51:19,18.65,350,29550
20240123,11:51:41,18.65,150,29550
20240123,11:51:57,18.95,50,29550
20240123,11:52:42,18.95,50,29550
20240123,11:53:15,19.15,50,29550
20240123,11:53:47,19.75,300,29550
20240123,11:54:00,20.4,650,29500
20240123,11:54:09,20.3,900,29500
20240123,11:54:22,20.3,150,29500
20240123,11:54:30,20.6,100,29500
20240123,11:54:40,20.85,150,29500
20240123,11:55:03,20.45,200,29500
20240123,11:55:26,20.5,50,29500
20240123,11:55:45,20.1,100,29500
20240123,11:56:00,19.6,100,29500
20240123,11:56:22,19.1,150,29500
20240123,11:56:35,19.45,50,29500
20240123,11:56:55,19.95,150,29400
20240123,11:57:13,20.1,50,29400
20240123,11:57:18,20.3,100,29400
20240123,11:57:30,20.6,50,29400
20240123,11:57:47,20.85,50,29400
20240123,11:57:58,21.05,50,29400
20240123,11:58:45,21.6,300,29400
20240123,11:59:24,20.9,50,29400
20240123,11:59:34,20.85,50,29400
20240123,12:00:48,21.1,300,29250
20240123,12:01:17,22.35,50,29250
20240123,12:01:43,22.7,100,29250
20240123,12:01:59,22.7,400,29250
20240123,12:02:10,22.5,50,29250
20240123,12:02:22,22.35,300,29250
20240123,12:02:35,22.55,100,29250
20240123,12:02:58,23.05,50,29500
20240123,12:03:09,22.7,50,29500
20240123,12:03:25,23.1,50,29500
20240123,12:03:35,24.0,100,29500
20240123,12:03:49,23.8,50,29500
20240123,12:04:01,23.8,100,29500
20240123,12:04:27,24.3,250,29500
20240123,12:04:42,24.25,350,29500
20240123,12:04:45,23.85,150,29500
20240123,12:05:01,23.55,1050,29500
20240123,12:05:32,23.55,700,29500
20240123,12:05:38,23.75,150,29500
20240123,12:06:03,23.7,100,30450
20240123,12:06:25,24.0,50,30450
20240123,12:06:43,24.35,150,30450
20240123,12:06:58,25.65,150,30450
20240123,12:07:04,25.85,100,30450
20240123,12:07:17,26.4,50,30450
20240123,12:07:34,26.5,650,30450
20240123,12:07:48,27.65,700,30450
20240123,12:08:14,26.85,100,30450
20240123,12:08:27,26.35,250,30450
20240123,12:08:35,26.25,200,30450
20240123,12:08:51,24.7,350,30450
20240123,12:09:00,24.85,1050,30200
20240123,12:09:41,25.95,550,30200
20240123,12:09:52,25.65,350,30200
20240123,12:10:00,25.5,50,30200
20240123,12:10:11,24.65,350,30200
20240123,12:10:22,24.35,350,30200
20240123,12:11:02,25.95,550,30200
20240123,12:11:14,25.65,150,30200
20240123,12:11:26,25.8,100,30200
20240123,12:11:40,25.65,50,30200
20240123,12:11:43,25.6,100,30200
20240123,12:12:49,25.65,200,30050
20240123,12:13:15,25.6,200,30050
20240123,12:14:02,25.3,50,30050
20240123,12:14:19,25.0,1050,30050
20240123,12:14:28,25.15,150,30050
20240123,12:14:40,25.0,200,30050
20240123,12:14:45,25.25,100,30050
20240123,12:15:04,25.65,300,30050
20240123,12:15:26,25.5,550,30050
20240123,12:15:34,25.35,350,30050
20240123,12:15:52,23.35,150,30050
20240123,12:16:02,22.95,150,30050
20240123,12:16:11,22.3,700,30050
20240123,12:16:28,20.15,900,30050
20240123,12:16:43,20.9,500,30050
20240123,12:16:50,21.55,450,30050
20240123,12:17:11,21.5,450,30050
20240123,12:17:13,21.45,150,30050
20240123,12:17:35,21.0,300,30050
20240123,12:17:48,21.3,850,30050
20240123,12:17:58,21.5,500,30750
20240123,12:18:08,21.8,100,30750
20240123,12:18:23,23.1,3200,30750
20240123,12:18:33,23.25,150,30750
20240123,12:18:51,23.9,1850,30750
20240123,12:19:00,23.25,150,30750
20240123,12:19:27,24.25,1900,30750
20240123,12:19:36,23.75,250,30750
20240123,12:20:01,24.8,1000,30750
20240123,12:20:12,24.2,250,30750
20240123,12:20:22,23.7,2250,30750
20240123,12:20:43,24.0,100,30750
20240123,12:21:08,24.35,50,33400
20240123,12:21:28,24.5,1850,33400
20240123,12:21:38,24.4,350,33400
20240123,12:22:03,24.15,3050,33400
20240123,12:22:12,23.65,1950,33400
20240123,12:22:24,23.7,500,33400
20240123,12:22:40,23.85,1800,33400
20240123,12:22:52,23.5,4450,33400
20240123,12:23:03,23.4,550,33400
20240123,12:23:13,22.95,650,33400
20240123,12:23:24,23.25,600,33400
20240123,12:23:37,23.55,50,33400
20240123,12:23:50,23.85,150,33400
20240123,12:24:00,24.05,150,40900
20240123,12:24:13,24.25,100,40900
20240123,12:24:33,24.45,50,40900
20240123,12:24:46,24.95,1350,40900
20240123,12:24:57,24.95,200,40900
20240123,12:25:30,24.2,650,40900
20240123,12:25:45,24.75,50,40900
20240123,12:25:48,24.7,300,40900
20240123,12:26:19,25.05,50,40900
20240123,12:26:41,24.9,50,40900
20240123,12:26:46,24.8,500,40900
20240123,12:26:55,24.8,50,40900
20240123,12:27:52,24.45,1800,41400
20240123,12:27:56,24.0,50,41400
20240123,12:28:00,24.0,50,41400
20240123,12:28:00,24.1,50,41400
20240123,12:28:19,24.1,50,41400
20240123,12:28:55,23.8,150,41400
20240123,12:29:08,24.0,150,41400
20240123,12:29:50,23.7,400,41400
20240123,12:29:57,23.85,100,41400
20240123,12:30:41,23.0,650,43000
20240123,12:30:50,23.0,400,43000
20240123,12:31:17,22.9,50,43000
20240123,12:31:40,22.3,350,43000
20240123,12:31:44,22.15,100,43000
20240123,12:32:20,21.9,550,43000
20240123,12:32:49,22.6,300,43000
20240123,12:33:00,22.7,300,41950
20240123,12:33:07,23.05,500,41950
20240123,12:33:15,23.15,50,41950
20240123,12:33:35,23.0,50,41950
20240123,12:33:41,23.05,50,41950
20240123,12:34:01,22.0,300,41950
20240123,12:34:07,22.0,50,41950
20240123,12:34:23,21.9,850,41950
20240123,12:34:38,22.15,100,41950
20240123,12:34:45,22.1,50,41950
20240123,12:35:30,22.05,50,41950
20240123,12:35:46,22.0,650,41950
20240123,12:35:58,22.0,100,41950
20240123,12:36:12,21.45,200,42050
20240123,12:36:36,21.45,200,42050
20240123,12:36:48,21.55,50,42050
20240123,12:37:31,22.1,50,42050
20240123,12:37:43,22.0,600,42050
20240123,12:38:21,22.55,50,42050
20240123,12:38:37,22.25,100,42050
20240123,12:38:50,22.6,350,42050
20240123,12:38:58,22.6,150,42050
20240123,12:39:37,23.75,150,42950
20240123,12:39:49,23.75,550,42950
20240123,12:40:08,23.5,100,42950
20240123,12:40:26,24.0,550,42950
20240123,12:40:28,24.0,50,42950
20240123,12:41:01,24.65,50,42950
20240123,12:41:06,24.7,100,42950
20240123,12:41:27,24.5,200,42950
20240123,12:41:38,24.15,100,42950
20240123,12:41:55,24.15,100,42950
20240123,12:42:11,24.3,400,42950
20240123,12:42:57,24.0,100,42950
20240123,12:43:10,24.0,50,42950
20240123,12:43:28,23.4,50,42950
20240123,12:44:39,23.55,100,42950
20240123,12:45:03,24.2,100,42900
20240123,12:46:15,25.6,100,42900
20240123,12:46:33,26.15,150,42900
20240123,12:46:36,26.3,50,42900
20240123,12:46:53,27.15,250,42900
20240123,12:47:08,26.8,50,42900
20240123,12:47:21,26.95,100,42900
20240123,12:47:59,27.4,300,42900
20240123,12:48:16,27.4,50,42400
20240123,12:48:46,25.05,100,42400
20240123,12:48:49,24.55,100,42400
20240123,12:49:04,24.8,100,42400
20240123,12:49:15,24.4,50,42400
20240123,12:49:59,23.8,1050,42400
20240123,12:50:08,23.95,150,42400
20240123,12:50:15,24.15,50,42400
20240123,12:50:29,23.8,250,42400
20240123,12:50:41,23.85,150,42400
20240123,12:50:55,23.85,450,42400
20240123,12:51:07,23.75,100,41900
20240123,12:51:24,24.0,50,41900
20240123,12:52:05,24.25,800,41900
20240123,12:52:49,24.7,50,41900
20240123,12:53:43,26.4,150,41900
20240123,12:54:03,25.75,150,41300
20240123,12:54:50,25.3,50,41300
20240123,12:55:20,26.15,500,41300
20240123,12:55:41,26.7,100,41300
20240123,12:55:57,27.25,50,41300
20240123,12:56:11,27.0,550,41300
20240123,12:56:15,26.55,150,41300
20240123,12:56:33,26.65,100,41300
20240123,12:56:50,26.6,50,41300
20240123,12:57:23,27.5,200,41150
20240123,12:57:34,27.6,300,41150
20240123,12:57:46,28.0,50,41150
20240123,12:57:55,28.0,50,41150
20240123,12:58:02,28.1,600,41150
20240123,12:58:15,28.6,100,41150
20240123,12:58:35,29.0,300,41150
20240123,12:59:00,29.5,150,41150
20240123,12:59:12,29.25,200,41150
20240123,12:59:26,29.65,300,41150
20240123,12:59:37,29.85,50,41150
20240123,12:59:40,30.1,100,41150
20240123,13:00:02,29.3,300,41150
20240123,13:00:19,29.65,150,40800
20240123,13:00:35,29.35,50,40800
20240123,13:00:49,29.45,50,40800
20240123,13:00:59,29.3,50,40800
20240123,13:01:20,28.25,50,40800
20240123,13:01:30,27.55,50,40800
20240123,13:01:43,27.5,100,40800
20240123,13:01:54,27.75,50,40800
20240123,13:02:15,28.55,100,40800
20240123,13:02:23,28.65,50,40800
20240123,13:03:14,27.3,50,40850
20240123,13:03:18,27.4,50,40850
20240123,13:03:39,28.0,850,40850
20240123,13:03:45,27.95,50,40850
20240123,13:04:01,28.0,600,40850
20240123,13:04:15,27.5,50,40850
20240123,13:04:24,27.6,2100,40850
20240123,13:04:32,27.6,350,40850
20240123,13:04:59,28.0,50,40850
20240123,13:05:02,27.8,100,40850
20240123,13:05:22,27.55,900,40850
20240123,13:06:15,27.8,1800,42850
20240123,13:06:23,28.0,50,42850
20240123,13:06:41,28.1,50,42850
20240123,13:07:03,28.45,50,42850
20240123,13:07:08,28.2,50,42850
20240123,13:08:39,28.1,200,42850
20240123,13:08:55,28.25,150,42850
20240123,13:09:08,28.3,200,43350
20240123,13:09:30,29.2,150,43350
20240123,13:09:47,29.25,350,43350
20240123,13:09:55,29.3,50,43350
20240123,13:10:22,29.35,100,43350
20240123,13:10:30,29.15,50,43350
20240123,13:10:50,29.85,100,43350
20240123,13:11:03,29.5,800,43350
20240123,13:11:11,29.7,2200,43350
20240123,13:11:24,29.2,350,43350
20240123,13:11:32,29.0,150,43350
20240123,13:11:49,28.5,100,43350
20240123,13:12:00,28.75,50,43350
20240123,13:12:33,28.0,250,43150
20240123,13:12:47,27.3,150,43150
20240123,13:13:07,26.8,200,43150
20240123,13:13:08,26.8,600,43150
20240123,13:13:27,26.9,2600,43150
20240123,13:13:30,27.25,50,43150
20240123,13:13:51,27.55,2000,43150
20240123,13:14:03,27.4,2200,43150
20240123,13:14:10,27.55,2800,43150
20240123,13:14:25,27.85,2850,43150
20240123,13:14:49,27.85,50,43150
20240123,13:15:18,27.8,250,38100
20240123,13:15:19,27.85,50,38100
20240123,13:15:27,28.0,50,38100
20240123,13:16:01,27.6,50,38100
20240123,13:16:18,27.2,50,38100
20240123,13:16:28,27.35,150,38100
20240123,13:17:52,27.15,50,38100
20240123,13:18:04,26.35,50,38100
20240123,13:18:15,27.05,400,38200
20240123,13:18:27,27.15,50,38200
20240123,13:19:01,26.95,50,38200
20240123,13:19:34,26.0,50,38200
20240123,13:19:44,25.9,500,38200
20240123,13:20:03,25.95,1100,38200
20240123,13:20:51,26.7,400,38200
20240123,13:21:09,26.95,50,39150
20240123,13:21:58,27.55,50,39150
20240123,13:22:28,28.0,100,39150
20240123,13:23:05,27.55,150,39150
20240123,13:23:28,28.0,300,39150
20240123,13:23:44,27.65,100,39150
20240123,13:24:02,27.75,50,39150
20240123,13:24:14,28.3,50,39100
20240123,13:24:28,28.6,100,39100
20240123,13:24:41,28.45,50,39100
20240123,13:24:49,28.45,100,39100
20240123,13:25:14,28.85,100,39100
20240123,13:25:36,28.85,50,39100
20240123,13:26:18,28.85,150,39100
20240123,13:26:32,29.2,100,39100
20240123,13:26:39,29.65,300,39100
20240123,13:28:25,29.0,50,38700
20240123,13:28:41,28.4,400,38700
20240123,13:28:58,28.2,150,38700
20240123,13:29:35,27.85,50,38700
20240123,13:29:49,28.0,650,38700
20240123,13:30:01,27.85,50,38700
20240123,13:31:05,27.25,50,38450
20240123,13:32:04,28.1,50,38450
20240123,13:32:53,29.2,50,38450
20240123,13:33:08,29.05,50,38450
20240123,13:33:40,29.3,350,38550
20240123,13:35:55,28.15,50,38550
20240123,13:36:17,28.15,50,38800
20240123,13:36:41,28.1,50,38800
20240123,13:37:04,28.3,50,38800
20240123,13:37:37,29.1,150,38800
20240123,13:38:12,28.85,50,38800
20240123,13:39:42,28.7,50,38800
20240123,13:41:14,29.15,400,38800
20240123,13:41:30,29.3,50,38800
20240123,13:42:01,28.85,250,38800
20240123,13:42:14,28.85,50,39150
20240123,13:42:49,28.8,50,39150
20240123,13:45:58,28.85,50,39150
20240123,13:46:23,27.95,50,39150
20240123,13:48:50,27.15,100,39150
20240123,13:49:17,27.15,50,39150
20240123,13:49:40,26.35,50,39150
20240123,13:49:44,26.15,50,39150
20240123,13:49:59,26.0,1000,39150
20240123,13:50:12,26.4,150,39150
20240123,13:50:14,26.45,150,39150
20240123,13:51:11,28.9,100,39800
20240123,13:51:21,29.75,750,39800
20240123,13:52:15,30.1,100,39800
20240123,13:52:33,29.65,1300,39800
20240123,13:52:39,29.1,100,39800
20240123,13:52:50,28.95,50,39800
20240123,13:53:39,28.1,50,39800
20240123,13:53:49,27.75,100,39800
20240123,13:54:08,28.25,250,39800
20240123,13:54:23,28.85,50,38500
20240123,13:55:04,28.6,150,38500
20240123,13:57:46,30.05,50,38550
20240123,13:58:19,31.2,2100,38550
20240123,13:58:49,30.35,50,38550
20240123,13:59:06,30.85,50,38550
20240123,14:00:07,30.4,450,38550
20240123,14:00:24,30.6,300,36200
20240123,14:00:34,30.35,250,36200
20240123,14:00:41,30.5,100,36200
20240123,14:01:13,30.5,50,36200
20240123,14:01:35,30.5,50,36200
20240123,14:02:15,29.85,100,36200
20240123,14:03:10,28.3,100,36200
20240123,14:03:39,29.15,50,36300
20240123,14:04:17,29.2,650,36300
20240123,14:04:31,28.75,150,36300
20240123,14:05:03,28.95,50,36300
20240123,14:05:49,27.55,200,36300
20240123,14:05:56,27.7,50,36300
20240123,14:06:23,27.4,550,36700
20240123,14:07:17,28.3,650,36700
20240123,14:07:21,28.45,50,36700
20240123,14:08:07,29.75,50,36700
20240123,14:08:36,29.75,50,36700
20240123,14:09:13,29.6,750,36700
20240123,14:09:32,29.5,50,36650
20240123,14:10:24,29.95,50,36650
20240123,14:10:37,29.85,50,36650
20240123,14:11:02,29.6,50,36650
20240123,14:11:27,29.1,900,36650
20240123,14:12:20,29.85,150,36550
20240123,14:12:26,29.85,900,36550
20240123,14:13:00,30.15,50,36550
20240123,14:13:08,29.5,50,36550
20240123,14:14:07,29.85,250,36550
20240123,14:14:43,30.0,200,36550
20240123,14:15:13,30.0,350,36550
20240123,14:15:21,30.4,150,36450
20240123,14:15:28,30.45,150,36450
20240123,14:15:45,31.1,350,36450
20240123,14:15:54,30.6,250,36450
20240123,14:16:09,31.4,100,36450
20240123,14:16:31,31.35,150,36450
20240123,14:16:45,31.0,400,36450
20240123,14:16:54,30.45,50,36450
20240123,14:17:01,30.35,50,36450
20240123,14:17:14,30.65,50,36450
20240123,14:18:02,31.0,150,36450
20240123,14:18:25,30.9,50,36300
20240123,14:18:49,31.3,300,36300
20240123,14:18:57,31.4,50,36300
20240123,14:20:18,31.7,400,36300
20240123,14:20:41,32.2,300,36300
20240123,14:20:53,32.0,3750,36300
20240123,14:21:05,32.75,50,36300
20240123,14:21:20,33.55,1750,33450
20240123,14:21:29,33.65,350,33450
20240123,14:21:37,33.55,100,33450
20240123,14:21:54,34.95,1750,33450
20240123,14:22:09,34.4,350,33450
20240123,14:22:21,34.55,650,33450
20240123,14:22:32,34.7,100,33450
20240123,14:22:46,35.6,350,33450
20240123,14:22:50,35.35,150,33450
20240123,14:23:11,35.7,1150,33450
20240123,14:23:23,35.05,200,33450
20240123,14:23:39,34.6,1150,33450
20240123,14:23:55,34.95,150,33450
20240123,14:23:59,34.5,750,33450
20240123,14:24:00,34.7,50,33450
20240123,14:24:02,34.8,100,33450
20240123,14:24:10,35.4,100,33450
20240123,14:24:12,35.75,50,33450
20240123,14:24:23,35.75,50,33550
20240123,14:24:23,35.8,50,33550
20240123,14:24:29,36.3,400,33550
20240123,14:24:32,36.5,50,33550
20240123,14:24:37,36.3,150,33550
20240123,14:24:43,36.15,50,33550
20240123,14:24:47,35.95,850,33550
20240123,14:24:50,36.0,150,33550
20240123,14:25:01,36.8,950,33550
20240123,14:25:06,36.6,300,33550
20240123,14:25:08,37.0,650,33550
20240123,14:25:09,37.0,100,33550
20240123,14:25:12,37.25,350,33550
20240123,14:25:15,37.35,700,33550
20240123,14:25:24,37.45,50,33550
20240123,14:25:27,37.55,50,33550
20240123,14:25:28,37.9,50,33550
20240123,14:25:33,37.8,1500,33550
20240123,14:25:42,38.7,300,33550
20240123,14:25:43,38.4,150,33550
20240123,14:25:53,37.75,150,33550
20240123,14:25:54,37.95,100,33550
20240123,14:25:59,38.0,50,33550
20240123,14:26:25,38.05,600,33550
20240123,14:26:35,38.5,850,33550
20240123,14:26:46,39.35,50,33550
20240123,14:26:54,40.85,350,33550
20240123,14:27:02,41.5,2100,33550
20240123,14:27:03,41.2,300,33550
20240123,14:27:06,40.55,200,33550
20240123,14:27:08,40.4,700,33550
20240123,14:27:11,41.95,50,33550
20240123,14:27:12,41.75,50,33550
20240123,14:27:14,41.45,50,33550
20240123,14:27:18,41.15,200,35750
20240123,14:27:20,41.55,200,35750
20240123,14:27:22,40.6,350,35750
20240123,14:27:40,40.8,250,35750
20240123,14:27:49,40.25,100,35750
20240123,14:27:51,40.55,50,35750
20240123,14:27:52,40.7,50,35750
20240123,14:27:55,40.7,50,35750
20240123,14:27:59,41.25,100,35750
20240123,14:28:01,41.3,100,35750
20240123,14:28:02,41.2,50,35750
20240123,14:28:03,41.35,100,35750
20240123,14:28:06,41.7,50,35750
20240123,14:28:12,42.05,100,35750
20240123,14:28:14,42.05,50,35750
20240123,14:28:26,41.75,50,35750
20240123,14:28:29,40.9,550,35750
20240123,14:28:31,40.95,150,35750
20240123,14:28:34,40.5,100,35750
20240123,14:28:36,40.55,100,35750
20240123,14:28:39,40.9,200,35750
20240123,14:28:45,40.6,50,35750
20240123,14:28:49,41.2,50,35750
20240123,14:28:50,40.45,100,35750
20240123,14:28:54,40.75,50,35750
20240123,14:29:05,40.8,100,35750
20240123,14:29:16,41.15,100,35750
20240123,14:29:19,41.35,50,35750
20240123,14:29:28,41.5,600,35750
20240123,14:29:44,40.95,50,35750
20240123,14:29:55,40.95,50,35750
20240123,14:30:07,40.95,50,35750
20240123,14:30:27,40.65,50,36500
20240123,14:30:34,40.5,200,36500
20240123,14:30:45,38.0,100,36500
20240123,14:30:47,37.45,50,36500
20240123,14:30:49,37.4,50,36500
20240123,14:30:51,37.75,500,36500
20240123,14:30:52,38.3,100,36500
20240123,14:30:54,38.45,200,36500
20240123,14:30:58,38.4,150,36500
20240123,14:31:01,38.5,150,36500
20240123,14:31:05,38.55,400,36500
20240123,14:31:13,38.05,150,36500
20240123,14:31:14,37.9,200,36500
20240123,14:31:25,36.8,150,36500
20240123,14:31:40,36.4,300,36500
20240123,14:31:43,35.95,150,36500
20240123,14:31:44,35.4,150,36500
20240123,14:31:46,34.9,1100,36500
20240123,14:31:47,35.0,50,36500
20240123,14:31:50,35.25,150,36500
20240123,14:31:53,35.85,100,36500
20240123,14:31:54,35.75,50,36500
20240123,14:31:55,35.6,100,36500
20240123,14:31:58,35.4,200,36500
20240123,14:32:08,36.05,50,36500
20240123,14:32:15,36.55,50,36500
20240123,14:32:21,36.95,50,36500
20240123,14:32:32,36.8,1800,36500
20240123,14:32:45,36.15,250,36500
20240123,14:32:47,36.1,150,36500
20240123,14:32:52,36.15,250,36500
20240123,14:32:58,36.2,250,36500
20240123,14:33:01,36.3,200,36500
20240123,14:33:07,37.2,50,36500
20240123,14:33:08,37.0,50,36500
20240123,14:33:13,37.45,50,36500
20240123,14:33:15,37.1,100,36500
20240123,14:33:16,36.95,1000,36500
20240123,14:33:19,36.85,100,39500
20240123,14:33:19,37.05,150,39500
20240123,14:33:20,36.8,50,39500
20240123,14:33:32,36.45,1900,39500
20240123,14:33:46,36.3,150,39500
20240123,14:33:49,37.05,100,39500
20240123,14:33:49,37.1,300,39500
20240123,14:34:06,37.1,50,39500
20240123,14:34:12,36.95,50,39500
20240123,14:34:16,37.3,50,39500
20240123,14:34:17,37.5,100,39500
20240123,14:34:25,38.35,50,39500
20240123,14:34:31,39.05,100,39500
20240123,14:34:33,39.05,100,39500
20240123,14:34:35,38.75,150,39500
20240123,14:34:40,38.45,100,39500
20240123,14:34:42,38.55,200,39500
20240123,14:34:43,38.55,250,39500
20240123,14:34:45,38.3,50,39500
20240123,14:34:45,37.95,300,39500
20240123,14:34:49,37.8,250,39500
20240123,14:34:53,37.5,50,39500
20240123,14:34:56,38.2,100,39500
20240123,14:34:58,38.5,50,39500
20240123,14:35:00,38.7,50,39500
20240123,14:35:03,38.4,50,39500
20240123,14:35:07,38.5,50,39500
20240123,14:35:15,38.35,50,39500
20240123,14:35:33,39.6,50,39500
20240123,14:35:35,39.85,100,39500
20240123,14:35:38,39.6,50,39500
20240123,14:35:41,39.25,150,39500
20240123,14:35:47,38.75,50,39500
20240123,14:35:47,38.9,250,39500
20240123,14:35:55,39.45,100,39500
20240123,14:35:56,39.6,400,39500
20240123,14:35:59,39.15,100,39500
20240123,14:36:01,39.2,50,39500
20240123,14:36:03,39.15,50,39500
20240123,14:36:12,39.65,100,39500
20240123,14:36:18,39.55,50,40400
20240123,14:36:26,39.25,100,40400
20240123,14:36:38,38.6,100,40400
20240123,14:37:02,38.8,50,40400
20240123,14:37:09,39.1,50,40400
20240123,14:37:21,38.8,100,40400
20240123,14:37:23,38.95,50,40400
20240123,14:37:24,39.05,50,40400
20240123,14:37:27,38.85,50,40400
20240123,14:37:42,39.25,50,40400
20240123,14:37:45,39.35,200,40400
20240123,14:37:54,39.2,100,40400
20240123,14:38:00,39.15,50,40400
20240123,14:38:07,39.2,50,40400
20240123,14:38:08,39.15,150,40400
20240123,14:38:18,39.2,200,40400
20240123,14:38:19,39.35,100,40400
20240123,14:38:23,39.45,50,40400
20240123,14:38:30,40.05,100,40400
20240123,14:38:33,40.05,850,40400
20240123,14:38:45,40.5,1350,40400
20240123,14:38:50,40.5,250,40400
20240123,14:38:52,40.35,100,40400
20240123,14:38:53,40.4,150,40400
20240123,14:38:57,40.55,50,40400
20240123,14:39:08,41.0,50,40400
20240123,14:39:10,41.0,350,40400
20240123,14:39:13,41.7,100,40400
20240123,14:39:14,41.65,300,40400
20240123,14:39:17,41.95,50,40400
20240123,14:39:20,42.0,300,42750
20240123,14:39:28,42.05,1500,42750
20240123,14:39:30,41.35,300,42750
20240123,14:39:32,40.7,500,42750
20240123,14:39:33,41.3,250,42750
20240123,14:39:39,41.85,50,42750
20240123,14:39:47,41.35,400,42750
20240123,14:39:48,41.1,400,42750
20240123,14:39:52,41.2,50,42750
20240123,14:39:52,41.6,350,42750
20240123,14:40:07,41.9,300,42750
20240123,14:40:10,41.9,50,42750
20240123,14:40:17,41.55,50,42750
20240123,14:40:25,40.35,50,42750
20240123,14:40:32,39.55,100,42750
20240123,14:40:34,39.55,150,42750
20240123,14:40:35,40.0,400,42750
20240123,14:40:37,40.75,1300,42750
20240123,14:40:39,40.55,50,42750
20240123,14:40:41,40.0,50,42750
20240123,14:41:09,39.2,50,42750
20240123,14:41:27,39.0,50,42750
20240123,14:41:30,38.75,150,42750
20240123,14:41:39,37.85,300,42750
20240123,14:41:49,39.4,50,42750
20240123,14:41:51,39.4,450,42750
20240123,14:41:53,39.35,200,42750
20240123,14:41:54,39.2,50,42750
20240123,14:41:57,39.5,50,42750
20240123,14:42:00,40.0,200,42750
20240123,14:42:02,39.7,50,42750
20240123,14:42:05,39.75,100,42750
20240123,14:42:15,40.05,100,42750
20240123,14:42:18,39.95,50,41800
20240123,14:42:26,39.9,100,41800
20240123,14:42:46,39.7,100,41800
20240123,14:42:48,40.05,50,41800
20240123,14:42:59,40.7,50,41800
20240123,14:43:13,40.75,100,41800
20240123,14:43:24,41.45,50,41800
20240123,14:43:26,41.6,50,41800
20240123,14:43:30,41.6,300,41800
20240123,14:43:38,41.85,350,41800
20240123,14:43:50,41.35,150,41800
20240123,14:43:54,41.35,50,41800
20240123,14:44:04,41.8,150,41800
20240123,14:44:07,41.75,50,41800
20240123,14:44:18,41.95,250,41800
20240123,14:44:21,41.95,50,41800
20240123,14:44:23,42.3,50,41800
20240123,14:44:25,42.2,600,41800
20240123,14:44:26,42.35,800,41800
20240123,14:44:29,42.4,50,41800
20240123,14:44:30,42.5,400,41800
20240123,14:44:36,42.45,100,41800
20240123,14:44:38,42.75,550,41800
20240123,14:44:43,43.2,150,41800
20240123,14:44:48,42.75,50,41800
20240123,14:44:56,43.1,400,41800
20240123,14:44:58,42.45,200,41800
20240123,14:45:02,42.95,50,41800
20240123,14:45:19,42.7,50,41800
20240123,14:45:22,42.2,450,41650
20240123,14:45:22,41.9,450,41650
20240123,14:45:27,41.25,200,41650
20240123,14:45:28,41.2,100,41650
20240123,14:45:42,41.75,350,41650
20240123,14:45:55,41.45,550,41650
20240123,14:46:06,41.95,50,41650
20240123,14:46:40,41.25,50,41650
20240123,14:46:46,40.85,150,41650
20240123,14:46:56,40.8,150,41650
20240123,14:47:00,41.5,200,41650
20240123,14:47:06,40.9,50,41650
20240123,14:47:16,41.25,50,41650
20240123,14:47:16,41.2,50,41650
20240123,14:47:21,41.0,350,41650
20240123,14:47:37,41.1,50,41650
20240123,14:47:46,41.45,300,41650
20240123,14:47:46,41.2,1200,41650
20240123,14:48:08,41.35,100,41650
20240123,14:48:10,41.1,50,41650
20240123,14:48:14,40.95,500,41650
20240123,14:48:22,40.1,50,42350
20240123,14:48:28,39.5,200,42350
20240123,14:48:46,39.0,50,42350
20240123,14:48:50,38.6,100,42350
20240123,14:48:58,37.0,200,42350
20240123,14:49:00,37.3,50,42350
20240123,14:49:01,37.3,50,42350
20240123,14:49:03,37.4,50,42350
20240123,14:49:06,37.7,200,42350
20240123,14:49:13,37.25,500,42350
20240123,14:49:16,37.0,50,42350
20240123,14:49:19,37.5,250,42350
20240123,14:49:30,38.35,50,42350
20240123,14:49:36,38.05,50,42350
20240123,14:49:41,38.3,450,42350
20240123,14:49:48,38.25,50,42350
20240123,14:50:07,37.05,550,42350
20240123,14:50:10,36.95,300,42350
20240123,14:50:12,36.6,300,42350
20240123,14:50:25,36.85,50,42350
20240123,14:50:29,36.9,350,42350
20240123,14:50:30,36.85,100,42350
20240123,14:50:44,36.25,50,42350
20240123,14:50:47,36.2,200,42350
20240123,14:50:53,35.6,50,42350
20240123,14:50:57,34.9,300,42350
20240123,14:51:02,34.5,100,42350
20240123,14:51:06,34.4,200,42350
20240123,14:51:06,34.3,200,42350
20240123,14:51:12,34.55,100,42350
20240123,14:51:15,34.7,200,42350
20240123,14:51:20,34.8,350,42500
20240123,14:51:34,34.8,100,42500
20240123,14:51:37,34.35,350,42500
20240123,14:51:44,34.6,250,42500
20240123,14:51:45,34.9,100,42500
20240123,14:51:50,34.95,150,42500
20240123,14:51:53,34.65,50,42500
20240123,14:51:59,34.75,1800,42500
20240123,14:52:09,34.8,50,42500
20240123,14:52:20,34.55,200,42500
20240123,14:52:23,34.55,50,42500
20240123,14:52:26,34.4,50,42500
20240123,14:52:30,34.85,300,42500
20240123,14:52:32,34.5,50,42500
20240123,14:52:52,35.6,100,42500
20240123,14:52:53,35.5,100,42500
20240123,14:52:58,35.55,50,42500
20240123,14:53:00,35.7,200,42500
20240123,14:53:23,37.35,400,42500
20240123,14:53:30,37.45,50,42500
20240123,14:53:33,37.0,50,42500
20240123,14:53:35,37.3,50,42500
20240123,14:53:40,37.0,50,42500
20240123,14:53:47,37.35,300,42500
20240123,14:54:17,38.2,200,42500
20240123,14:54:27,39.05,250,43850
20240123,14:54:37,38.85,150,43850
20240123,14:54:41,38.7,100,43850
20240123,14:54:48,37.95,50,43850
20240123,14:55:13,39.3,50,43850
20240123,14:55:15,39.45,50,43850
20240123,14:55:17,39.2,50,43850
20240123,14:55:23,39.1,50,43850
20240123,14:55:36,39.1,300,43850
20240123,14:55:43,39.15,100,43850
20240123,14:55:43,39.25,50,43850
20240123,14:55:49,39.0,50,43850
20240123,14:55:53,39.2,250,43850
20240123,14:56:09,39.6,50,43850
20240123,14:56:11,39.95,100,43850
20240123,14:56:13,39.95,100,43850
20240123,14:56:17,39.75,100,43850
20240123,14:56:27,39.45,100,43850
20240123,14:56:36,39.2,50,43850
20240123,14:56:39,39.25,50,43850
20240123,14:56:42,39.7,50,43850
20240123,14:56:46,39.55,50,43850
20240123,14:56:46,39.6,50,43850
20240123,14:57:01,39.7,200,43850
20240123,14:57:05,39.7,50,43850
20240123,14:57:37,40.2,50,44500
20240123,14:57:44,40.4,150,44500
20240123,14:57:46,40.45,100,44500
20240123,14:57:48,40.35,100,44500
20240123,14:57:50,40.45,200,44500
20240123,14:57:53,40.65,100,44500
20240123,14:58:00,40.45,50,44500
20240123,14:58:05,40.6,200,44500
20240123,14:58:09,39.8,100,44500
20240123,14:58:11,39.6,50,44500
20240123,14:58:17,40.75,100,44500
20240123,14:58:19,40.35,50,44500
20240123,14:58:30,41.15,50,44500
20240123,14:58:32,41.05,100,44500
20240123,14:58:38,41.15,150,44500
20240123,14:58:48,41.75,50,44500
20240123,14:58:57,42.25,100,44500
20240123,14:59:00,42.0,100,44500
20240123,14:59:05,41.4,500,44500
20240123,14:59:16,41.6,50,44500
20240123,14:59:20,42.05,100,44500
20240123,14:59:45,40.8,250,44500
20240123,14:59:50,40.8,100,44500
20240123,14:59:51,40.9,300,44500
20240123,15:00:07,40.8,550,44500
20240123,15:00:14,41.2,100,44500
20240123,15:00:20,41.85,50,44500
20240123,15:00:25,41.15,150,45250
20240123,15:00:33,41.8,50,45250
20240123,15:00:44,41.25,50,45250
20240123,15:00:46,41.05,500,45250
20240123,15:00:55,40.95,100,45250
20240123,15:01:08,39.9,50,45250
20240123,15:01:11,38.8,1000,45250
20240123,15:01:15,38.35,50,45250
20240123,15:01:16,38.9,1000,45250
20240123,15:01:18,39.5,250,45250
20240123,15:01:20,39.9,50,45250
20240123,15:01:22,39.85,50,45250
20240123,15:01:38,39.65,50,45250
20240123,15:01:50,40.15,50,45250
20240123,15:02:01,40.6,50,45250
20240123,15:02:07,41.6,100,45250
20240123,15:02:12,41.95,50,45250
20240123,15:02:13,42.3,300,45250
20240123,15:02:15,42.65,50,45250
20240123,15:02:17,42.7,200,45250
20240123,15:02:34,42.2,1250,45250
20240123,15:02:35,41.5,50,45250
20240123,15:02:37,41.55,1600,45250
20240123,15:02:38,41.7,500,45250
20240123,15:02:42,41.65,100,45250
20240123,15:02:45,41.65,250,45250
20240123,15:02:47,42.35,50,45250
20240123,15:02:49,42.25,150,45250
20240123,15:02:52,41.95,1700,45250
20240123,15:02:53,42.25,350,45250
20240123,15:02:56,42.45,100,45250
20240123,15:02:59,42.7,50,45250
20240123,15:03:00,42.3,1100,45250
20240123,15:03:01,42.3,100,45250
20240123,15:03:04,42.55,50,45250
20240123,15:03:11,42.55,1250,45250
20240123,15:03:17,42.15,450,45250
20240123,15:03:19,42.0,1700,45250
20240123,15:03:23,42.1,50,52850
20240123,15:03:50,42.65,50,52850
20240123,15:03:55,42.9,100,52850
20240123,15:03:56,42.95,50,52850
20240123,15:03:59,43.35,250,52850
20240123,15:04:00,43.0,250,52850
20240123,15:04:01,43.25,50,52850
20240123,15:04:04,43.0,50,52850
20240123,15:04:05,43.0,100,52850
20240123,15:04:13,42.75,100,52850
20240123,15:04:15,43.1,100,52850
20240123,15:04:17,42.8,50,52850
20240123,15:04:21,42.45,50,52850
20240123,15:04:23,42.45,300,52850
20240123,15:04:26,42.55,50,52850
20240123,15:04:26,42.35,50,52850
20240123,15:04:30,41.9,100,52850
20240123,15:04:32,41.3,50,52850
20240123,15:04:33,41.2,50,52850
20240123,15:04:38,41.4,50,52850
20240123,15:04:40,41.75,200,52850
20240123,15:04:54,42.65,50,52850
20240123,15:04:57,42.95,50,52850
20240123,15:05:02,42.75,50,52850
20240123,15:05:04,43.1,200,52850
20240123,15:05:06,42.9,300,52850
20240123,15:05:07,42.95,100,52850
20240123,15:05:21,42.65,300,52850
20240123,15:05:28,42.55,100,52850
20240123,15:05:42,43.0,100,52850
20240123,15:05:46,42.8,1700,52850
20240123,15:05:52,42.85,50,52850
20240123,15:05:57,42.55,150,52850
20240123,15:06:00,41.6,50,52850
20240123,15:06:02,41.4,1100,52850
20240123,15:06:08,41.6,150,52850
20240123,15:06:12,41.85,250,52850
20240123,15:06:26,41.85,50,53700
20240123,15:06:32,41.75,50,53700
20240123,15:06:34,41.55,100,53700
20240123,15:06:40,41.65,100,53700
20240123,15:06:44,42.35,100,53700
20240123,15:06:56,42.25,200,53700
20240123,15:07:03,41.8,50,53700
20240123,15:07:18,41.95,100,53700
20240123,15:07:22,41.7,250,53700
20240123,15:07:26,40.45,150,53700
20240123,15:07:26,40.4,100,53700
20240123,15:07:28,40.55,50,53700
20240123,15:07:37,40.15,50,53700
20240123,15:07:41,40.35,450,53700
20240123,15:07:43,39.85,150,53700
20240123,15:07:44,39.4,100,53700
20240123,15:07:45,38.95,100,53700
20240123,15:07:48,39.0,100,53700
20240123,15:07:49,38.4,350,53700
20240123,15:07:50,38.95,400,53700
20240123,15:07:53,39.05,100,53700
20240123,15:07:54,38.9,100,53700
20240123,15:07:56,38.95,100,53700
20240123,15:08:04,38.95,50,53700
20240123,15:08:12,39.0,200,53700
20240123,15:08:16,39.05,50,53700
20240123,15:08:22,38.9,250,53700
20240123,15:08:23,38.85,50,53700
20240123,15:08:35,38.05,50,53700
20240123,15:08:37,37.5,200,53700
20240123,15:08:39,37.2,450,53700
20240123,15:08:40,37.55,50,53700
20240123,15:08:42,37.6,100,53700
20240123,15:08:43,37.75,150,53700
20240123,15:08:45,37.7,50,53700
20240123,15:08:47,37.45,50,53700
20240123,15:08:50,37.3,450,53700
20240123,15:08:52,37.4,150,53700
20240123,15:08:53,37.15,50,53700
20240123,15:08:59,36.45,100,53700
20240123,15:09:01,36.15,100,53700
20240123,15:09:03,36.4,200,53700
20240123,15:09:05,36.2,300,53700
20240123,15:09:06,36.4,50,53700
20240123,15:09:12,37.9,200,53700
20240123,15:09:13,37.35,300,53700
20240123,15:09:15,37.65,100,53700
20240123,15:09:19,38.1,50,53700
20240123,15:09:19,38.3,50,53700
20240123,15:09:33,37.75,100,54150
20240123,15:09:37,38.65,100,54150
20240123,15:09:39,38.85,50,54150
20240123,15:09:41,39.1,50,54150
20240123,15:09:47,38.65,50,54150
20240123,15:09:49,38.4,2450,54150
20240123,15:09:52,38.3,150,54150
20240123,15:09:58,38.1,950,54150
20240123,15:10:00,38.05,550,54150
20240123,15:10:02,38.0,450,54150
20240123,15:10:04,37.85,100,54150
20240123,15:10:08,37.6,50,54150
20240123,15:10:10,37.5,300,54150
20240123,15:10:12,37.05,50,54150
20240123,15:10:13,37.05,400,54150
20240123,15:10:14,36.9,50,54150
20240123,15:10:18,36.95,550,54150
20240123,15:10:22,37.05,50,54150
20240123,15:10:27,37.2,50,54150
20240123,15:10:33,37.4,50,54150
20240123,15:10:35,37.75,200,54150
20240123,15:10:36,37.8,50,54150
20240123,15:10:38,37.8,50,54150
20240123,15:10:48,38.35,50,54150
20240123,15:10:55,38.15,100,54150
20240123,15:11:00,38.4,50,54150
20240123,15:11:02,38.1,100,54150
20240123,15:11:05,38.55,250,54150
20240123,15:11:06,38.75,50,54150
20240123,15:11:07,38.8,50,54150
20240123,15:11:15,39.0,50,54150
20240123,15:11:17,38.55,950,54150
20240123,15:11:22,39.0,100,54150
20240123,15:11:25,39.1,100,54150
20240123,15:11:27,39.2,350,54150
20240123,15:11:32,39.0,100,54150
20240123,15:11:48,39.35,50,54150
20240123,15:11:57,39.7,50,54150
20240123,15:12:09,39.25,100,54150
20240123,15:12:18,39.05,50,54150
20240123,15:12:36,39.75,50,54150
20240123,15:12:37,39.7,100,55350
20240123,15:12:38,39.8,100,55350
20240123,15:12:48,39.5,250,55350
20240123,15:12:53,39.7,50,55350
20240123,15:13:00,39.7,50,55350
20240123,15:13:05,39.75,300,55350
20240123,15:13:07,39.45,350,55350
20240123,15:13:08,39.8,50,55350
20240123,15:13:21,39.8,150,55350
20240123,15:13:26,39.7,150,55350
20240123,15:13:33,39.55,100,55350
20240123,15:13:35,39.7,100,55350
20240123,15:13:37,39.75,100,55350
20240123,15:13:50,39.55,50,55350
20240123,15:13:52,39.6,50,55350
20240123,15:13:53,39.6,150,55350
20240123,15:14:02,39.5,50,55350
20240123,15:14:04,39.35,150,55350
20240123,15:14:23,39.4,100,55350
20240123,15:14:25,39.2,50,55350
20240123,15:14:49,39.3,950,55350
20240123,15:14:52,39.4,1000,55350
20240123,15:14:55,39.4,250,55350
20240123,15:15:06,39.85,50,55350
20240123,15:15:13,40.0,100,55350
20240123,15:15:23,39.95,1250,55350
20240123,15:15:28,39.75,550,55350
20240123,15:15:45,39.85,100,53950
20240123,15:16:07,40.0,150,53950
20240123,15:16:09,40.0,250,53950
20240123,15:16:27,39.15,1150,53950
20240123,15:16:33,39.1,1050,53950
20240123,15:16:50,38.75,600,53950
20240123,15:16:56,38.9,250,53950
20240123,15:17:11,38.95,300,53950
20240123,15:17:12,39.05,50,53950
20240123,15:17:14,38.95,50,53950
20240123,15:17:22,38.75,350,53950
20240123,15:17:24,38.9,100,53950
20240123,15:17:27,39.0,300,53950
20240123,15:17:29,38.5,150,53950
20240123,15:17:30,38.75,100,53950
20240123,15:17:40,38.3,50,53950
20240123,15:17:58,38.4,50,53950
20240123,15:18:13,38.85,100,53950
20240123,15:18:23,38.75,50,53700
20240123,15:18:26,38.9,50,53700
20240123,15:18:37,38.65,200,53700
20240123,15:19:04,38.75,100,53700
20240123,15:19:08,38.8,100,53700
20240123,15:19:10,38.8,100,53700
20240123,15:19:18,38.75,100,53700
20240123,15:19:21,38.8,100,53700
20240123,15:19:29,38.55,50,53700
20240123,15:19:30,38.6,100,53700
20240123,15:19:31,38.65,100,53700
20240123,15:19:39,38.9,100,53700
20240123,15:19:42,38.85,50,53700
20240123,15:19:50,38.95,100,53700
20240123,15:20:01,38.9,100,53700
20240123,15:20:05,38.55,100,53700
20240123,15:20:06,38.85,150,53700
20240123,15:20:11,38.25,250,53700
20240123,15:20:12,38.25,50,53700
20240123,15:20:16,38.15,200,53700
20240123,15:20:26,37.0,100,53700
20240123,15:20:29,37.55,50,53700
20240123,15:20:56,38.35,50,53700
20240123,15:21:17,37.8,50,53700
20240123,15:21:42,37.8,50,54700
20240123,15:22:11,37.35,200,54700
20240123,15:22:16,37.35,100,54700
20240123,15:22:18,37.0,50,54700
20240123,15:22:22,37.15,250,54700
20240123,15:22:25,36.95,100,54700
20240123,15:22:27,37.0,50,54700
20240123,15:22:30,36.8,100,54700
20240123,15:22:31,36.7,100,54700
20240123,15:22:35,36.4,350,54700
20240123,15:22:36,36.5,200,54700
20240123,15:22:58,36.9,50,54700
20240123,15:23:06,37.05,250,54700
20240123,15:23:09,36.7,200,54700
20240123,15:23:19,36.7,100,54700
20240123,15:23:21,36.7,350,54700
20240123,15:23:22,36.7,50,54700
20240123,15:23:26,36.75,300,54700
20240123,15:23:28,36.8,50,54700
20240123,15:23:53,37.6,50,54700
20240123,15:24:03,37.3,450,54700
20240123,15:24:05,37.2,500,54700
20240123,15:24:37,37.45,650,56150
20240123,15:24:41,37.35,50,56150
20240123,15:24:43,37.4,50,56150
20240123,15:24:50,37.4,50,56150
20240123,15:24:54,37.4,100,56150
20240123,15:25:02,37.4,100,56150
20240123,15:25:03,37.3,300,56150
20240123,15:25:06,37.35,150,56150
20240123,15:25:09,37.2,500,56150
20240123,15:25:12,37.4,250,56150
20240123,15:25:21,37.25,100,56150
20240123,15:25:25,37.25,50,56150
20240123,15:25:26,37.35,50,56150
20240123,15:25:28,37.5,100,56150
20240123,15:25:34,37.1,100,56150
20240123,15:25:38,36.45,300,56150
20240123,15:25:41,36.95,50,56150
20240123,15:25:42,36.55,50,56150
20240123,15:25:47,36.15,150,56150
20240123,15:25:47,36.45,550,56150
20240123,15:25:53,35.95,50,56150
20240123,15:25:55,35.8,50,56150
20240123,15:26:00,35.45,300,56150
20240123,15:26:01,35.9,200,56150
20240123,15:26:03,35.85,50,56150
20240123,15:26:10,35.85,250,56150
20240123,15:26:23,36.05,100,56150
20240123,15:26:24,35.65,50,56150
20240123,15:27:07,37.35,550,56150
20240123,15:27:17,37.35,400,56150
20240123,15:27:25,37.4,100,57300
20240123,15:27:57,38.75,450,57300
