date,time,tick_price,volume,open_interest
20240201,10:30:47,17.4,50,50
20240201,12:03:22,17.4,50,50
20240201,13:25:17,17.4,100,100
20240202,12:10:07,15.7,1,100
20240202,12:10:07,15.7,50,100
20240202,12:11:15,10.7,50,100
20240202,12:45:25,10.7,50,150
20240202,13:50:29,16.0,50,200
20240207,10:41:04,3.5,1,250
20240207,10:41:04,3.5,50,250
20240209,14:18:35,5.5,1,250
20240209,14:18:35,5.5,50,250
20240209,14:18:56,5.5,50,250
20240209,14:24:55,5.5,50,250
20240209,14:25:27,5.5,50,250
20240209,15:00:01,5.5,50,200
20240209,15:00:26,5.5,50,200
20240209,15:17:06,5.5,100,250
20240209,15:20:02,5.45,100,350
20240209,15:25:55,5.45,50,400
20240209,15:27:02,5.5,50,400
20240209,15:27:09,5.5,50,400
20240209,15:28:02,5.15,100,400
20240212,09:15:08,5.55,1,550
20240212,09:15:08,5.55,50,550
20240212,09:15:19,5.6,50,550
20240212,09:15:27,5.6,100,550
20240212,09:15:35,5.45,50,750
20240212,09:16:13,5.45,50,750
20240212,09:16:21,5.55,50,750
20240212,09:16:59,6.05,100,750
20240212,09:17:15,6.05,100,750
20240212,09:17:37,5.8,550,750
20240212,09:17:45,5.75,250,750
20240212,09:17:59,5.75,300,750
20240212,09:19:38,5.35,50,2100
20240212,09:21:03,5.3,250,2100
20240212,09:21:37,5.3,250,2400
20240212,09:23:37,5.3,250,2400
20240212,09:25:07,5.6,500,2900
20240212,09:25:18,5.65,250,2900
20240212,09:25:28,5.5,400,2900
20240212,09:25:47,5.6,50,2900
20240212,09:25:56,5.6,250,2900
20240212,09:27:17,5.65,100,2900
20240212,09:28:01,5.6,50,4150
20240212,09:30:34,5.3,50,4200
20240212,09:31:40,5.35,50,4200
20240212,09:32:23,5.2,50,4200
20240212,09:33:39,5.2,50,4300
20240212,09:35:36,5.25,250,4300
20240212,09:36:57,5.35,400,4250
20240212,09:37:16,5.25,50,4250
20240212,09:37:34,5.1,100,4250
20240212,09:38:02,5.1,100,4250
20240212,09:40:01,5.45,300,4650
20240212,09:40:23,5.45,50,4650
20240212,09:40:34,5.5,50,4650
20240212,09:41:39,5.5,500,4650
20240212,09:41:49,5.5,250,4650
20240212,09:41:58,5.55,100,4650
20240212,09:42:08,5.45,400,4650
20240212,09:44:19,5.65,100,5200
20240212,09:45:08,5.8,150,5200
20240212,09:46:24,5.85,50,5400
20240212,09:46:51,5.85,50,5400
20240212,09:47:03,6.0,100,5400
20240212,09:47:14,5.9,250,5400
20240212,09:47:33,5.95,1000,5400
20240212,09:47:42,6.0,50,5400
20240212,09:48:02,5.95,50,5400
20240212,09:48:18,5.95,50,5400
20240212,09:51:30,5.65,50,7000
20240212,09:51:40,5.6,50,7000
20240212,09:52:37,5.8,50,7000
20240212,09:54:37,5.55,50,7000
20240212,09:54:52,5.65,150,7000
20240212,09:55:07,5.65,50,7000
20240212,09:55:46,5.8,100,7000
20240212,09:58:42,5.85,50,7100
20240212,09:59:32,5.55,50,7100
20240212,10:00:26,5.9,50,7100
20240212,10:01:18,5.5,50,7150
20240212,10:01:52,5.7,100,7150
20240212,10:02:20,5.75,50,7150
20240212,10:03:11,5.65,50,7150
20240212,10:03:38,5.55,50,7150
20240212,10:03:52,5.5,200,7150
20240212,10:04:57,5.5,50,7150
20240212,10:06:47,5.55,50,7100
20240212,10:07:35,5.5,550,7100
20240212,10:09:08,5.6,50,7100
20240212,10:09:54,5.7,50,7100
20240212,10:10:03,5.75,50,7100
20240212,10:10:11,5.75,50,7100
20240212,10:12:14,5.75,400,7100
20240212,10:13:26,5.5,100,7100
20240212,10:16:04,5.75,150,7150
20240212,10:16:49,5.4,50,7150
20240212,10:17:02,5.5,50,7150
20240212,10:17:52,5.45,50,7150
20240212,10:18:04,5.45,50,7150
20240212,10:18:10,5.4,50,7150
20240212,10:21:01,5.75,50,7100
20240212,10:23:17,5.75,100,7100
20240212,10:23:46,5.95,700,7100
20240212,10:24:53,5.95,100,7550
20240212,10:26:21,6.0,850,7550
20240212,10:26:38,5.8,50,7550
20240212,10:27:02,5.85,50,7550
20240212,10:27:10,5.95,50,7550
20240212,10:27:53,5.8,100,8300
20240212,10:28:02,5.95,50,8300
20240212,10:28:11,6.05,100,8300
20240212,10:29:36,5.9,50,8300
20240212,10:29:49,5.85,100,8300
20240212,10:29:57,5.75,50,8300
20240212,10:30:05,5.65,300,8300
20240212,10:30:50,5.75,50,7850
20240212,10:30:57,5.75,50,7850
20240212,10:31:05,5.75,100,7850
20240212,10:31:13,5.7,100,7850
20240212,10:31:38,5.65,250,7850
20240212,10:32:00,5.65,50,7850
20240212,10:32:07,5.75,100,7850
20240212,10:32:23,5.85,200,7850
20240212,10:33:45,5.8,50,7800
20240212,10:38:36,5.75,100,7800
20240212,10:38:56,5.65,50,7800
20240212,10:39:30,5.55,50,7800
20240212,10:41:19,5.95,250,8000
20240212,10:41:27,5.9,50,8000
20240212,10:41:34,5.7,100,8000
20240212,10:43:50,5.75,50,8250
20240212,10:44:02,5.6,50,8250
20240212,10:46:02,5.5,50,8300
20240212,10:46:43,5.5,50,8300
20240212,10:48:20,5.55,50,8300
20240212,10:48:59,5.9,50,8350
20240212,10:54:20,5.8,200,8350
20240212,10:58:26,5.8,50,8450
20240212,10:59:05,5.6,50,8450
20240212,10:59:31,5.55,50,8450
20240212,11:00:38,5.65,50,8450
20240212,11:01:54,5.5,100,8450
20240212,11:02:02,5.3,50,8450
20240212,11:02:45,5.2,300,8450
20240212,11:03:17,5.35,1050,8450
20240212,11:03:26,5.45,3600,8450
20240212,11:03:59,5.3,100,11250
20240212,11:04:29,5.4,100,11250
20240212,11:04:43,5.4,50,11250
20240212,11:12:30,5.2,100,11200
20240212,11:13:58,5.25,50,11250
20240212,11:20:00,5.2,350,11200
20240212,11:26:19,5.2,50,11550
20240212,11:28:51,5.3,100,11500
20240212,11:42:12,5.3,200,11600
20240212,11:42:35,5.3,150,11600
20240212,11:56:24,5.4,50,11250
20240212,12:01:22,5.45,50,11200
20240212,12:01:37,5.45,100,11200
20240212,12:05:18,6.0,50,11150
20240212,12:05:26,6.0,50,11150
20240212,12:05:56,6.1,50,11150
20240212,12:08:08,6.35,150,11100
20240212,12:08:17,6.35,100,11100
20240212,12:08:43,6.85,50,11100
20240212,12:08:52,6.9,150,11100
20240212,12:09:01,6.95,150,11100
20240212,12:09:43,6.95,50,11100
20240212,12:09:51,6.95,100,11100
20240212,12:10:08,6.8,100,11300
20240212,12:10:16,6.65,100,11300
20240212,12:10:36,6.35,150,11300
20240212,12:10:56,6.45,150,11300
20240212,12:11:09,6.5,200,11300
20240212,12:11:15,6.35,50,11300
20240212,12:11:27,6.35,50,11300
20240212,12:12:36,6.5,2600,11300
20240212,12:12:47,6.6,3600,11300
20240212,12:13:17,6.5,2500,12750
20240212,12:13:36,6.4,1800,12750
20240212,12:13:41,6.45,200,12750
20240212,12:13:47,6.4,200,12750
20240212,12:13:52,6.4,200,12750
20240212,12:13:58,6.4,650,12750
20240212,12:14:04,6.2,1350,12750
20240212,12:14:12,6.35,300,12750
20240212,12:14:24,6.3,250,12750
20240212,12:14:30,6.25,1350,12750
20240212,12:14:47,6.25,700,12750
20240212,12:15:04,6.3,50,12750
20240212,12:15:28,6.35,200,12750
20240212,12:15:59,6.3,50,17800
20240212,12:16:19,6.25,50,17800
20240212,12:16:25,6.2,50,17800
20240212,12:17:09,6.05,50,17800
20240212,12:17:38,6.1,200,17800
20240212,12:17:56,6.1,50,17800
20240212,12:18:03,6.1,100,17800
20240212,12:18:10,6.15,50,17800
20240212,12:18:17,5.8,150,17800
20240212,12:18:49,5.9,50,17800
20240212,12:20:07,5.7,50,17850
20240212,12:20:14,5.8,100,17850
20240212,12:23:32,5.95,100,17850
20240212,12:23:45,5.85,50,17850
20240212,12:26:30,6.15,150,17800
20240212,12:26:55,5.9,50,17800
20240212,12:28:28,6.0,100,17800
20240212,12:29:04,5.85,300,17800
20240212,12:29:19,5.9,50,17800
20240212,12:30:32,5.75,50,17800
20240212,12:31:12,5.9,150,17750
20240212,12:31:49,5.65,50,17750
20240212,12:33:35,5.9,50,17750
20240212,12:33:49,5.8,50,17750
20240212,12:34:09,5.7,50,17800
20240212,12:34:22,5.8,50,17800
20240212,12:35:06,5.95,50,17800
20240212,12:36:32,6.0,50,17800
20240212,12:36:38,5.85,50,17800
20240212,12:37:18,5.95,50,17800
20240212,12:38:03,5.85,50,17800
20240212,12:38:41,5.95,500,17800
20240212,12:38:53,5.8,50,17800
20240212,12:42:00,5.85,50,17900
20240212,12:43:56,5.9,50,17900
20240212,12:47:25,6.15,150,17850
20240212,12:48:03,6.15,50,17850
20240212,12:49:11,6.45,100,18000
20240212,12:49:29,6.55,100,18000
20240212,12:49:47,6.65,50,18000
20240212,12:49:56,6.5,50,18000
20240212,12:50:38,6.5,150,18000
20240212,12:51:12,6.6,50,18000
20240212,12:53:36,6.5,250,18150
20240212,12:54:07,6.5,50,18150
20240212,12:54:44,6.75,50,18150
20240212,12:54:51,6.7,50,18150
20240212,12:55:13,6.7,100,18200
20240212,12:56:37,7.05,50,18200
20240212,12:57:50,7.45,100,18200
20240212,13:00:37,7.65,150,18300
20240212,13:00:46,8.05,50,18300
20240212,13:01:05,8.4,150,18300
20240212,13:01:23,8.4,850,18400
20240212,13:01:50,8.85,50,18400
20240212,13:02:00,9.0,100,18400
20240212,13:02:09,9.0,100,18400
20240212,13:02:17,9.2,50,18400
20240212,13:02:25,9.2,150,18400
20240212,13:02:51,9.0,250,18400
20240212,13:02:59,8.9,250,18400
20240212,13:03:08,8.95,1100,18400
20240212,13:03:34,8.9,1300,18400
20240212,13:03:43,8.9,500,18400
20240212,13:03:52,8.6,1100,18400
20240212,13:04:01,8.6,100,18400
20240212,13:04:09,8.3,150,20250
20240212,13:04:17,8.25,100,20250
20240212,13:04:26,8.0,50,20250
20240212,13:04:35,8.0,50,20250
20240212,13:05:01,7.95,50,20250
20240212,13:05:10,8.05,350,20250
20240212,13:05:26,8.15,1950,20250
20240212,13:06:06,8.35,100,20250
20240212,13:06:14,8.35,200,20250
20240212,13:06:29,8.45,150,20250
20240212,13:06:36,8.35,100,20250
20240212,13:06:44,8.3,50,20250
20240212,13:06:51,8.2,1900,20250
20240212,13:06:59,8.2,100,20250
20240212,13:07:06,8.35,200,20300
20240212,13:07:43,8.3,100,20300
20240212,13:07:50,8.3,150,20300
20240212,13:08:26,8.1,50,20300
20240212,13:08:33,8.15,350,20300
20240212,13:08:47,8.2,1850,20300
20240212,13:08:59,8.15,400,20300
20240212,13:09:18,8.15,400,20300
20240212,13:09:47,8.0,550,20300
20240212,13:09:53,8.0,50,20300
20240212,13:10:15,7.85,250,21050
20240212,13:10:29,7.8,100,21050
20240212,13:10:38,7.8,250,21050
20240212,13:10:45,7.75,150,21050
20240212,13:10:53,7.85,50,21050
20240212,13:11:00,7.85,100,21050
20240212,13:12:01,7.7,100,21050
20240212,13:12:09,7.8,150,21050
20240212,13:12:16,7.6,50,21050
20240212,13:13:04,7.8,50,21050
20240212,13:13:09,7.8,50,21050
20240212,13:13:43,7.7,50,21050
20240212,13:14:08,7.7,400,21050
20240212,13:14:14,7.8,100,21050
20240212,13:14:20,7.8,350,21050
20240212,13:14:37,7.95,50,21050
20240212,13:14:51,8.05,50,21050
20240212,13:15:05,8.05,400,21050
20240212,13:15:11,8.05,50,21050
20240212,13:15:17,8.05,50,21050
20240212,13:15:34,8.1,250,21050
20240212,13:15:46,8.1,1200,21050
20240212,13:15:54,8.05,100,21050
20240212,13:16:06,8.05,350,21550
20240212,13:16:18,8.0,50,21550
20240212,13:16:36,7.95,100,21550
20240212,13:16:41,7.9,150,21550
20240212,13:17:00,7.85,50,21550
20240212,13:17:13,7.8,100,21550
20240212,13:18:05,8.05,50,21550
20240212,13:18:11,8.1,50,21550
20240212,13:18:18,8.1,50,21550
20240212,13:18:24,8.1,1050,21550
20240212,13:18:32,8.15,1450,21550
20240212,13:18:48,8.35,1050,21550
20240212,13:18:57,8.25,350,21550
20240212,13:19:05,8.35,100,24350
20240212,13:19:13,8.25,1050,24350
20240212,13:20:01,8.1,100,24350
20240212,13:20:07,8.1,50,24350
20240212,13:20:19,8.25,150,24350
20240212,13:20:32,8.35,100,24350
20240212,13:20:54,8.35,50,24350
20240212,13:21:00,8.25,250,24350
20240212,13:21:07,8.2,100,24350
20240212,13:21:30,8.35,50,24350
20240212,13:21:53,8.25,1800,24350
20240212,13:22:28,8.35,100,24850
20240212,13:22:38,8.35,50,24850
20240212,13:22:50,8.3,200,24850
20240212,13:23:00,8.15,50,24850
20240212,13:23:55,8.2,250,24850
20240212,13:24:08,8.2,350,24850
20240212,13:24:14,8.15,50,24850
20240212,13:24:34,8.1,50,24850
20240212,13:24:39,8.05,50,24850
20240212,13:24:44,8.0,50,24850
20240212,13:25:04,7.95,50,25050
20240212,13:25:10,7.9,50,25050
20240212,13:25:48,7.85,50,25050
20240212,13:25:54,7.8,50,25050
20240212,13:26:01,7.7,100,25050
20240212,13:26:08,7.85,200,25050
20240212,13:26:29,7.9,1800,25050
20240212,13:26:35,7.8,200,25050
20240212,13:27:11,7.75,50,25050
20240212,13:27:25,7.75,200,25050
20240212,13:27:31,7.85,150,25050
20240212,13:27:44,7.85,100,25050
20240212,13:27:51,7.75,50,25050
20240212,13:28:05,7.7,50,25050
20240212,13:28:11,7.7,100,24900
20240212,13:28:31,7.8,100,24900
20240212,13:28:49,7.7,50,24900
20240212,13:28:55,7.7,350,24900
20240212,13:29:02,7.6,1050,24900
20240212,13:30:02,7.7,350,24900
20240212,13:30:15,7.65,350,24900
20240212,13:31:06,7.6,50,24200
20240212,13:31:18,7.7,50,24200
20240212,13:31:35,7.8,50,24200
20240212,13:32:08,7.8,100,24200
20240212,13:32:14,7.7,150,24200
20240212,13:32:35,7.7,150,24200
20240212,13:32:56,7.55,200,24200
20240212,13:33:11,7.35,100,24200
20240212,13:33:26,7.25,50,24200
20240212,13:33:34,7.1,150,24200
20240212,13:33:42,7.0,50,24200
20240212,13:34:04,6.8,500,24250
20240212,13:34:12,6.75,50,24250
20240212,13:34:27,6.8,100,24250
20240212,13:34:54,6.9,250,24250
20240212,13:35:06,6.75,50,24250
20240212,13:35:13,6.7,50,24250
20240212,13:35:21,6.6,100,24250
20240212,13:35:50,6.45,50,24250
20240212,13:35:57,6.45,100,24250
20240212,13:36:06,6.4,50,24250
20240212,13:36:36,6.45,100,24250
20240212,13:37:14,6.45,100,25000
20240212,13:37:35,6.5,50,25000
20240212,13:37:42,6.5,50,25000
20240212,13:37:54,6.5,300,25000
20240212,13:38:01,6.5,100,25000
20240212,13:38:51,6.55,50,25000
20240212,13:38:59,6.6,100,25000
20240212,13:39:06,6.6,50,25000
20240212,13:39:19,6.6,200,25000
20240212,13:39:34,6.6,750,25000
20240212,13:39:41,6.6,50,25000
20240212,13:39:48,6.65,600,25000
20240212,13:39:57,6.65,100,25000
20240212,13:40:05,6.65,150,25000
20240212,13:40:13,6.75,250,23850
20240212,13:41:50,7.1,100,23850
20240212,13:42:12,7.15,100,23850
20240212,13:42:26,7.1,350,23850
20240212,13:42:32,7.1,100,23850
20240212,13:42:38,7.1,50,23850
20240212,13:42:44,7.1,250,23850
20240212,13:43:03,7.05,50,23850
20240212,13:43:15,7.05,50,24050
20240212,13:43:37,7.05,50,24050
20240212,13:43:43,7.05,150,24050
20240212,13:44:19,7.0,50,24050
20240212,13:44:59,7.1,50,24050
20240212,13:45:05,7.15,300,24050
20240212,13:45:11,7.15,50,24050
20240212,13:45:34,7.25,50,24050
20240212,13:45:46,7.1,250,24050
20240212,13:45:51,7.05,100,24050
20240212,13:46:10,7.0,50,24050
20240212,13:46:14,7.0,50,24050
20240212,13:46:19,6.95,100,24050
20240212,13:46:30,6.9,300,24050
20240212,13:46:36,6.8,200,24050
20240212,13:46:43,6.85,150,24050
20240212,13:46:50,6.8,50,24050
20240212,13:46:57,6.75,300,24050
20240212,13:47:50,6.85,100,24050
20240212,13:48:00,6.85,50,24050
20240212,13:48:05,6.85,50,24050
20240212,13:48:21,6.8,250,24050
20240212,13:48:26,6.9,50,24050
20240212,13:48:37,6.9,50,24050
20240212,13:48:41,6.9,50,24050
20240212,13:49:08,6.85,400,24050
20240212,13:49:44,6.8,200,24350
20240212,13:50:20,6.85,50,24350
20240212,13:50:29,6.85,100,24350
20240212,13:51:21,6.85,100,24350
20240212,13:51:36,6.85,100,24350
20240212,13:51:46,6.9,50,24350
20240212,13:52:18,6.9,300,24050
20240212,13:52:56,7.2,50,24050
20240212,13:53:04,7.15,50,24050
20240212,13:53:28,7.2,50,24050
20240212,13:53:55,7.45,200,24050
20240212,13:54:04,7.5,50,24050
20240212,13:54:20,7.5,100,24050
20240212,13:54:28,7.5,50,24050
20240212,13:55:40,7.5,250,24400
20240212,13:55:46,7.4,350,24400
20240212,13:55:53,7.4,300,24400
20240212,13:56:23,7.2,50,24400
20240212,13:56:30,7.15,100,24400
20240212,13:56:37,7.15,250,24400
20240212,13:56:44,7.15,50,24400
20240212,13:56:59,6.95,100,24400
20240212,13:57:07,6.95,50,24400
20240212,13:57:14,7.0,50,24400
20240212,13:57:43,6.75,150,24400
20240212,13:59:01,6.75,350,24650
20240212,13:59:47,6.8,50,24650
20240212,13:59:53,6.8,50,24650
20240212,14:00:08,6.8,300,24650
20240212,14:00:29,6.7,50,24650
20240212,14:00:41,6.6,1800,24650
20240212,14:01:00,6.6,50,24650
20240212,14:01:21,6.55,350,24500
20240212,14:01:43,6.7,150,24500
20240212,14:02:54,6.65,50,24500
20240212,14:03:15,6.35,50,24500
20240212,14:03:28,6.5,50,24500
20240212,14:03:41,6.55,50,24500
20240212,14:04:28,6.55,50,24350
20240212,14:05:48,6.3,50,24350
20240212,14:05:55,6.2,50,24350
20240212,14:06:02,6.15,50,24350
20240212,14:06:23,6.15,100,24350
20240212,14:06:43,6.3,50,24350
20240212,14:06:59,6.3,400,24350
20240212,14:07:06,6.25,350,24350
20240212,14:07:25,6.35,200,24100
20240212,14:08:27,6.55,50,24100
20240212,14:08:35,6.55,100,24100
20240212,14:09:09,6.4,100,24100
20240212,14:09:44,6.5,50,24100
20240212,14:09:49,6.6,350,24100
20240212,14:10:00,6.5,50,24100
20240212,14:11:03,6.3,50,24100
20240212,14:11:23,6.25,250,23600
20240212,14:12:58,6.05,50,23600
20240212,14:13:13,6.0,50,23550
20240212,14:13:36,5.8,50,23550
20240212,14:14:06,5.75,50,23550
20240212,14:14:29,5.65,50,23550
20240212,14:15:07,5.55,50,23550
20240212,14:15:49,5.55,50,23550
20240212,14:16:24,5.75,100,23450
20240212,14:16:31,5.75,50,23450
20240212,14:16:43,5.85,100,23450
20240212,14:16:57,5.85,50,23450
20240212,14:17:04,5.85,50,23450
20240212,14:17:18,5.9,50,23450
20240212,14:18:12,6.05,50,23450
20240212,14:18:26,6.1,50,23450
20240212,14:19:00,6.2,50,23450
20240212,14:22:53,6.45,1000,23700
20240212,14:23:17,6.45,50,23700
20240212,14:23:28,6.5,50,23700
20240212,14:23:46,6.5,50,23700
20240212,14:28:54,6.5,100,24250
20240212,14:31:13,6.35,150,24250
20240212,14:31:49,6.0,50,24150
20240212,14:33:31,6.05,100,24150
20240212,14:34:55,6.0,50,24150
20240212,14:36:57,5.95,50,24150
20240212,14:37:06,6.0,50,24150
20240212,14:37:52,6.05,50,24250
20240212,14:37:56,6.05,1000,24250
20240212,14:38:05,6.1,1000,24250
20240212,14:38:23,6.1,1000,24250
20240212,14:38:37,6.25,250,24250
20240212,14:38:44,6.2,1000,24250
20240212,14:38:51,6.35,250,24250
20240212,14:38:59,6.2,1000,24250
20240212,14:39:05,6.2,1000,24250
20240212,14:39:11,6.2,1000,24250
20240212,14:39:16,6.2,1000,24250
20240212,14:39:23,6.2,1000,24250
20240212,14:40:18,6.1,1050,33250
20240212,14:40:31,6.35,600,33250
20240212,14:40:49,6.45,50,33250
20240212,14:41:11,6.65,150,33250
20240212,14:41:43,6.55,350,33250
20240212,14:41:51,6.15,150,33250
20240212,14:42:25,5.8,150,33250
20240212,14:43:13,5.55,50,33250
20240212,14:44:34,5.7,350,34300
20240212,14:45:14,5.8,500,34300
20240212,14:47:04,5.85,100,33450
20240212,14:49:59,6.15,200,33450
20240212,14:51:06,6.4,50,33450
20240212,14:52:37,6.4,50,33500
20240212,14:54:34,6.2,100,33500
20240212,14:55:39,6.15,100,33500
20240212,14:57:32,6.4,900,33500
20240212,14:57:50,6.35,100,33500
20240212,14:58:03,6.3,50,33500
20240212,14:58:21,6.4,50,33700
20240212,14:58:32,6.25,200,33700
20240212,14:59:52,6.4,250,33700
20240212,15:00:09,6.55,500,33700
20240212,15:00:23,6.3,100,33700
20240212,15:01:12,6.25,100,33700
20240212,15:01:36,5.65,100,33850
20240212,15:01:43,5.8,1200,33850
20240212,15:01:54,5.55,150,33850
20240212,15:02:08,5.5,750,33850
20240212,15:03:15,5.75,150,33850
20240212,15:03:21,5.75,150,33850
20240212,15:03:27,5.65,300,33850
20240212,15:03:38,5.6,50,33850
20240212,15:04:10,5.75,50,33850
20240212,15:04:45,5.8,150,32800
20240212,15:04:59,5.9,100,32800
20240212,15:06:09,5.95,100,32800
20240212,15:06:29,5.9,100,32800
20240212,15:06:35,5.85,200,32800
20240212,15:08:13,5.9,100,33000
20240212,15:08:31,6.15,5950,33000
20240212,15:09:04,6.0,350,33000
20240212,15:09:50,6.05,100,33000
20240212,15:10:02,6.0,50,33000
20240212,15:10:09,5.95,150,33000
20240212,15:12:10,6.6,250,33900
20240212,15:12:18,6.6,150,33900
20240212,15:12:44,6.7,6100,33900
20240212,15:13:02,6.6,4500,33900
20240212,15:13:11,6.65,200,33900
20240212,15:13:55,6.35,500,38450
20240212,15:14:03,6.25,250,38450
20240212,15:14:11,6.25,200,38450
20240212,15:14:17,6.4,350,38450
20240212,15:14:40,6.5,100,38450
20240212,15:14:56,6.55,200,38450
20240212,15:15:04,6.5,1100,38450
20240212,15:15:28,6.45,300,38450
20240212,15:15:36,6.55,300,38450
20240212,15:16:14,6.75,200,38450
20240212,15:16:22,6.65,600,38450
20240212,15:16:59,6.75,300,37050
20240212,15:17:15,6.75,100,37050
20240212,15:18:01,6.7,150,37050
20240212,15:18:09,6.6,200,37050
20240212,15:18:52,6.65,50,37050
20240212,15:19:00,6.65,250,37050
20240212,15:19:08,6.75,50,37050
20240212,15:19:50,6.8,100,36600
20240212,15:19:59,6.85,500,36600
20240212,15:20:07,6.8,100,36600
20240212,15:20:15,6.75,750,36600
20240212,15:20:23,6.55,4500,36600
20240212,15:20:31,6.7,50,36600
20240212,15:20:40,6.7,400,36600
20240212,15:20:49,6.75,3100,36600
20240212,15:20:58,6.6,250,36600
20240212,15:21:07,6.6,2000,36600
20240212,15:21:22,6.6,400,36600
20240212,15:21:37,6.55,250,36600
20240212,15:21:46,6.5,450,36600
20240212,15:22:13,6.7,1550,36600
20240212,15:22:21,6.5,100,36600
20240212,15:22:29,6.55,250,33050
20240212,15:22:46,6.5,500,33050
20240212,15:22:54,6.4,100,33050
20240212,15:23:03,6.3,350,33050
20240212,15:23:11,6.3,100,33050
20240212,15:23:26,6.3,450,33050
20240212,15:23:33,6.35,50,33050
20240212,15:24:02,6.4,50,33050
20240212,15:24:09,6.4,50,33050
20240212,15:24:23,6.1,950,33050
20240212,15:25:30,6.2,250,32100
20240212,15:25:38,6.1,150,32100
20240212,15:25:46,6.05,100,32100
20240212,15:25:53,6.05,600,32100
20240212,15:26:31,6.0,250,32100
20240212,15:27:25,6.0,750,32100
20240212,15:28:19,6.1,250,32100
20240212,15:28:26,6.05,250,31450
20240212,15:29:34,6.3,100,31450
20240212,15:29:43,6.1,150,31450
20240213,09:15:49,5.9,1,31450
20240213,09:15:49,5.65,1,31450
20240213,09:15:49,5.9,200,31450
20240213,09:15:57,5.9,50,31450
20240213,09:16:05,5.75,350,31450
20240213,09:16:23,5.6,100,31450
20240213,09:16:32,5.5,50,31450
20240213,09:16:41,5.5,50,31450
20240213,09:16:58,5.5,50,31450
20240213,09:17:06,5.7,50,31450
20240213,09:17:49,5.85,50,31450
20240213,09:18:00,6.0,350,31450
20240213,09:18:11,6.0,150,31450
20240213,09:18:23,6.0,50,31450
20240213,09:19:19,6.0,100,31350
20240213,09:19:30,5.9,400,31350
20240213,09:19:41,5.85,300,31350
20240213,09:20:17,5.55,500,31350
20240213,09:21:01,5.65,250,31350
20240213,09:21:53,5.85,200,31300
20240213,09:22:03,5.9,50,31300
20240213,09:22:24,6.15,400,31300
20240213,09:22:45,6.15,50,31300
20240213,09:22:56,6.2,550,31300
20240213,09:23:36,6.6,50,31300
20240213,09:23:56,6.7,150,31300
20240213,09:24:06,6.75,150,31300
20240213,09:24:16,6.75,350,31300
20240213,09:24:27,6.3,50,31300
20240213,09:24:49,5.9,1250,31650
20240213,09:25:02,5.85,200,31650
20240213,09:25:33,5.95,550,31650
20240213,09:25:43,5.95,350,31650
20240213,09:25:53,6.0,1100,31650
20240213,09:26:03,6.1,800,31650
20240213,09:26:13,6.2,450,31650
20240213,09:26:24,6.3,50,31650
20240213,09:26:34,6.45,100,31650
20240213,09:26:44,6.2,650,31650
20240213,09:26:55,6.2,150,31650
20240213,09:27:05,6.3,150,31650
20240213,09:27:14,6.15,1050,31650
20240213,09:27:24,6.25,550,31650
20240213,09:27:33,6.25,350,36800
20240213,09:27:44,6.3,50,36800
20240213,09:27:54,6.4,50,36800
20240213,09:28:36,6.45,600,36800
20240213,09:28:47,6.6,300,36800
20240213,09:28:57,6.6,100,36800
20240213,09:29:07,6.65,50,36800
20240213,09:29:18,6.75,1000,36800
20240213,09:29:28,6.7,50,36800
20240213,09:29:39,7.05,2000,36800
20240213,09:29:50,7.25,550,36800
20240213,09:30:00,7.0,950,36800
20240213,09:30:10,6.75,150,36800
20240213,09:30:32,6.4,200,38250
20240213,09:30:43,6.8,200,38250
20240213,09:30:53,6.9,400,38250
20240213,09:31:04,7.15,1300,38250
20240213,09:31:14,7.35,100,38250
20240213,09:31:25,7.7,200,38250
20240213,09:31:35,7.95,900,38250
20240213,09:31:46,8.1,1750,38250
20240213,09:31:56,7.8,200,38250
20240213,09:32:06,7.95,1000,38250
20240213,09:32:17,8.0,50,38250
20240213,09:32:36,7.9,1300,38250
20240213,09:32:46,7.85,50,38250
20240213,09:32:56,7.7,650,38250
20240213,09:33:05,7.75,50,38250
20240213,09:33:14,7.75,200,38250
20240213,09:33:25,7.95,550,38250
20240213,09:33:35,7.85,200,37600
20240213,09:34:15,7.55,250,37600
20240213,09:34:27,6.9,750,37600
20240213,09:34:39,6.7,300,37600
20240213,09:34:51,6.5,600,37600
20240213,09:35:03,6.4,600,37600
20240213,09:35:15,6.65,1150,37600
20240213,09:35:27,6.95,150,37600
20240213,09:35:37,6.8,50,37600
20240213,09:36:15,6.4,200,37600
20240213,09:36:28,6.3,250,37600
20240213,09:36:40,6.2,100,37500
20240213,09:36:51,6.1,100,37500
20240213,09:37:04,6.25,50,37500
20240213,09:37:15,6.25,100,37500
20240213,09:37:27,6.15,50,37500
20240213,09:38:00,6.15,1050,37500
20240213,09:38:10,6.3,150,37500
20240213,09:38:19,6.3,50,37500
20240213,09:38:36,6.25,50,37500
20240213,09:38:46,6.25,500,37500
20240213,09:39:04,6.55,50,37500
20240213,09:39:21,6.35,100,37500
20240213,09:39:40,6.25,250,37700
20240213,09:39:51,6.3,100,37700
20240213,09:40:01,6.3,150,37700
20240213,09:40:11,6.25,100,37700
20240213,09:40:21,6.2,100,37700
20240213,09:40:34,6.2,150,37700
20240213,09:40:57,6.2,150,37700
20240213,09:41:08,6.1,50,37700
20240213,09:41:49,6.05,50,37700
20240213,09:42:00,6.05,450,37700
20240213,09:42:21,6.15,100,37700
20240213,09:42:42,6.15,100,38000
20240213,09:42:52,6.15,50,38000
20240213,09:43:02,6.0,450,38000
20240213,09:43:13,6.15,200,38000
20240213,09:43:23,6.2,50,38000
20240213,09:43:34,6.35,250,38000
20240213,09:43:44,6.4,150,38000
20240213,09:43:54,6.45,50,38000
20240213,09:44:03,6.4,50,38000
20240213,09:44:22,6.5,100,38000
20240213,09:44:32,6.25,100,38000
20240213,09:44:53,6.0,50,38000
20240213,09:45:02,6.1,550,38000
20240213,09:45:12,6.15,350,38000
20240213,09:45:21,6.25,100,38000
20240213,09:45:30,6.3,100,38000
20240213,09:45:58,6.45,50,38950
20240213,09:46:08,6.4,700,38950
20240213,09:46:16,6.35,50,38950
20240213,09:46:40,6.3,100,38950
20240213,09:46:49,6.25,100,38950
20240213,09:46:57,6.15,50,38950
20240213,09:47:06,6.2,50,38950
20240213,09:47:15,6.15,50,38950
20240213,09:47:35,6.15,100,38950
20240213,09:47:44,6.0,200,38950
20240213,09:48:36,6.0,200,38950
20240213,09:48:45,6.0,100,38600
20240213,09:50:07,6.4,450,38600
20240213,09:50:28,6.35,200,38600
20240213,09:50:39,6.35,50,38600
20240213,09:50:59,6.2,50,38600
20240213,09:51:21,6.05,50,38600
20240213,09:51:31,6.3,200,38600
20240213,09:51:42,6.35,100,38350
20240213,09:51:52,6.4,50,38350
20240213,09:52:32,6.35,100,38350
20240213,09:53:20,6.2,200,38350
20240213,09:53:30,6.2,50,38350
20240213,09:53:40,6.1,50,38350
20240213,09:53:50,6.25,100,38350
20240213,09:54:08,6.1,50,38350
20240213,09:54:29,5.95,150,38350
20240213,09:54:49,5.85,50,38600
20240213,09:55:11,5.75,50,38600
20240213,09:55:24,5.8,250,38600
20240213,09:55:35,5.7,200,38600
20240213,09:55:46,5.6,50,38600
20240213,09:56:09,5.55,250,38600
20240213,09:56:21,5.35,600,38600
20240213,09:56:31,5.35,250,38600
20240213,09:56:41,5.35,50,38600
20240213,09:57:33,5.15,50,38600
20240213,09:57:45,5.15,250,38550
20240213,09:58:17,5.1,2000,38550
20240213,09:59:22,5.2,200,38550
20240213,10:00:06,5.2,350,38550
20240213,10:00:17,5.2,2300,38550
20240213,10:00:28,5.2,100,38550
20240213,10:00:51,5.25,100,37850
20240213,10:01:02,5.3,200,37850
20240213,10:01:13,5.35,50,37850
20240213,10:01:34,5.3,550,37850
20240213,10:01:45,5.4,100,37850
20240213,10:01:56,5.4,200,37850
20240213,10:02:18,5.45,50,37850
20240213,10:02:29,5.45,200,37850
20240213,10:03:01,5.45,50,37850
20240213,10:03:12,5.45,100,37850
20240213,10:03:42,5.45,100,37350
20240213,10:03:52,5.35,700,37350
20240213,10:04:03,5.4,100,37350
20240213,10:04:13,5.35,600,37350
20240213,10:04:23,5.3,100,37350
20240213,10:04:41,5.2,150,37350
20240213,10:04:51,5.15,50,37350
20240213,10:05:00,5.05,500,37350
20240213,10:05:11,5.0,1450,37350
20240213,10:05:21,5.0,150,37350
20240213,10:05:40,5.0,50,37350
20240213,10:05:51,4.85,750,37350
20240213,10:06:03,4.85,50,37350
20240213,10:06:13,4.8,50,37350
20240213,10:06:23,4.75,50,37350
20240213,10:06:34,4.75,50,37350
20240213,10:06:44,4.65,200,37350
20240213,10:06:54,4.65,100,37500
20240213,10:07:04,4.75,800,37500
20240213,10:07:14,4.75,100,37500
20240213,10:07:24,4.7,900,37500
20240213,10:07:43,4.75,450,37500
20240213,10:08:31,4.85,50,37500
20240213,10:08:40,4.9,550,37500
20240213,10:08:50,4.95,450,37500
20240213,10:09:30,5.1,450,37500
20240213,10:09:55,4.9,350,37800
20240213,10:10:20,4.85,50,37800
20240213,10:10:33,4.75,750,37800
20240213,10:11:33,4.75,300,37800
20240213,10:11:45,4.8,350,37800
20240213,10:12:38,4.75,150,37100
20240213,10:13:19,4.8,50,37100
20240213,10:13:41,4.8,350,37100
20240213,10:13:53,4.95,50,37100
20240213,10:14:59,4.85,150,37100
20240213,10:15:21,4.9,50,37100
20240213,10:15:53,4.9,50,37600
20240213,10:16:04,5.0,50,37600
20240213,10:16:15,5.05,100,37600
20240213,10:16:37,5.1,100,37600
20240213,10:17:20,5.3,4950,37600
20240213,10:17:30,5.2,250,37600
20240213,10:17:40,5.2,50,37600
20240213,10:17:51,5.15,150,37600
20240213,10:18:31,4.95,50,37600
20240213,10:18:41,5.05,500,37950
20240213,10:19:43,5.0,400,37950
20240213,10:19:55,5.0,200,37950
20240213,10:20:05,5.0,50,37950
20240213,10:20:47,5.15,500,37950
20240213,10:22:24,4.95,500,38000
20240213,10:22:34,5.15,100,38000
20240213,10:22:44,5.2,5100,38000
20240213,10:23:04,5.15,100,38000
20240213,10:23:14,5.15,150,38000
20240213,10:23:23,5.1,250,38000
20240213,10:25:06,5.05,50,40150
20240213,10:25:35,5.05,100,40150
20240213,10:29:11,4.8,150,40150
20240213,10:29:22,4.8,50,40150
20240213,10:29:32,4.8,300,40150
20240213,10:29:42,4.75,50,40150
20240213,10:29:52,4.75,750,40150
20240213,10:32:14,5.0,200,40150
20240213,10:38:20,5.0,50,39650
20240213,10:38:40,4.95,550,39650
20240213,10:38:52,4.9,350,39650
20240213,10:39:04,4.85,300,39650
20240213,10:39:15,4.8,50,39650
20240213,10:39:59,4.8,50,39400
20240213,10:40:09,4.8,250,39400
20240213,10:40:19,4.85,250,39400
20240213,10:40:49,4.75,2000,39400
20240213,10:40:59,4.75,1300,39400
20240213,10:42:11,4.85,50,39400
20240213,10:42:31,4.9,50,39400
20240213,10:42:41,4.9,50,39400
20240213,10:43:22,4.9,250,39600
20240213,10:43:52,4.95,50,39600
20240213,10:45:51,4.9,250,39900
20240213,10:46:52,4.85,50,39900
20240213,10:48:45,4.85,250,39900
20240213,10:49:29,4.8,100,39700
20240213,10:50:25,4.8,50,39700
20240213,10:50:35,4.75,200,39700
20240213,10:52:27,4.65,50,39450
20240213,10:52:59,4.6,2000,39450
20240213,10:53:31,4.6,50,39450
20240213,11:00:08,4.6,500,41450
20240213,11:02:10,4.6,50,41950
20240213,11:02:55,4.55,700,41950
20240213,11:03:04,4.55,250,41950
20240213,11:04:10,4.45,1250,42900
20240213,11:06:57,4.45,50,43900
20240213,11:10:48,4.3,50,43950
20240213,11:12:42,4.25,50,43950
20240213,11:13:01,4.2,50,44000
20240213,11:13:40,4.15,50,44000
20240213,11:13:48,4.15,50,44000
20240213,11:14:06,4.15,50,44000
20240213,11:15:29,4.15,50,44000
20240213,11:15:48,4.15,250,44000
20240213,11:16:06,4.25,50,44200
20240213,11:16:17,4.25,300,44200
20240213,11:16:35,4.3,50,44200
20240213,11:17:08,4.35,100,44200
20240213,11:17:26,4.3,50,44200
20240213,11:17:35,4.3,750,44200
20240213,11:18:29,4.3,50,44200
20240213,11:18:40,4.3,350,44200
20240213,11:19:14,4.35,100,44150
20240213,11:19:22,4.35,50,44150
20240213,11:19:41,4.5,600,44150
20240213,11:20:07,4.5,100,44150
20240213,11:20:16,4.5,50,44150
20240213,11:20:25,4.55,100,44150
20240213,11:20:34,4.5,300,44150
20240213,11:22:34,4.55,100,44400
20240213,11:25:07,4.55,50,44400
20240213,11:26:56,4.55,750,44400
20240213,11:29:19,4.3,200,44400
20240213,11:29:32,4.3,200,44400
20240213,11:29:44,4.25,100,44400
20240213,11:29:50,4.3,50,44400
20240213,11:30:37,4.35,600,44400
20240213,11:30:52,4.35,100,45550
20240213,11:33:02,4.25,100,45550
20240213,11:33:18,4.25,50,45550
20240213,11:34:46,4.3,2000,45600
20240213,11:34:52,4.45,1800,45600
20240213,11:35:31,4.4,50,45600
20240213,11:35:44,4.4,250,45600
20240213,11:35:50,4.4,650,45600
20240213,11:36:39,4.5,1600,45600
20240213,11:36:45,4.5,150,45600
20240213,11:37:08,4.55,50,47000
20240213,11:37:29,4.65,50,47000
20240213,11:38:40,4.6,50,47000
20240213,11:41:35,4.75,1000,46950
20240213,11:41:42,4.65,200,46950
20240213,11:42:06,4.7,100,46950
20240213,11:43:47,4.65,50,47750
20240213,11:44:38,4.65,300,47750
20240213,11:44:45,4.65,200,47750
20240213,11:46:06,4.65,50,47700
20240213,11:46:31,4.65,50,47700
20240213,11:46:37,4.7,100,47700
20240213,11:47:35,4.65,50,47700
20240213,11:48:51,4.7,250,47700
20240213,11:50:40,4.75,50,47700
20240213,11:51:03,4.75,50,47700
20240213,11:51:24,4.6,200,47700
20240213,11:52:14,4.55,200,47550
20240213,11:52:22,4.55,250,47550
20240213,11:52:31,4.55,200,47550
20240213,11:52:47,4.7,1800,47550
20240213,11:53:51,4.55,400,47550
20240213,11:54:33,4.55,100,47550
20240213,11:54:43,4.55,100,47550
20240213,11:55:10,4.6,100,48500
20240213,11:57:19,4.65,250,48500
20240213,11:57:43,4.75,250,48500
20240213,11:59:10,4.65,1600,48550
20240213,11:59:34,4.65,600,48550
20240213,11:59:44,4.65,100,48550
20240213,12:00:05,4.75,100,48550
20240213,12:00:18,4.65,200,48550
20240213,12:00:29,4.65,50,48550
20240213,12:01:13,4.7,100,48550
20240213,12:01:24,4.65,200,50350
20240213,12:01:47,4.55,1650,50350
20240213,12:02:04,4.55,500,50350
20240213,12:03:11,4.6,50,50350
20240213,12:04:10,4.6,550,50100
20240213,12:05:50,4.6,50,50100
20240213,12:06:04,4.6,100,50100
20240213,12:10:29,4.65,50,50000
20240213,12:10:44,4.6,50,50000
20240213,12:13:34,4.7,100,50000
20240213,12:13:41,4.75,100,50000
20240213,12:13:49,4.75,150,50000
20240213,12:13:55,4.75,150,50000
20240213,12:14:26,4.7,100,50000
20240213,12:14:51,4.75,300,50000
20240213,12:14:59,4.8,50,50000
20240213,12:15:07,4.8,100,50000
20240213,12:15:14,4.9,100,50000
20240213,12:15:55,4.95,500,50000
20240213,12:16:36,4.6,50,50650
20240213,12:16:56,4.6,200,50650
20240213,12:17:03,4.65,200,50650
20240213,12:17:29,4.8,50,50650
20240213,12:17:55,4.95,500,50650
20240213,12:19:39,4.65,750,50650
20240213,12:22:15,4.65,50,50450
20240213,12:22:48,4.7,150,50450
20240213,12:22:56,4.75,700,50450
20240213,12:24:31,4.65,200,50450
20240213,12:25:57,4.75,100,50600
20240213,12:28:39,4.95,100,50600
20240213,12:28:57,4.95,50,50600
20240213,12:29:15,5.0,350,50600
20240213,12:29:29,5.0,600,50600
20240213,12:29:44,5.0,300,50600
20240213,12:31:12,5.0,250,51850
20240213,12:31:18,5.0,250,51850
20240213,12:32:06,4.9,50,51850
20240213,12:32:12,4.85,150,51850
20240213,12:33:07,4.75,150,51850
20240213,12:34:45,4.5,50,52050
20240213,12:34:51,4.5,50,52050
20240213,12:35:13,4.5,50,52050
20240213,12:35:56,4.65,100,52050
20240213,12:36:28,4.6,500,52050
20240213,12:36:41,4.65,50,52050
20240213,12:40:13,4.65,50,52050
20240213,12:40:19,4.7,100,52050
20240213,12:40:33,4.65,50,52050
20240213,12:40:39,4.65,50,52050
20240213,12:41:03,4.65,50,52050
20240213,12:43:04,4.75,1400,52050
20240213,12:43:22,4.8,200,52050
20240213,12:47:05,4.9,450,52200
20240213,12:47:17,4.8,150,52200
20240213,12:48:19,4.9,500,52200
20240213,12:51:27,4.75,50,52550
20240213,12:54:11,4.6,50,52550
20240213,12:55:43,4.5,100,52550
20240213,12:59:24,4.45,200,52550
20240213,13:00:29,4.05,300,52550
20240213,13:00:40,3.95,100,52550
20240213,13:01:20,3.95,400,52550
20240213,13:01:50,3.95,250,52550
20240213,13:02:54,3.85,800,52550
20240213,13:03:13,3.85,650,52550
20240213,13:03:20,4.05,250,52550
20240213,13:03:34,4.05,50,52550
20240213,13:05:16,4.1,250,52600
20240213,13:05:21,4.1,250,52600
20240213,13:06:42,4.3,500,52600
20240213,13:08:35,4.25,50,52600
20240213,13:12:23,4.1,250,52550
20240213,13:16:11,4.25,100,52550
20240213,13:16:53,4.2,1000,52550
20240213,13:17:04,4.2,150,52550
20240213,13:22:58,3.95,250,53650
20240213,13:23:13,3.95,150,53650
20240213,13:27:31,3.8,250,53700
20240213,13:27:42,3.8,150,53700
20240213,13:28:11,3.8,100,53700
20240213,13:34:08,3.8,50,53700
20240213,13:35:09,3.8,250,53700
20240213,13:35:18,3.85,650,53700
20240213,13:35:28,3.8,50,53700
20240213,13:36:51,3.8,250,53700
20240213,13:40:07,3.75,850,53500
20240213,13:40:47,3.75,250,53450
20240213,13:42:43,3.9,50,53450
20240213,13:43:10,3.9,250,53450
20240213,13:43:20,3.9,500,53450
20240213,13:45:59,3.8,50,53450
20240213,13:46:09,3.75,100,53450
20240213,13:46:37,3.7,1150,53600
20240213,13:46:56,3.65,600,53600
20240213,13:47:06,3.65,250,53600
20240213,13:47:14,3.7,100,53600
20240213,13:47:24,3.75,150,53600
20240213,13:48:29,3.8,50,53600
20240213,13:49:10,3.8,50,53600
20240213,13:49:19,3.8,150,55450
20240213,13:50:50,3.8,750,55450
20240213,13:51:26,3.65,750,55450
20240213,13:52:20,3.75,50,55450
20240213,13:52:28,3.75,50,55450
20240213,13:55:41,3.75,850,55450
20240213,13:56:18,3.75,500,55450
20240213,13:57:11,3.75,250,55450
20240213,13:57:36,3.75,250,55450
20240213,13:58:55,3.75,250,55450
20240213,14:02:13,3.75,50,55450
20240213,14:06:40,3.6,50,55450
20240213,14:06:52,3.6,50,55450
20240213,14:07:03,3.4,3600,55450
20240213,14:07:13,3.55,1750,55550
20240213,14:07:25,3.6,50,55550
20240213,14:08:41,3.7,50,55550
20240213,14:13:44,3.65,200,57300
20240213,14:13:56,3.65,600,57300
20240213,14:14:06,3.6,1800,57300
20240213,14:15:08,3.7,50,57300
20240213,14:15:48,3.6,100,57300
20240213,14:15:58,3.5,3600,57300
20240213,14:16:22,3.65,50,59900
20240213,14:16:46,3.6,50,59900
20240213,14:16:56,3.6,100,59900
20240213,14:18:39,3.6,50,59900
20240213,14:20:11,3.5,50,59950
20240213,14:21:41,3.5,50,59950
20240213,14:25:30,3.4,50,60050
20240213,14:27:01,3.3,150,60050
20240213,14:31:04,3.4,50,60000
20240213,14:31:21,3.3,50,60000
20240213,14:33:59,3.2,50,60000
20240213,14:35:10,3.2,100,59950
20240213,14:36:17,3.25,250,59950
20240213,14:36:49,3.3,50,59950
20240213,14:37:12,3.3,450,59950
20240213,14:37:51,3.3,50,59850
20240213,14:40:03,3.35,350,59850
20240213,14:42:00,3.3,250,59800
20240213,14:44:16,3.3,250,60050
20240213,14:45:00,3.35,300,60050
20240213,14:46:17,3.4,200,60050
20240213,14:46:51,3.4,1000,60150
20240213,14:47:18,3.35,100,60150
20240213,14:48:53,3.5,400,60150
20240213,14:49:58,3.5,400,59150
20240213,14:50:25,3.45,50,59150
20240213,14:50:56,3.55,800,59150
20240213,14:51:46,3.4,250,59150
20240213,14:51:54,3.5,100,59150
20240213,14:52:34,3.6,450,59100
20240213,14:52:52,3.45,300,59100
20240213,14:53:12,3.5,50,59100
20240213,14:53:38,3.55,50,59100
20240213,14:53:56,3.55,100,59100
20240213,14:54:42,3.5,50,59100
20240213,14:55:26,3.5,150,59150
20240213,14:57:48,3.55,200,59150
20240213,14:58:51,3.55,400,59150
20240213,15:00:39,3.45,250,59150
20240213,15:01:31,3.55,100,59150
20240213,15:01:39,3.5,100,59150
20240213,15:01:47,3.5,100,59150
20240213,15:04:27,3.55,500,59150
20240213,15:05:47,3.6,1600,59150
20240213,15:07:51,3.45,250,59500
20240213,15:10:22,3.45,50,59500
20240213,15:11:19,3.55,200,59200
20240213,15:11:36,3.55,200,59200
20240213,15:11:45,3.65,150,59200
20240213,15:13:16,3.55,50,59200
20240213,15:15:08,3.55,50,59200
20240213,15:15:43,3.65,700,59200
20240213,15:16:32,3.6,50,59200
20240213,15:16:48,3.7,550,59200
20240213,15:16:56,3.8,1300,59200
20240213,15:18:12,3.75,550,59200
20240213,15:20:43,3.85,400,59600
20240213,15:21:22,3.9,450,59600
20240213,15:21:38,3.85,50,59600
20240213,15:21:53,3.8,50,59600
20240213,15:22:44,3.7,100,59600
20240213,15:22:50,3.7,50,59600
20240213,15:23:46,3.7,500,59600
20240213,15:24:00,3.65,250,59600
20240213,15:24:32,3.75,400,59600
20240213,15:25:49,3.7,600,59350
20240213,15:26:23,3.8,50,59350
20240213,15:26:50,3.9,1550,59350
20240213,15:27:18,3.75,800,59350
20240213,15:28:17,3.6,300,59350
20240213,15:28:37,3.55,350,60000
20240213,15:28:46,3.55,100,60000
20240213,15:29:13,3.85,400,60000
20240213,15:29:31,3.55,150,60000
20240214,09:15:26,5.2,1,60000
20240214,09:15:26,5.2,50,60000
20240214,09:15:55,5.25,1950,60000
20240214,09:16:01,5.1,50,60000
20240214,09:16:28,4.9,150,60000
20240214,09:17:43,4.9,200,60000
20240214,09:18:02,4.75,150,60000
20240214,09:18:10,4.75,650,60000
20240214,09:18:24,5.0,100,60000
20240214,09:18:40,4.9,500,59200
20240214,09:18:47,4.75,600,59200
20240214,09:19:03,4.65,200,59200
20240214,09:19:18,4.6,50,59200
20240214,09:20:18,4.35,150,59200
20240214,09:21:19,4.35,50,59200
20240214,09:21:59,4.5,50,58400
20240214,09:22:07,4.65,100,58400
20240214,09:22:15,4.65,1900,58400
20240214,09:22:24,4.65,50,58400
20240214,09:22:58,4.8,200,58400
20240214,09:23:25,4.95,200,58400
20240214,09:23:51,4.95,50,58400
20240214,09:24:13,5.0,1800,58400
20240214,09:24:35,5.0,100,58400
20240214,09:24:48,4.85,200,60050
20240214,09:25:03,5.05,400,60050
20240214,09:25:09,5.0,200,60050
20240214,09:25:22,5.2,1500,60050
20240214,09:25:28,5.2,1500,60050
20240214,09:25:48,5.2,200,60050
20240214,09:26:21,5.25,150,60050
20240214,09:26:32,5.25,300,60050
20240214,09:27:16,5.3,150,60050
20240214,09:27:35,5.4,50,60050
20240214,09:27:43,5.6,550,61300
20240214,09:27:50,5.6,50,61300
20240214,09:27:57,5.6,1600,61300
20240214,09:28:04,5.5,100,61300
20240214,09:28:16,5.65,300,61300
20240214,09:28:21,5.7,1800,61300
20240214,09:28:32,5.7,150,61300
20240214,09:28:38,5.5,200,61300
20240214,09:28:46,5.35,250,61300
20240214,09:28:52,5.35,100,61300
20240214,09:29:10,5.5,250,61300
20240214,09:29:22,5.4,200,61300
20240214,09:29:39,5.4,100,61300
20240214,09:30:05,5.45,250,61300
20240214,09:30:11,5.45,100,61300
20240214,09:30:22,5.5,1000,61300
20240214,09:30:27,5.5,250,61300
20240214,09:30:33,5.5,950,61300
20240214,09:30:40,5.45,1500,61300
20240214,09:30:53,5.5,550,62950
20240214,09:30:59,5.5,700,62950
20240214,09:31:17,5.6,1200,62950
20240214,09:31:29,5.6,300,62950
20240214,09:31:35,5.5,600,62950
20240214,09:31:42,5.6,1000,62950
20240214,09:31:53,5.5,250,62950
20240214,09:31:58,5.5,200,62950
20240214,09:32:04,5.6,1050,62950
20240214,09:32:18,5.55,50,62950
20240214,09:32:39,5.45,200,62950
20240214,09:32:59,5.55,800,62950
20240214,09:33:04,5.55,1200,62950
20240214,09:33:09,5.55,250,62950
20240214,09:33:13,5.55,1100,62950
20240214,09:33:19,5.6,1250,62950
20240214,09:33:25,5.55,1050,62950
20240214,09:34:28,5.6,500,67500
20240214,09:34:55,5.5,1250,67500
20240214,09:35:07,5.5,1700,67500
20240214,09:35:21,5.45,550,67500
20240214,09:35:37,5.5,100,67500
20240214,09:35:47,5.5,150,67500
20240214,09:35:52,5.4,600,67500
20240214,09:36:47,5.15,850,69350
20240214,09:36:52,5.15,1400,69350
20240214,09:36:57,5.15,650,69350
20240214,09:37:58,5.3,50,69350
20240214,09:38:04,5.15,1150,69350
20240214,09:38:22,5.05,250,69350
20240214,09:40:01,5.0,100,71300
20240214,09:40:06,5.0,500,71300
20240214,09:40:49,5.1,50,71300
20240214,09:40:55,5.05,50,71300
20240214,09:41:07,5.15,200,71300
20240214,09:41:14,5.15,450,71300
20240214,09:41:19,5.1,1100,71300
20240214,09:41:34,5.1,500,71300
20240214,09:43:27,5.05,100,73650
20240214,09:43:50,4.95,100,73650
20240214,09:44:43,4.75,500,73650
20240214,09:44:48,4.7,300,73650
20240214,09:45:16,4.7,200,73650
20240214,09:45:40,4.7,600,73650
20240214,09:45:47,4.7,500,73550
20240214,09:45:59,4.8,50,73550
20240214,09:47:01,4.9,50,73550
20240214,09:48:06,4.9,300,73550
20240214,09:48:10,4.85,100,73550
20240214,09:48:24,4.9,250,73550
20240214,09:48:28,4.85,200,73550
20240214,09:48:46,4.75,100,73500
20240214,09:49:29,4.75,50,73500
20240214,09:50:05,4.65,50,73500
20240214,09:51:15,4.55,500,73500
20240214,09:51:29,4.5,200,73500
20240214,09:51:45,4.4,50,74000
20240214,09:51:54,4.3,100,74000
20240214,09:52:49,4.3,100,74000
20240214,09:53:14,4.65,100,74000
20240214,09:54:07,4.45,2750,74000
20240214,09:54:27,4.45,50,74000
20240214,09:55:21,4.5,500,71900
20240214,09:55:27,4.5,1000,71900
20240214,09:55:39,4.5,50,71900
20240214,09:55:50,4.5,50,71900
20240214,09:55:57,4.5,150,71900
20240214,09:56:40,4.45,350,71900
20240214,09:58:13,4.4,300,71400
20240214,10:00:22,4.3,100,71400
20240214,10:00:30,4.25,150,71400
20240214,10:00:43,4.25,50,71400
20240214,10:01:05,4.3,500,71150
20240214,10:02:08,4.05,50,71150
20240214,10:02:28,4.05,50,71150
20240214,10:02:48,4.05,50,71150
20240214,10:03:04,4.05,500,71150
20240214,10:03:11,4.1,200,71150
20240214,10:04:40,4.3,50,72250
20240214,10:05:05,4.4,50,72250
20240214,10:05:52,4.4,550,72250
20240214,10:06:12,4.3,800,72250
20240214,10:06:58,4.4,50,71950
20240214,10:07:10,4.45,50,71950
20240214,10:08:08,4.45,150,71950
20240214,10:08:30,4.35,250,71950
20240214,10:09:53,4.4,150,71800
20240214,10:10:26,4.3,50,71800
20240214,10:11:08,4.25,50,71800
20240214,10:11:25,4.3,100,71800
20240214,10:11:46,4.25,50,71800
20240214,10:11:58,4.25,300,71800
20240214,10:12:21,4.25,50,71800
20240214,10:12:53,4.2,50,72150
20240214,10:13:29,4.1,50,72150
20240214,10:14:42,4.15,150,72150
20240214,10:14:57,4.1,50,72150
20240214,10:15:14,4.05,2000,72150
20240214,10:15:54,4.1,300,74200
20240214,10:18:01,4.1,150,74200
20240214,10:18:18,4.15,550,74200
20240214,10:18:48,4.15,100,74200
20240214,10:19:52,3.95,50,75050
20240214,10:20:09,3.95,250,75050
20240214,10:20:17,3.95,200,75050
20240214,10:20:24,3.95,50,75050
20240214,10:20:29,3.95,900,75050
20240214,10:20:35,3.95,150,75050
20240214,10:20:58,4.0,800,75050
20240214,10:21:12,3.95,1900,75050
20240214,10:21:23,3.9,1750,75050
20240214,10:21:56,3.85,250,74850
20240214,10:22:07,3.8,50,74850
20240214,10:23:05,3.8,300,74850
20240214,10:23:23,3.9,250,74850
20240214,10:23:57,3.85,250,74850
20240214,10:24:08,3.9,1000,74850
20240214,10:24:39,3.85,1350,74850
20240214,10:24:45,3.85,200,74850
20240214,10:25:51,3.85,200,76800
20240214,10:27:17,3.9,150,76800
20240214,10:31:12,3.9,100,76850
20240214,10:31:37,3.85,200,76850
20240214,10:31:50,3.8,1000,76850
20240214,10:36:11,3.85,50,76800
20240214,10:37:04,3.95,3000,76850
20240214,10:37:13,3.95,2000,76850
20240214,10:38:24,3.9,400,76850
20240214,10:40:28,3.85,150,79150
20240214,10:42:18,3.9,100,79150
20240214,10:42:39,4.0,50,79150
20240214,10:42:54,3.9,300,78950
20240214,10:43:34,3.95,50,78950
20240214,10:45:01,4.0,50,78950
20240214,10:47:39,4.0,300,78750
20240214,10:48:21,4.0,1250,78750
20240214,10:49:14,4.0,250,78750
20240214,10:49:52,3.95,250,78750
20240214,10:50:06,3.9,250,78750
20240214,10:50:11,3.9,250,78750
20240214,10:51:07,4.0,300,78750
20240214,10:51:55,4.05,250,77800
20240214,10:53:04,4.05,400,77800
20240214,10:53:22,4.1,200,77800
20240214,10:53:27,4.1,50,77800
20240214,10:53:48,4.0,50,77800
20240214,10:53:56,4.0,50,77800
20240214,10:54:11,3.95,50,77800
20240214,10:55:19,3.85,100,77150
20240214,10:55:31,3.9,50,77150
20240214,10:55:42,3.9,50,77150
20240214,10:58:14,3.65,950,77050
20240214,10:58:34,3.65,100,77050
20240214,10:59:19,3.55,100,77050
20240214,11:00:35,3.55,50,77050
20240214,11:04:04,3.75,150,76200
20240214,11:04:11,3.8,1050,76200
20240214,11:04:17,3.8,50,76200
20240214,11:04:23,3.8,50,76200
20240214,11:04:29,3.85,450,76200
20240214,11:04:35,3.85,1250,76200
20240214,11:04:41,3.85,1000,76200
20240214,11:04:47,3.85,1150,76200
20240214,11:04:52,3.9,1200,76200
20240214,11:04:58,3.9,1200,76200
20240214,11:05:04,3.9,600,76200
20240214,11:05:09,3.85,100,76200
20240214,11:05:15,3.9,200,76200
20240214,11:05:21,3.85,350,76200
20240214,11:05:26,3.85,550,76200
20240214,11:05:31,3.9,950,76200
20240214,11:05:37,3.9,900,76200
20240214,11:05:43,3.9,1100,76200
20240214,11:05:48,3.9,1050,76200
20240214,11:05:53,3.9,150,76200
20240214,11:06:00,3.85,1000,76200
20240214,11:06:06,3.9,600,76200
20240214,11:06:37,3.9,50,76200
20240214,11:07:49,3.85,50,88750
20240214,11:08:24,3.8,50,88750
20240214,11:08:29,3.85,100,88750
20240214,11:08:34,3.85,150,88750
20240214,11:08:54,3.9,350,88750
20240214,11:08:59,3.9,50,88750
20240214,11:09:48,3.85,350,88750
20240214,11:10:02,3.85,50,88600
20240214,11:10:13,3.9,50,88600
20240214,11:10:18,3.9,50,88600
20240214,11:10:23,3.9,50,88600
20240214,11:10:33,3.95,50,88600
20240214,11:10:39,3.95,250,88600
20240214,11:10:43,3.95,200,88600
20240214,11:11:10,3.9,600,88600
20240214,11:11:20,3.9,150,88600
20240214,11:11:30,3.85,50,88600
20240214,11:12:01,3.95,50,88600
20240214,11:12:06,3.95,50,88600
20240214,11:12:59,3.95,350,89050
20240214,11:13:33,4.0,50,89050
20240214,11:13:38,3.95,450,89050
20240214,11:13:59,4.05,400,89050
20240214,11:14:11,4.05,50,89050
20240214,11:14:17,4.05,100,89050
20240214,11:14:24,4.05,1400,89050
20240214,11:14:31,4.05,250,89050
20240214,11:14:37,3.95,550,89050
20240214,11:14:48,4.05,100,89050
20240214,11:14:54,4.1,200,89050
20240214,11:14:59,4.05,250,89050
20240214,11:15:31,4.1,50,89050
20240214,11:15:50,3.95,300,89050
20240214,11:16:10,3.95,50,91000
20240214,11:17:53,4.05,1000,91000
20240214,11:18:06,4.0,50,91000
20240214,11:18:44,3.95,200,91000
20240214,11:20:13,4.05,100,90900
20240214,11:21:00,4.1,200,90900
20240214,11:21:11,4.05,100,90900
20240214,11:22:43,4.1,700,90900
20240214,11:23:15,4.1,50,91100
20240214,11:24:39,4.1,250,91100
20240214,11:24:48,4.15,350,91100
20240214,11:26:54,4.15,50,91150
20240214,11:29:07,4.05,150,91200
20240214,11:29:28,4.2,150,91200
20240214,11:29:54,4.25,350,91200
20240214,11:30:31,4.2,150,91200
20240214,11:30:36,4.05,100,91200
20240214,11:30:50,4.0,50,91200
20240214,11:31:31,4.05,50,91200
20240214,11:34:12,4.15,50,91200
20240214,11:34:16,4.15,50,91200
20240214,11:34:21,4.15,50,91200
20240214,11:34:26,4.2,50,91200
20240214,11:34:30,4.1,100,91200
20240214,11:34:34,4.2,100,91200
20240214,11:34:52,4.2,100,91200
20240214,11:35:11,4.15,50,91200
20240214,11:35:15,4.25,50,91200
20240214,11:36:06,4.15,1500,91200
20240214,11:37:09,4.3,50,91450
20240214,11:43:33,4.2,500,91400
20240214,11:44:34,4.1,250,91400
20240214,11:50:26,4.1,50,91850
20240214,11:51:18,4.1,100,91850
20240214,11:51:56,4.05,300,91850
20240214,11:52:08,4.05,50,91900
20240214,11:54:09,4.0,300,91900
20240214,11:54:19,4.1,1000,91900
20240214,11:54:23,4.1,50,91900
20240214,11:54:27,4.0,50,91900
20240214,11:55:22,4.1,1000,93150
20240214,11:55:54,4.1,200,93150
20240214,11:55:58,4.15,1100,93150
20240214,11:56:30,4.1,1000,93150
20240214,11:57:08,4.15,1000,93150
20240214,11:57:58,4.15,2000,93150
20240214,11:58:44,4.15,2000,98200
20240214,11:59:21,4.05,200,98200
20240214,11:59:34,4.05,50,98200
20240214,11:59:39,4.05,100,98200
20240214,11:59:45,4.05,200,98200
20240214,11:59:54,4.15,2000,98200
20240214,12:00:40,4.2,1000,98200
20240214,12:01:16,4.2,1000,103950
20240214,12:01:25,4.15,150,103950
20240214,12:02:03,4.25,1500,103950
20240214,12:02:48,4.25,50,103950
20240214,12:02:59,4.25,1800,103950
20240214,12:03:04,4.2,50,103950
20240214,12:03:41,4.2,250,103950
20240214,12:03:51,4.1,250,103950
20240214,12:04:04,4.1,50,103950
20240214,12:05:57,4.15,50,108300
20240214,12:07:10,4.15,50,108200
20240214,12:07:16,4.15,50,108200
20240214,12:07:29,4.2,350,108200
20240214,12:09:37,4.2,400,108200
20240214,12:10:12,4.1,400,108900
20240214,12:10:31,4.1,200,108900
20240214,12:10:57,4.1,50,108900
20240214,12:11:22,4.1,100,108900
20240214,12:11:35,4.1,200,108900
20240214,12:13:34,4.05,400,108500
20240214,12:13:40,4.0,50,108500
20240214,12:14:38,3.9,500,108500
20240214,12:14:44,3.9,250,108500
20240214,12:14:56,3.9,100,108500
20240214,12:15:05,3.9,50,108500
20240214,12:15:24,3.9,150,108500
20240214,12:15:29,3.85,50,108500
20240214,12:15:39,3.85,50,108500
20240214,12:17:35,3.85,300,108700
20240214,12:17:51,3.85,50,108700
20240214,12:18:27,3.85,50,108700
20240214,12:19:42,3.9,200,108350
20240214,12:20:34,3.9,50,108350
20240214,12:21:42,3.9,50,108350
20240214,12:22:25,3.85,200,108350
20240214,12:23:31,3.8,100,108350
20240214,12:24:24,3.75,1800,108350
20240214,12:24:30,3.75,50,108350
20240214,12:24:35,3.75,550,108350
20240214,12:25:03,3.75,1950,106350
20240214,12:25:08,3.7,100,106350
20240214,12:25:17,3.65,150,106350
20240214,12:25:26,3.65,100,106350
20240214,12:26:51,3.55,1100,106350
20240214,12:27:06,3.55,50,106350
20240214,12:27:13,3.6,300,106350
20240214,12:27:48,3.65,300,106350
20240214,12:29:12,3.6,500,103800
20240214,12:29:18,3.65,50,103800
20240214,12:29:41,3.65,100,103800
20240214,12:30:13,3.65,50,103800
20240214,12:30:19,3.7,150,103800
20240214,12:31:52,3.85,250,103200
20240214,12:32:04,3.85,200,103200
20240214,12:32:31,4.0,50,103200
20240214,12:33:20,4.0,50,103200
20240214,12:33:54,3.95,1000,103200
20240214,12:34:04,3.85,100,103300
20240214,12:34:10,3.95,150,103300
20240214,12:34:21,3.9,100,103300
20240214,12:35:14,3.9,400,103300
20240214,12:35:20,3.85,200,103300
20240214,12:35:25,3.85,400,103300
20240214,12:35:45,3.95,150,103300
20240214,12:36:00,3.95,550,103300
20240214,12:37:26,3.95,50,102700
20240214,12:37:37,3.95,100,102700
20240214,12:37:42,3.95,50,102700
20240214,12:37:56,4.0,50,102700
20240214,12:38:01,4.0,150,102700
20240214,12:38:06,3.95,50,102700
20240214,12:38:11,3.95,850,102700
20240214,12:38:25,3.95,250,102700
20240214,12:38:43,3.95,2800,102700
20240214,12:38:49,3.9,200,102700
20240214,12:39:17,4.0,5100,102700
20240214,12:39:32,4.0,50,102700
20240214,12:39:53,4.0,3650,102700
20240214,12:40:12,3.95,2300,93200
20240214,12:40:17,3.9,1800,93200
20240214,12:40:33,3.85,150,93200
20240214,12:40:45,3.9,250,93200
20240214,12:40:52,3.85,2950,93200
20240214,12:40:57,3.8,1800,93200
20240214,12:41:17,3.85,400,93200
20240214,12:41:29,3.75,3600,93200
20240214,12:41:35,3.85,750,93200
20240214,12:41:42,3.85,550,93200
20240214,12:42:02,3.8,3750,93200
20240214,12:42:16,3.85,200,93200
20240214,12:42:25,3.8,450,93200
20240214,12:43:55,3.85,50,78600
20240214,12:44:46,3.75,100,78600
20240214,12:44:51,3.8,250,78600
20240214,12:44:56,3.75,50,78600
20240214,12:45:12,3.7,50,78600
20240214,12:45:22,3.8,250,78600
20240214,12:45:43,3.8,250,78600
20240214,12:46:13,3.7,500,79250
20240214,12:46:50,3.8,450,79250
20240214,12:47:53,3.85,200,79250
20240214,12:48:19,3.9,450,79250
20240214,12:48:32,3.9,5450,79250
20240214,12:48:37,3.8,3750,79250
20240214,12:48:41,3.7,8600,79250
20240214,12:48:46,3.65,2650,79250
20240214,12:48:50,3.7,50,79250
20240214,12:49:04,3.7,250,79250
20240214,12:49:49,3.7,500,70650
20240214,12:50:30,3.7,150,70650
20240214,12:51:10,3.75,50,70650
20240214,12:56:50,3.85,200,70750
20240214,12:57:34,3.75,50,70750
20240214,12:58:05,3.75,250,70750
20240214,12:58:10,3.75,50,70750
20240214,12:59:09,3.75,50,70750
20240214,12:59:39,3.7,100,70750
20240214,13:00:35,3.65,50,70750
20240214,13:01:22,3.6,50,70750
20240214,13:02:36,3.5,550,70750
20240214,13:04:14,3.55,2050,70650
20240214,13:04:53,3.55,150,70650
20240214,13:05:02,3.45,200,70650
20240214,13:05:51,3.5,150,70650
20240214,13:06:04,3.5,150,70650
20240214,13:06:34,3.55,250,70650
20240214,13:06:53,3.55,300,70650
20240214,13:08:20,3.55,50,72800
20240214,13:09:07,3.6,200,72800
20240214,13:10:39,3.55,400,72950
20240214,13:10:59,3.6,50,72950
20240214,13:11:56,3.6,50,72950
20240214,13:14:31,3.65,100,72850
20240214,13:15:52,3.8,500,72850
20240214,13:16:54,3.75,50,73400
20240214,13:16:59,3.75,50,73400
20240214,13:20:04,3.7,50,73500
20240214,13:23:58,3.75,500,73550
20240214,13:28:04,3.65,100,74000
20240214,13:31:55,3.55,100,74000
20240214,13:33:15,3.55,150,74000
20240214,13:35:17,3.7,50,74050
20240214,13:35:51,3.6,200,74050
20240214,13:41:10,3.6,250,74100
20240214,13:42:57,3.7,50,74100
20240214,13:43:31,3.65,500,74350
20240214,13:44:59,3.65,250,74350
20240214,13:45:32,3.75,900,74350
20240214,13:45:48,3.65,250,74350
20240214,13:46:22,3.7,550,73650
20240214,13:46:51,3.65,100,73650
20240214,13:47:32,3.7,500,73650
20240214,13:48:53,3.65,300,73650
20240214,13:51:35,3.8,300,73250
20240214,13:51:55,3.65,500,73250
20240214,13:53:48,3.8,2000,72950
20240214,13:54:35,3.75,50,72950
20240214,13:56:23,3.8,100,74900
20240214,13:59:17,3.8,700,74950
20240214,13:59:22,3.8,1600,74950
20240214,14:00:42,3.75,50,74950
20240214,14:01:09,3.7,300,74950
20240214,14:01:29,3.75,50,76900
20240214,14:01:33,3.7,600,76900
20240214,14:02:16,3.7,50,76900
20240214,14:04:27,3.65,100,76200
20240214,14:04:37,3.7,450,76200
20240214,14:06:17,3.65,600,76200
20240214,14:06:27,3.65,150,76200
20240214,14:06:34,3.65,300,76200
20240214,14:08:10,3.6,250,75350
20240214,14:08:27,3.65,350,75350
20240214,14:09:12,3.6,100,75350
20240214,14:10:47,3.5,1000,75300
20240214,14:10:57,3.65,500,75300
20240214,14:11:18,3.5,100,75300
20240214,14:13:02,3.45,3150,75300
20240214,14:13:08,3.4,1450,75300
20240214,14:13:14,3.4,200,75300
20240214,14:13:21,3.4,350,75300
20240214,14:13:35,3.4,250,73050
20240214,14:14:02,3.4,50,73050
20240214,14:15:00,3.4,300,73050
20240214,14:15:28,3.4,50,73050
20240214,14:15:36,3.3,100,73050
20240214,14:15:42,3.3,100,73050
20240214,14:15:48,3.45,100,73050
20240214,14:16:07,3.4,1250,73050
20240214,14:16:22,3.4,800,73050
20240214,14:17:15,3.35,600,74900
20240214,14:18:00,3.35,500,74900
20240214,14:18:07,3.45,800,74900
20240214,14:18:29,3.45,150,74900
20240214,14:18:35,3.4,2000,74900
20240214,14:18:49,3.35,1500,74900
20240214,14:18:56,3.35,50,74900
20240214,14:19:16,3.45,50,74900
20240214,14:19:24,3.35,500,74900
20240214,14:19:57,3.45,250,76250
20240214,14:20:50,3.45,50,76250
20240214,14:21:07,3.45,150,76250
20240214,14:21:44,3.5,50,76250
20240214,14:21:51,3.45,500,76250
20240214,14:21:58,3.5,300,76250
20240214,14:22:42,3.45,50,77300
20240214,14:24:57,3.3,150,77300
20240214,14:26:46,3.25,1500,77350
20240214,14:27:19,3.25,50,77350
20240214,14:27:37,3.25,1000,77350
20240214,14:27:44,3.25,550,77350
20240214,14:27:52,3.25,500,77350
20240214,14:27:58,3.2,700,77350
20240214,14:28:13,3.15,700,77350
20240214,14:28:20,3.15,250,77350
20240214,14:28:27,3.2,500,75900
20240214,14:29:12,3.2,50,75900
20240214,14:29:27,3.15,1800,75900
20240214,14:29:33,3.1,750,75900
20240214,14:30:14,3.1,250,75900
20240214,14:30:46,3.1,700,75900
20240214,14:31:06,3.1,850,75900
20240214,14:31:51,3.1,100,75250
20240214,14:31:58,3.1,150,75250
20240214,14:32:20,3.05,1150,75250
20240214,14:32:38,3.05,550,75250
20240214,14:32:55,3.05,1300,75250
20240214,14:33:28,3.0,150,75250
20240214,14:33:36,2.95,750,75250
20240214,14:33:53,2.9,100,75250
20240214,14:34:02,2.8,750,75250
20240214,14:35:09,2.85,50,73900
20240214,14:35:17,2.75,50,73900
20240214,14:35:58,2.75,550,73900
20240214,14:36:05,2.85,100,73900
20240214,14:36:13,2.85,50,73900
20240214,14:36:20,2.9,450,73900
20240214,14:37:42,2.9,50,74900
20240214,14:38:04,2.85,150,74900
20240214,14:39:08,2.8,700,74900
20240214,14:39:16,2.8,100,74900
20240214,14:39:59,2.8,50,74900
20240214,14:41:32,2.9,150,73950
20240214,14:42:07,2.95,750,73950
20240214,14:42:24,2.9,500,73950
20240214,14:42:51,3.0,50,73950
20240214,14:43:16,2.95,500,73950
20240214,14:43:46,2.95,250,73600
20240214,14:44:12,2.9,150,73600
20240214,14:44:21,2.9,100,73600
20240214,14:46:41,2.95,50,73650
20240214,14:51:03,3.0,200,73700
20240214,14:51:36,3.0,250,73700
20240214,14:52:15,3.0,300,73700
20240214,14:52:30,3.0,300,73700
20240214,14:54:15,2.9,50,74150
20240214,14:55:13,2.95,1150,74150
20240214,14:55:20,2.95,50,74150
20240214,14:56:41,3.0,50,75100
20240214,14:56:59,3.0,200,75100
20240214,14:57:08,3.0,50,75100
20240214,14:57:17,3.0,100,75100
20240214,14:57:26,3.0,50,75100
20240214,14:57:35,3.0,100,75100
20240214,14:57:52,3.0,100,75100
20240214,14:58:00,3.0,950,75100
20240214,14:58:08,2.9,2700,75100
20240214,14:58:17,2.9,900,75100
20240214,14:58:44,2.85,150,73900
20240214,14:59:17,2.85,50,73900
20240214,15:02:49,2.8,1800,74000
20240214,15:03:36,2.6,1000,74000
20240214,15:03:45,2.6,500,74000
20240214,15:03:54,2.7,400,74000
20240214,15:04:39,2.7,50,74950
20240214,15:05:21,2.75,400,74950
20240214,15:05:46,2.75,200,74950
20240214,15:07:00,2.75,100,74950
20240214,15:07:09,2.75,50,74950
20240214,15:07:58,2.75,50,74900
20240214,15:08:25,2.7,200,74900
20240214,15:08:33,2.8,350,74900
20240214,15:09:29,2.7,500,74900
20240214,15:10:00,2.65,200,74900
20240214,15:10:39,2.6,350,75100
20240214,15:11:03,2.7,50,75100
20240214,15:11:20,2.7,500,75100
20240214,15:11:58,2.7,50,75100
20240214,15:12:42,2.65,200,75100
20240214,15:12:50,2.65,50,75100
20240214,15:13:27,2.65,400,75100
20240214,15:14:21,2.6,250,75750
20240214,15:15:21,2.75,250,75750
20240214,15:15:29,2.7,400,75750
20240214,15:15:37,2.7,600,75750
20240214,15:16:16,2.7,400,75750
20240214,15:16:24,2.7,250,75750
20240214,15:16:41,2.7,400,74400
20240214,15:16:49,2.65,100,74400
20240214,15:17:05,2.65,50,74400
20240214,15:17:22,2.7,100,74400
20240214,15:17:59,2.6,250,74400
20240214,15:18:08,2.6,550,74400
20240214,15:18:51,2.65,300,74400
20240214,15:20:07,2.65,1050,74300
20240214,15:21:54,2.75,1500,74300
20240214,15:22:12,2.8,350,74300
20240214,15:22:20,2.8,50,74300
20240214,15:22:27,2.8,150,74300
20240214,15:22:35,2.8,50,76100
20240214,15:22:43,2.8,350,76100
20240214,15:23:21,2.85,600,76100
20240214,15:23:36,2.8,400,76100
20240214,15:23:58,2.8,850,76100
20240214,15:24:05,2.75,700,76100
20240214,15:24:36,2.75,100,76100
20240214,15:25:02,2.75,250,76100
20240214,15:25:28,2.8,900,76100
20240214,15:25:36,2.75,200,72750
20240214,15:25:51,2.7,1000,72750
20240214,15:26:22,2.75,750,72750
20240214,15:26:50,2.7,750,72750
20240214,15:27:05,2.6,450,72750
20240214,15:27:20,2.65,400,72750
20240214,15:27:27,2.6,400,72750
20240214,15:27:35,2.6,400,72750
20240214,15:27:42,2.6,500,72750
20240214,15:27:57,2.55,150,72750
20240214,15:28:04,2.55,100,72750
20240214,15:28:11,2.55,900,72750
20240214,15:28:19,2.5,400,72750
20240214,15:28:26,2.5,250,72750
20240214,15:28:34,2.5,50,72750
20240214,15:28:49,2.5,100,70200
20240214,15:28:57,2.4,300,70200
20240214,15:29:04,2.35,850,70200
20240214,15:29:12,2.45,50,70200
20240214,15:29:20,2.35,350,70200
20240214,15:29:36,2.35,50,70200
20240214,15:29:53,2.4,200,70200
20240215,09:15:07,2.45,1,70200
20240215,09:15:07,2.75,250,70200
20240215,09:15:18,2.75,50,70200
20240215,09:16:18,2.25,600,70200
20240215,09:16:28,2.35,550,70200
20240215,09:16:38,2.35,1600,70200
20240215,09:16:47,2.4,400,70200
20240215,09:16:55,2.4,450,70200
20240215,09:17:03,2.2,150,70200
20240215,09:17:11,2.2,150,70200
20240215,09:17:19,2.3,1050,70200
20240215,09:17:27,2.4,900,70200
20240215,09:17:35,2.4,200,70200
20240215,09:17:50,2.35,250,70200
20240215,09:17:57,2.4,150,70200
20240215,09:18:12,2.35,100,70200
20240215,09:18:34,2.4,250,70200
20240215,09:18:43,2.4,150,71600
20240215,09:19:58,2.45,50,71600
20240215,09:20:14,2.45,100,71600
20240215,09:20:27,2.45,50,71600
20240215,09:20:47,2.5,100,71600
20240215,09:20:59,2.45,150,71600
20240215,09:21:06,2.45,200,71600
20240215,09:21:34,2.35,350,71600
20240215,09:21:41,2.35,50,71200
20240215,09:21:57,2.05,7700,71200
20240215,09:22:05,2.1,50,71200
20240215,09:22:32,2.0,7500,71200
20240215,09:22:38,2.1,300,71200
20240215,09:22:51,2.05,50,71200
20240215,09:23:02,2.05,100,71200
20240215,09:23:38,2.1,1800,71200
20240215,09:23:53,2.0,300,71200
20240215,09:23:59,2.0,250,71200
20240215,09:24:05,1.95,450,71200
20240215,09:24:20,1.95,100,71200
20240215,09:24:27,2.0,1700,71200
20240215,09:25:05,1.9,550,83600
20240215,09:25:12,1.9,250,83600
20240215,09:25:42,1.95,50,83600
20240215,09:25:49,1.9,100,83600
20240215,09:25:57,1.85,250,83600
20240215,09:26:03,1.85,200,83600
20240215,09:26:09,1.85,50,83600
20240215,09:26:21,1.85,50,83600
20240215,09:26:34,1.9,250,83600
20240215,09:27:41,1.85,100,84150
20240215,09:28:08,1.85,50,84150
20240215,09:28:58,1.85,550,84150
20240215,09:29:15,1.85,350,84150
20240215,09:29:53,1.85,150,84150
20240215,09:30:05,1.85,250,84150
20240215,09:30:12,1.85,300,84150
20240215,09:30:36,1.9,500,84150
20240215,09:31:09,1.9,50,84150
20240215,09:31:21,1.95,150,84150
20240215,09:31:28,1.9,250,84150
20240215,09:31:39,1.95,1200,84150
20240215,09:32:43,1.95,50,84150
20240215,09:33:48,1.9,150,82650
20240215,09:33:54,1.95,400,82650
20240215,09:34:34,1.9,100,82650
20240215,09:35:33,1.85,650,82650
20240215,09:35:40,1.9,250,82650
20240215,09:35:47,1.9,150,82650
20240215,09:35:54,1.85,250,82650
20240215,09:36:01,1.85,50,82650
20240215,09:36:08,1.9,200,82650
20240215,09:36:21,1.85,150,82650
20240215,09:36:28,1.9,150,82650
20240215,09:36:34,1.9,100,82650
20240215,09:36:39,1.85,50,82250
20240215,09:36:45,1.85,100,82250
20240215,09:36:50,1.9,50,82250
20240215,09:37:01,1.9,150,82250
20240215,09:37:08,1.95,50,82250
20240215,09:37:14,1.95,150,82250
20240215,09:37:19,1.9,50,82250
20240215,09:37:30,1.9,50,82250
20240215,09:37:36,1.9,150,82250
20240215,09:37:41,1.9,100,82250
20240215,09:37:48,1.9,700,82250
20240215,09:37:55,1.9,50,82250
20240215,09:38:29,1.95,300,82250
20240215,09:38:37,1.85,500,82250
20240215,09:38:44,1.85,100,82250
20240215,09:38:51,1.95,50,82250
20240215,09:38:59,1.9,50,82250
20240215,09:39:07,1.9,400,82250
20240215,09:39:22,1.9,200,82250
20240215,09:39:30,1.9,300,82250
20240215,09:39:37,1.9,200,82250
20240215,09:39:45,1.9,150,82250
20240215,09:40:01,1.9,200,82250
20240215,09:40:58,1.9,100,82250
20240215,09:41:05,1.95,250,82250
20240215,09:41:33,1.95,250,82250
20240215,09:42:18,1.85,50,82250
20240215,09:44:21,2.0,250,82450
20240215,09:45:06,2.0,450,82450
20240215,09:45:20,1.95,50,82450
20240215,09:47:24,2.0,250,82500
20240215,09:48:10,2.05,350,82500
20240215,09:48:18,2.05,350,82500
20240215,09:48:27,2.05,400,82500
20240215,09:48:37,2.05,250,82500
20240215,09:48:46,2.05,550,82500
20240215,09:48:55,2.05,800,82500
20240215,09:49:04,2.15,600,82500
20240215,09:49:13,2.1,600,82500
20240215,09:49:22,2.1,100,82500
20240215,09:49:53,2.0,250,82500
20240215,09:50:07,2.0,50,82500
20240215,09:50:28,2.0,100,82500
20240215,09:51:01,1.95,50,82500
20240215,09:51:08,2.0,200,82500
20240215,09:51:32,1.95,500,82500
20240215,09:52:06,1.95,50,82450
20240215,09:52:21,2.0,100,82450
20240215,09:53:06,2.05,50,82450
20240215,09:55:02,2.0,100,82500
20240215,09:55:11,2.0,50,82500
20240215,09:55:20,2.0,100,82500
20240215,09:55:55,2.0,100,82500
20240215,09:56:19,2.0,300,82500
20240215,09:56:27,2.0,600,82500
20240215,09:56:35,1.95,400,82500
20240215,09:56:44,1.95,200,82500
20240215,09:56:51,1.95,150,82500
20240215,09:57:00,1.95,200,82500
20240215,09:57:08,1.95,200,82500
20240215,09:57:22,1.9,100,82500
20240215,09:57:29,1.9,50,82500
20240215,09:57:35,1.9,100,82500
20240215,09:57:41,1.9,100,82450
20240215,09:57:47,1.9,100,82450
20240215,09:57:54,1.9,200,82450
20240215,09:57:59,1.9,100,82450
20240215,09:58:11,1.9,200,82450
20240215,09:58:16,1.9,50,82450
20240215,09:58:22,1.9,150,82450
20240215,09:58:27,1.9,50,82450
20240215,09:59:03,1.9,50,82450
20240215,10:03:34,1.9,150,82450
20240215,10:04:46,1.9,50,82450
20240215,10:05:41,2.0,100,82450
20240215,10:05:49,2.0,100,82450
20240215,10:05:57,2.0,50,82450
20240215,10:06:12,2.0,200,82450
20240215,10:06:20,2.0,200,82450
20240215,10:06:28,2.0,550,82450
20240215,10:06:36,2.05,550,82450
20240215,10:06:43,2.05,2250,82550
20240215,10:06:50,2.1,350,82550
20240215,10:06:57,2.05,50,82550
20240215,10:07:04,2.1,600,82550
20240215,10:07:11,2.1,150,82550
20240215,10:07:19,2.1,200,82550
20240215,10:07:27,2.1,250,82550
20240215,10:07:34,2.15,150,82550
20240215,10:07:43,2.2,650,82550
20240215,10:07:52,2.25,1300,82550
20240215,10:08:00,2.25,100,82550
20240215,10:08:23,2.15,800,82550
20240215,10:08:36,2.2,50,82550
20240215,10:08:54,2.25,100,82550
20240215,10:09:19,2.25,150,82550
20240215,10:09:53,2.2,50,82550
20240215,10:10:29,2.25,100,82450
20240215,10:10:36,2.2,150,82450
20240215,10:11:09,2.1,550,82450
20240215,10:11:19,2.1,150,82450
20240215,10:12:39,2.05,200,82450
20240215,10:13:29,2.1,100,82300
20240215,10:13:59,2.05,50,82300
20240215,10:14:06,2.05,100,82300
20240215,10:14:14,2.05,50,82300
20240215,10:14:22,2.05,100,82300
20240215,10:15:02,2.05,50,82300
20240215,10:15:59,2.0,200,82350
20240215,10:16:17,2.0,50,82350
20240215,10:17:47,2.05,100,82350
20240215,10:20:13,2.0,50,82400
20240215,10:20:25,1.95,200,82400
20240215,10:20:38,1.95,50,82400
20240215,10:21:36,1.95,250,82400
20240215,10:21:48,1.95,50,82350
20240215,10:22:54,1.95,200,82350
20240215,10:23:47,1.95,50,82350
20240215,10:24:38,1.95,50,82350
20240215,10:24:47,1.95,50,82350
20240215,10:24:55,2.0,250,82350
20240215,10:25:44,1.95,100,82350
20240215,10:26:53,1.95,250,82350
20240215,10:27:12,1.95,50,82350
20240215,10:29:55,1.95,200,82350
20240215,10:30:11,1.95,50,82350
20240215,10:31:43,1.95,50,82350
20240215,10:32:15,1.9,50,82350
20240215,10:33:14,1.9,50,82350
20240215,10:35:01,1.85,400,82350
20240215,10:35:28,1.85,200,82350
20240215,10:35:45,1.9,50,82350
20240215,10:36:51,1.85,200,82350
20240215,10:36:59,1.85,300,82350
20240215,10:37:31,1.9,50,82350
20240215,10:38:09,1.9,100,82350
20240215,10:39:32,1.9,100,82350
20240215,10:39:39,1.85,50,82350
20240215,10:41:31,1.95,100,82350
20240215,10:42:04,1.9,350,82350
20240215,10:42:21,1.95,100,82350
20240215,10:43:20,1.9,100,82350
20240215,10:43:35,1.95,400,82350
20240215,10:43:42,1.95,100,82350
20240215,10:45:46,1.9,200,82350
20240215,10:46:02,1.95,100,82100
20240215,10:46:09,1.9,50,82100
20240215,10:46:40,1.85,500,82100
20240215,10:47:09,1.95,200,82100
20240215,10:47:43,1.95,1000,82100
20240215,10:47:50,1.95,550,82100
20240215,10:50:07,2.0,250,81900
20240215,10:50:48,1.95,750,81900
20240215,10:54:03,1.95,100,81900
20240215,10:54:38,1.95,50,81900
20240215,10:54:54,1.95,100,81850
20240215,10:55:18,1.85,100,81850
20240215,10:55:26,1.85,100,81850
20240215,10:55:33,1.85,100,81850
20240215,10:55:50,1.85,50,81850
20240215,10:55:59,1.85,300,81850
20240215,10:56:09,1.85,200,81850
20240215,10:56:18,1.9,250,81850
20240215,10:56:27,1.9,250,81850
20240215,10:56:37,1.85,350,81850
20240215,10:56:47,1.85,450,81850
20240215,10:56:56,1.85,300,81850
20240215,10:57:05,1.85,200,81850
20240215,10:57:15,1.85,400,81850
20240215,10:57:24,1.85,100,81850
20240215,10:57:32,1.9,50,81850
20240215,10:57:42,1.9,150,81850
20240215,10:57:51,1.85,100,81850
20240215,10:58:08,1.9,50,81850
20240215,10:58:33,1.85,100,81850
20240215,10:58:41,1.95,250,81850
20240215,10:58:59,1.95,100,81850
20240215,11:06:16,1.95,50,81850
20240215,11:06:59,1.95,50,81850
20240215,11:08:54,2.0,50,81850
20240215,11:10:00,1.95,50,81850
20240215,11:10:45,1.95,100,81850
20240215,11:10:53,2.0,50,81850
20240215,11:11:16,2.0,100,81850
20240215,11:11:33,2.0,250,81850
20240215,11:12:53,2.0,150,81850
20240215,11:20:10,2.0,50,81850
20240215,11:20:33,1.95,100,81850
20240215,11:25:19,1.95,100,81800
20240215,11:25:30,1.95,400,81800
20240215,11:25:38,1.9,300,81800
20240215,11:26:02,1.9,100,81800
20240215,11:26:10,1.9,100,81800
20240215,11:31:53,1.95,100,81800
20240215,11:32:42,1.95,50,81800
20240215,11:33:00,1.95,50,81800
20240215,11:36:23,1.95,750,81800
20240215,11:36:47,1.95,50,81800
20240215,11:36:53,1.9,100,81800
20240215,11:37:29,1.95,300,80950
20240215,11:41:01,1.95,100,80950
20240215,11:43:17,1.9,100,80850
20240215,11:45:33,1.95,1000,80850
20240215,11:54:10,1.9,350,79850
20240215,11:54:30,1.9,350,79850
20240215,11:54:39,1.9,50,79850
20240215,11:54:48,1.95,50,79850
20240215,11:54:57,1.95,50,79850
20240215,11:55:06,1.95,100,79500
20240215,11:55:15,1.95,100,79500
20240215,11:55:24,1.95,150,79500
20240215,11:55:32,1.95,850,79500
20240215,11:55:42,1.95,100,79500
20240215,11:55:50,1.95,200,79500
20240215,11:55:58,1.95,50,79500
20240215,11:56:06,1.95,250,79500
20240215,11:56:14,1.95,100,79500
20240215,11:56:29,1.95,50,79500
20240215,11:56:37,1.95,100,79500
20240215,11:56:47,1.95,900,79500
20240215,11:56:56,1.95,250,79500
20240215,11:57:04,1.95,250,79500
20240215,11:57:11,2.0,100,79500
20240215,11:57:19,1.95,50,79500
20240215,11:57:26,2.0,100,79500
20240215,11:57:40,1.95,100,79500
20240215,11:57:48,2.0,50,79500
20240215,11:57:56,2.0,50,79500
20240215,11:58:03,2.0,100,79550
20240215,11:58:18,2.0,50,79550
20240215,12:00:10,1.95,200,79550
20240215,12:03:21,1.95,150,79550
20240215,12:05:04,1.95,50,79550
20240215,12:05:40,1.95,100,79550
20240215,12:05:46,1.95,100,79550
20240215,12:05:51,1.95,50,79550
20240215,12:05:57,1.9,350,79550
20240215,12:06:08,1.95,150,79550
20240215,12:06:15,1.9,150,79550
20240215,12:08:29,1.9,50,79600
20240215,12:08:58,1.9,50,79600
20240215,12:09:49,1.95,300,79600
20240215,12:09:54,1.95,150,79600
20240215,12:10:08,1.9,350,79650
20240215,12:10:17,1.9,350,79650
20240215,12:10:24,1.9,250,79650
20240215,12:10:30,1.9,50,79650
20240215,12:10:36,1.9,250,79650
20240215,12:10:43,1.9,250,79650
20240215,12:10:49,1.85,200,79650
20240215,12:11:09,1.9,250,79650
20240215,12:11:21,1.9,150,79650
20240215,12:11:34,1.9,100,79650
20240215,12:11:40,1.9,50,79650
20240215,12:11:46,1.85,100,79650
20240215,12:11:53,1.9,250,79650
20240215,12:12:02,1.9,250,79650
20240215,12:12:10,1.85,100,79650
20240215,12:12:24,1.9,50,79650
20240215,12:12:31,1.9,150,79650
20240215,12:12:46,1.9,50,79650
20240215,12:12:52,1.9,50,79650
20240215,12:12:59,1.85,50,79650
20240215,12:13:05,1.85,100,79700
20240215,12:13:10,1.85,50,79700
20240215,12:17:37,1.9,100,79700
20240215,12:20:01,1.9,100,79750
20240215,12:22:30,1.85,850,79700
20240215,12:23:41,1.85,100,79700
20240215,12:24:08,1.9,250,79700
20240215,12:24:34,1.95,50,79700
20240215,12:24:41,1.95,100,79700
20240215,12:25:08,1.9,250,79650
20240215,12:25:54,1.9,50,79650
20240215,12:26:29,1.9,50,79650
20240215,12:26:53,1.9,50,79650
20240215,12:27:06,1.9,150,79650
20240215,12:27:40,1.9,50,79650
20240215,12:32:37,1.9,50,79600
20240215,12:33:43,1.9,250,79600
20240215,12:33:52,1.9,150,79600
20240215,12:34:09,1.9,50,79650
20240215,12:42:46,1.95,250,79650
20240215,12:47:48,1.95,50,79800
20240215,12:48:15,1.9,50,79800
20240215,12:49:11,1.95,300,79850
20240215,12:50:06,1.95,50,79850
20240215,12:50:14,1.95,50,79850
20240215,12:52:19,2.0,150,80000
20240215,12:59:19,1.95,300,80000
20240215,13:00:55,1.95,50,80000
20240215,13:01:35,1.95,50,80150
20240215,13:02:05,1.95,50,80150
20240215,13:02:11,1.95,500,80150
20240215,13:03:55,1.85,250,80150
20240215,13:04:07,1.8,200,80150
20240215,13:08:12,1.8,50,80300
20240215,13:11:03,1.8,200,80300
20240215,13:11:11,1.8,50,80300
20240215,13:11:28,1.8,50,80300
20240215,13:12:41,1.75,100,80300
20240215,13:13:04,1.75,100,80300
20240215,13:14:33,1.75,50,80200
20240215,13:16:07,1.75,150,80200
20240215,13:17:14,1.8,50,80150
20240215,13:17:19,1.75,50,80150
20240215,13:18:55,1.8,50,80150
20240215,13:21:00,1.75,450,80100
20240215,13:21:18,1.75,250,80100
20240215,13:22:03,1.75,600,80100
20240215,13:22:09,1.75,50,80100
20240215,13:22:14,1.75,350,79650
20240215,13:23:00,1.75,50,79650
20240215,13:23:15,1.75,100,79650
20240215,13:23:22,1.8,350,79650
20240215,13:23:28,1.8,1050,79650
20240215,13:23:42,1.8,100,79650
20240215,13:24:27,1.8,900,79650
20240215,13:25:07,1.8,150,79650
20240215,13:25:22,1.8,50,79550
20240215,13:25:29,1.8,50,79550
20240215,13:27:06,1.8,150,79550
20240215,13:29:25,1.9,50,79550
20240215,13:29:44,1.85,50,79550
20240215,13:30:56,1.9,100,79550
20240215,13:33:31,1.85,50,79550
20240215,13:33:38,1.9,1850,79550
20240215,13:33:47,1.9,50,79550
20240215,13:35:40,1.9,500,79450
20240215,13:38:30,1.95,100,79500
20240215,13:39:30,1.95,50,79500
20240215,13:40:04,1.95,50,79500
20240215,13:40:15,1.9,300,79500
20240215,13:40:37,2.0,100,79350
20240215,13:42:12,1.95,50,79350
20240215,13:43:12,2.05,50,79350
20240215,13:44:00,1.95,50,79400
20240215,13:45:11,2.0,50,79400
20240215,13:46:18,2.0,250,79450
20240215,13:46:35,1.95,50,79450
20240215,13:46:51,2.05,100,79450
20240215,13:50:08,2.1,50,79400
20240215,13:50:24,2.1,50,79400
20240215,13:51:12,2.15,2050,79400
20240215,13:51:20,2.15,800,79400
20240215,13:51:29,2.1,650,79400
20240215,13:51:38,2.1,200,79400
20240215,13:51:46,2.1,250,79400
20240215,13:51:52,2.1,50,79400
20240215,13:51:58,2.1,50,79400
20240215,13:52:05,2.05,650,79400
20240215,13:52:13,2.05,250,79400
20240215,13:52:33,2.05,50,79800
20240215,13:52:41,2.1,150,79800
20240215,13:52:47,2.05,200,79800
20240215,13:52:53,2.15,1100,79800
20240215,13:53:30,2.1,1500,79800
20240215,13:53:51,2.1,500,79800
20240215,13:54:14,2.05,150,79800
20240215,13:54:29,2.05,100,79800
20240215,13:55:03,2.1,150,79800
20240215,13:55:19,2.05,200,80200
20240215,13:55:30,2.0,100,80200
20240215,13:55:46,2.05,50,80200
20240215,13:55:54,2.05,150,80200
20240215,13:56:03,2.05,400,80200
20240215,13:56:11,2.05,200,80200
20240215,13:56:27,2.05,150,80200
20240215,13:56:35,2.05,100,80200
20240215,13:56:42,2.05,1850,80200
20240215,13:56:50,2.05,50,80200
20240215,13:56:58,2.05,250,80200
20240215,13:57:05,2.05,100,80200
20240215,13:57:31,2.1,600,80200
20240215,13:57:47,2.15,50,80200
20240215,13:58:03,2.15,50,80200
20240215,13:58:10,2.15,50,80200
20240215,14:00:56,2.1,300,79350
20240215,14:01:07,2.05,250,79350
20240215,14:01:17,2.1,200,79350
20240215,14:01:28,2.05,1100,79350
20240215,14:01:38,2.1,400,79350
20240215,14:01:48,2.05,100,79350
20240215,14:02:44,2.1,100,79350
20240215,14:04:56,2.1,150,79450
20240215,14:07:23,2.05,200,79450
20240215,14:09:10,2.15,50,79500
20240215,14:13:18,2.15,250,79450
20240215,14:15:11,2.15,50,79300
20240215,14:15:26,2.05,100,79300
20240215,14:16:20,2.05,400,79300
20240215,14:16:28,2.1,1050,79350
20240215,14:18:07,2.05,200,79350
20240215,14:18:33,2.05,50,79350
20240215,14:19:27,2.05,50,79350
20240215,14:19:35,2.05,350,79350
20240215,14:22:51,2.1,50,79350
20240215,14:23:52,2.05,100,79350
20240215,14:24:39,2.1,1600,79350
20240215,14:24:49,2.15,1550,79350
20240215,14:25:00,2.1,100,79350
20240215,14:25:21,2.1,300,79350
20240215,14:25:30,2.1,300,80300
20240215,14:26:11,2.1,150,80300
20240215,14:26:28,2.1,250,80300
20240215,14:26:44,2.1,300,80300
20240215,14:26:52,2.1,200,80300
20240215,14:27:01,2.1,400,80300
20240215,14:27:46,2.1,600,80300
20240215,14:28:10,2.1,500,80300
20240215,14:28:18,2.05,250,80300
20240215,14:28:27,2.05,50,80600
20240215,14:28:35,2.05,500,80600
20240215,14:29:28,2.05,50,80600
20240215,14:30:05,2.05,50,80600
20240215,14:30:22,2.05,50,80600
20240215,14:31:59,2.05,1850,80600
20240215,14:32:06,2.0,50,80600
20240215,14:32:28,2.0,50,80600
20240215,14:32:53,2.0,50,80600
20240215,14:33:00,2.0,50,80600
20240215,14:33:37,2.0,1050,80600
20240215,14:33:50,2.1,750,80600
20240215,14:33:56,2.0,1300,80600
20240215,14:34:03,2.0,650,80600
20240215,14:35:16,2.0,400,81950
20240215,14:35:23,2.05,300,81950
20240215,14:35:30,2.05,1050,81950
20240215,14:36:36,2.1,150,81950
20240215,14:36:42,2.1,2150,81950
20240215,14:36:48,2.1,350,81950
20240215,14:37:21,2.1,200,81950
20240215,14:37:34,2.05,450,83400
20240215,14:37:42,2.0,100,83400
20240215,14:37:56,2.1,600,83400
20240215,14:38:23,2.1,750,83400
20240215,14:39:33,2.1,50,83400
20240215,14:39:42,2.15,550,83400
20240215,14:40:05,2.15,1900,83400
20240215,14:41:46,2.15,450,84300
20240215,14:44:51,2.15,100,84300
20240215,14:46:57,2.2,300,84300
20240215,14:47:57,2.15,50,84300
20240215,14:49:34,2.2,600,84650
20240215,14:50:15,2.2,400,84650
20240215,14:50:21,2.2,150,84650
20240215,14:50:37,2.25,400,84650
20240215,14:51:07,2.25,100,84650
20240215,14:51:16,2.25,50,84650
20240215,14:51:25,2.3,950,84650
20240215,14:51:33,2.3,50,84650
20240215,14:52:06,2.3,250,84650
20240215,14:52:15,2.3,50,84650
20240215,14:52:25,2.3,50,84650
20240215,14:52:35,2.35,550,85750
20240215,14:52:46,2.4,1800,85750
20240215,14:53:12,2.4,50,85750
20240215,14:54:35,2.35,200,85750
20240215,14:54:55,2.35,50,85750
20240215,14:55:45,2.3,200,86500
20240215,14:56:17,2.3,50,86500
20240215,14:57:21,2.3,50,86500
20240215,14:57:29,2.3,50,86500
20240215,14:58:09,2.3,200,86500
20240215,14:58:31,2.2,50,86500
20240215,14:58:39,2.2,250,86500
20240215,14:58:55,2.3,200,86500
20240215,14:59:30,2.3,300,86500
20240215,14:59:51,2.25,50,86500
20240215,15:00:04,2.25,100,86500
20240215,15:00:33,2.3,150,86500
20240215,15:00:40,2.3,100,86500
20240215,15:00:54,2.3,200,86500
20240215,15:01:09,2.35,200,86500
20240215,15:01:25,2.25,300,86500
20240215,15:03:09,2.25,250,86250
20240215,15:03:16,2.25,200,86250
20240215,15:03:24,2.25,450,86250
20240215,15:03:40,2.25,50,86250
20240215,15:04:07,2.2,150,86250
20240215,15:04:24,2.2,100,86250
20240215,15:05:54,2.25,100,85100
20240215,15:07:17,2.3,50,85100
20240215,15:07:23,2.25,150,85100
20240215,15:07:30,2.25,50,84950
20240215,15:07:36,2.25,100,84950
20240215,15:07:42,2.25,50,84950
20240215,15:08:01,2.2,100,84950
20240215,15:08:14,2.2,50,84950
20240215,15:08:27,2.2,150,84950
20240215,15:09:16,2.25,650,84950
20240215,15:09:22,2.25,50,84950
20240215,15:09:47,2.2,50,84950
20240215,15:11:12,2.2,150,84750
20240215,15:11:18,2.25,50,84750
20240215,15:11:25,2.25,100,84750
20240215,15:11:31,2.25,50,84750
20240215,15:11:50,2.25,50,84750
20240215,15:12:09,2.3,50,84750
20240215,15:12:15,2.3,50,84750
20240215,15:12:22,2.25,50,84750
20240215,15:12:28,2.2,300,84750
20240215,15:12:35,2.25,50,84750
20240215,15:13:04,2.25,50,84750
20240215,15:13:11,2.25,100,84750
20240215,15:13:16,2.3,100,84750
20240215,15:13:23,2.3,100,84750
20240215,15:14:02,2.25,650,84800
20240215,15:14:08,2.25,100,84800
20240215,15:14:16,2.25,200,84800
20240215,15:14:22,2.25,150,84800
20240215,15:14:45,2.25,100,84800
20240215,15:15:07,2.2,1150,84800
20240215,15:15:14,2.2,350,84800
20240215,15:15:22,2.2,50,84800
20240215,15:15:57,2.2,200,84800
20240215,15:17:10,2.25,100,84650
20240215,15:17:17,2.15,50,84650
20240215,15:17:31,2.15,100,84650
20240215,15:17:39,2.2,50,84650
20240215,15:18:29,2.1,500,84650
20240215,15:19:09,2.15,50,84650
20240215,15:20:09,2.2,50,84150
20240215,15:21:11,2.15,50,84150
20240215,15:21:18,2.15,100,84150
20240215,15:21:26,2.15,100,84150
20240215,15:21:32,2.2,50,84150
20240215,15:21:38,2.15,500,84150
20240215,15:21:52,2.15,200,84150
20240215,15:22:28,2.15,350,84150
20240215,15:22:36,2.2,450,83950
20240215,15:23:06,2.2,50,83950
20240215,15:23:26,2.2,150,83950
20240215,15:23:41,2.15,150,83950
20240215,15:23:57,2.15,250,83950
20240215,15:24:21,2.35,2250,83950
20240215,15:24:51,2.1,100,83950
20240215,15:25:06,2.3,150,83950
20240215,15:25:14,2.2,100,83950
20240215,15:25:21,2.2,100,83950
20240215,15:25:30,2.15,250,85700
20240215,15:25:39,2.15,150,85700
20240215,15:25:55,2.2,100,85700
20240215,15:26:08,2.15,200,85700
20240215,15:26:23,2.15,150,85700
20240215,15:26:53,2.15,50,85700
20240215,15:27:18,2.15,150,85700
20240215,15:27:36,2.15,300,85700
20240215,15:27:43,2.2,500,85700
20240215,15:27:51,2.25,800,85700
20240215,15:27:58,2.15,700,85700
20240215,15:28:14,2.15,150,85700
20240215,15:29:08,2.25,100,84300
20240215,15:29:44,2.15,150,84300
20240215,15:30:02,2.3,150,84300
20240216,09:15:04,2.3,1,84200
20240216,09:15:04,2.3,50,84200
20240216,09:15:05,1.8,100,84200
20240216,09:15:06,1.8,100,84200
20240216,09:15:07,1.65,150,84200
20240216,09:15:08,1.3,800,84200
20240216,09:15:09,1.3,500,84200
20240216,09:15:11,1.95,150,84200
20240216,09:15:13,1.9,200,84200
20240216,09:15:16,1.85,450,84200
20240216,09:15:25,1.8,100,84200
20240216,09:15:29,1.8,50,84750
20240216,09:15:32,1.8,150,84750
20240216,09:15:39,1.8,650,84750
20240216,09:15:44,1.8,2000,84750
20240216,09:15:45,1.85,500,84750
20240216,09:16:08,1.85,400,84750
20240216,09:16:21,1.9,50,84750
20240216,09:16:35,1.85,100,84750
20240216,09:16:37,1.85,250,84750
20240216,09:16:46,1.8,2100,84750
20240216,09:16:48,1.75,50,84750
20240216,09:16:49,1.75,100,84750
20240216,09:16:50,1.75,50,84750
20240216,09:16:51,1.75,50,84750
20240216,09:16:52,1.75,50,84750
20240216,09:16:54,1.75,50,84750
20240216,09:16:58,1.75,50,84750
20240216,09:17:02,1.75,50,84750
20240216,09:17:03,1.75,750,84750
20240216,09:17:04,1.75,100,84750
20240216,09:17:06,1.75,50,84750
20240216,09:17:07,1.7,1500,84750
20240216,09:17:15,1.75,50,84750
20240216,09:17:17,1.75,100,84750
20240216,09:17:19,1.75,500,84750
20240216,09:17:25,1.75,50,84750
20240216,09:17:26,1.75,50,84750
20240216,09:17:32,1.75,50,84750
20240216,09:17:40,1.75,500,84750
20240216,09:18:22,1.75,150,84750
20240216,09:18:31,1.7,1000,85800
20240216,09:18:40,1.65,1000,85800
20240216,09:18:46,1.7,50,85800
20240216,09:18:51,1.7,200,85800
20240216,09:18:52,1.65,50,85800
20240216,09:19:16,1.7,50,85800
20240216,09:19:17,1.65,50,85800
20240216,09:19:40,1.7,50,85800
20240216,09:19:48,1.7,50,85800
20240216,09:19:56,1.7,50,85800
20240216,09:20:15,1.7,50,85800
20240216,09:20:16,1.7,50,85800
20240216,09:20:17,1.7,200,85800
20240216,09:20:18,1.7,200,85800
20240216,09:20:19,1.7,200,85800
20240216,09:20:20,1.7,50,85800
20240216,09:20:21,1.7,50,85800
20240216,09:20:22,1.7,50,85800
20240216,09:20:23,1.7,50,85800
20240216,09:20:24,1.7,50,85800
20240216,09:20:25,1.7,50,85800
20240216,09:20:26,1.7,50,85800
20240216,09:20:27,1.7,200,85800
20240216,09:20:28,1.7,200,85800
20240216,09:20:29,1.7,200,85800
20240216,09:20:34,1.7,50,85800
20240216,09:20:35,1.7,200,85800
20240216,09:20:36,1.7,200,85800
20240216,09:20:37,1.7,200,85800
20240216,09:20:41,1.7,50,85800
20240216,09:20:42,1.7,50,85800
20240216,09:20:43,1.7,150,85800
20240216,09:20:44,1.7,200,85800
20240216,09:20:45,1.7,200,85800
20240216,09:20:46,1.7,200,85800
20240216,09:20:47,1.7,200,85800
20240216,09:20:48,1.7,200,85800
20240216,09:20:49,1.7,200,85800
20240216,09:20:50,1.7,200,85800
20240216,09:20:51,1.7,200,85800
20240216,09:20:52,1.7,200,85800
20240216,09:20:53,1.7,200,85800
20240216,09:20:54,1.7,200,85800
20240216,09:20:55,1.65,250,85800
20240216,09:20:56,1.7,200,85800
20240216,09:20:57,1.7,200,85800
20240216,09:20:58,1.7,200,85800
20240216,09:20:59,1.7,200,85800
20240216,09:21:00,1.7,50,85800
20240216,09:21:01,1.7,50,85800
20240216,09:21:02,1.65,100,85800
20240216,09:21:05,1.7,400,85800
20240216,09:22:00,1.7,50,88900
20240216,09:22:08,1.7,50,88900
20240216,09:22:10,1.7,50,88900
20240216,09:22:11,1.7,50,88900
20240216,09:22:12,1.7,50,88900
20240216,09:22:13,1.7,50,88900
20240216,09:22:14,1.7,50,88900
20240216,09:22:15,1.7,50,88900
20240216,09:22:16,1.7,50,88900
20240216,09:22:17,1.7,50,88900
20240216,09:22:18,1.7,50,88900
20240216,09:22:19,1.7,50,88900
20240216,09:22:20,1.7,50,88900
20240216,09:22:21,1.7,50,88900
20240216,09:22:22,1.7,50,88900
20240216,09:22:23,1.7,50,88900
20240216,09:22:24,1.7,50,88900
20240216,09:22:25,1.7,50,88900
20240216,09:22:26,1.7,50,88900
20240216,09:22:27,1.7,50,88900
20240216,09:22:28,1.7,300,88900
20240216,09:22:29,1.7,200,88900
20240216,09:22:30,1.7,200,88900
20240216,09:22:31,1.7,50,88900
20240216,09:22:32,1.7,50,88900
20240216,09:22:33,1.7,1300,88900
20240216,09:22:34,1.75,50,88900
20240216,09:22:35,1.75,50,88900
20240216,09:22:36,1.75,50,88900
20240216,09:22:37,1.75,50,88900
20240216,09:22:38,1.75,50,88900
20240216,09:22:39,1.75,50,88900
20240216,09:22:40,1.75,50,88900
20240216,09:22:43,1.7,400,88900
20240216,09:23:06,1.7,50,88900
20240216,09:23:07,1.7,550,88900
20240216,09:23:43,1.7,200,88900
20240216,09:23:44,1.7,200,88900
20240216,09:23:45,1.7,200,88900
20240216,09:23:46,1.7,200,88900
20240216,09:23:47,1.7,200,88900
20240216,09:23:48,1.7,50,88900
20240216,09:23:49,1.7,50,88900
20240216,09:23:50,1.7,50,88900
20240216,09:23:51,1.7,50,88900
20240216,09:23:53,1.65,50,88900
20240216,09:25:01,1.65,50,88900
20240216,09:25:02,1.65,50,90850
20240216,09:25:03,1.65,200,90850
20240216,09:25:04,1.65,200,90850
20240216,09:25:05,1.65,200,90850
20240216,09:25:06,1.65,200,90850
20240216,09:25:07,1.65,200,90850
20240216,09:25:08,1.65,200,90850
20240216,09:25:09,1.65,200,90850
20240216,09:25:10,1.65,200,90850
20240216,09:25:12,1.65,400,90850
20240216,09:25:13,1.65,200,90850
20240216,09:25:14,1.65,50,90850
20240216,09:25:15,1.65,50,90850
20240216,09:25:16,1.65,50,90850
20240216,09:25:17,1.65,50,90850
20240216,09:25:18,1.65,50,90850
20240216,09:25:19,1.65,550,90850
20240216,09:25:20,1.65,50,90850
20240216,09:25:21,1.65,50,90850
20240216,09:25:22,1.65,50,90850
20240216,09:25:23,1.65,50,90850
20240216,09:25:36,1.65,50,90850
20240216,09:25:37,1.65,50,90850
20240216,09:25:38,1.65,50,90850
20240216,09:25:39,1.65,50,90850
20240216,09:25:41,1.65,100,90850
20240216,09:25:42,1.65,200,90850
20240216,09:25:43,1.65,200,90850
20240216,09:25:44,1.6,200,90850
20240216,09:25:45,1.65,50,90850
20240216,09:25:48,1.6,100,90850
20240216,09:25:49,1.6,50,90850
20240216,09:25:50,1.6,200,90850
20240216,09:25:51,1.6,200,90850
20240216,09:25:52,1.6,50,90850
20240216,09:25:53,1.6,50,90850
20240216,09:25:54,1.6,200,90850
20240216,09:25:55,1.6,200,90850
20240216,09:25:56,1.6,200,90850
20240216,09:25:57,1.6,200,90850
20240216,09:26:03,1.6,50,90850
20240216,09:26:04,1.6,1050,90850
20240216,09:26:06,1.65,1150,90850
20240216,09:26:34,1.65,50,90850
20240216,09:27:03,1.65,250,90850
20240216,09:27:29,1.65,800,87100
20240216,09:28:01,1.6,350,87100
20240216,09:28:48,1.6,50,87100
20240216,09:29:15,1.6,800,87100
20240216,09:29:58,1.6,100,87100
20240216,09:30:00,1.65,150,87100
20240216,09:30:04,1.6,1100,87100
20240216,09:30:20,1.65,50,87100
20240216,09:30:21,1.65,50,87100
20240216,09:30:22,1.65,50,87100
20240216,09:30:23,1.65,200,87100
20240216,09:30:24,1.65,200,87100
20240216,09:30:25,1.65,200,87100
20240216,09:30:26,1.65,50,87100
20240216,09:30:27,1.65,200,87100
20240216,09:30:28,1.65,300,87050
20240216,09:30:29,1.65,200,87050
20240216,09:30:30,1.65,200,87050
20240216,09:30:31,1.65,200,87050
20240216,09:30:32,1.65,200,87050
20240216,09:30:33,1.65,200,87050
20240216,09:30:34,1.65,200,87050
20240216,09:30:35,1.65,200,87050
20240216,09:30:36,1.65,200,87050
20240216,09:30:37,1.65,200,87050
20240216,09:30:38,1.65,200,87050
20240216,09:30:39,1.65,250,87050
20240216,09:30:40,1.65,200,87050
20240216,09:30:41,1.65,250,87050
20240216,09:30:46,1.65,50,87050
20240216,09:30:50,1.65,50,87050
20240216,09:30:51,1.65,50,87050
20240216,09:30:52,1.65,200,87050
20240216,09:30:53,1.65,200,87050
20240216,09:30:54,1.65,50,87050
20240216,09:30:55,1.65,50,87050
20240216,09:30:56,1.65,50,87050
20240216,09:30:57,1.65,50,87050
20240216,09:30:58,1.65,50,87050
20240216,09:30:59,1.65,200,87050
20240216,09:31:00,1.65,200,87050
20240216,09:31:01,1.65,200,87050
20240216,09:31:02,1.65,200,87050
20240216,09:31:03,1.65,200,87050
20240216,09:31:04,1.65,200,87050
20240216,09:31:05,1.65,200,87050
20240216,09:31:06,1.65,200,87050
20240216,09:31:07,1.65,650,87050
20240216,09:31:08,1.65,50,87050
20240216,09:31:09,1.65,3250,87050
20240216,09:31:10,1.65,200,87050
20240216,09:31:11,1.7,1800,87050
20240216,09:31:12,1.65,600,87050
20240216,09:31:13,1.7,200,87050
20240216,09:31:14,1.7,200,87050
20240216,09:31:16,1.65,150,87050
20240216,09:31:21,1.65,300,87050
20240216,09:31:30,1.65,50,87050
20240216,09:31:43,1.7,50,87050
20240216,09:31:44,1.7,50,87050
20240216,09:31:45,1.7,50,87050
20240216,09:31:46,1.7,200,87050
20240216,09:31:47,1.7,200,87050
20240216,09:31:48,1.7,200,87050
20240216,09:31:49,1.7,200,87050
20240216,09:32:00,1.7,50,87050
20240216,09:32:01,1.7,50,87050
20240216,09:32:02,1.7,50,87050
20240216,09:32:03,1.7,50,87050
20240216,09:32:04,1.65,100,87050
20240216,09:32:05,1.7,200,87050
20240216,09:32:06,1.7,200,87050
20240216,09:32:07,1.7,200,87050
20240216,09:32:08,1.7,200,87050
20240216,09:32:11,1.7,50,87050
20240216,09:32:12,1.7,50,87050
20240216,09:32:13,1.7,50,87050
20240216,09:32:14,1.7,50,87050
20240216,09:32:15,1.7,50,87050
20240216,09:32:17,1.7,50,87050
20240216,09:32:18,1.7,50,87050
20240216,09:32:19,1.7,50,87050
20240216,09:32:20,1.7,50,87050
20240216,09:32:21,1.7,50,87050
20240216,09:32:21,1.65,600,87050
20240216,09:32:22,1.7,200,87050
20240216,09:32:23,1.7,200,87050
20240216,09:32:24,1.7,50,87050
20240216,09:32:25,1.7,50,87050
20240216,09:32:26,1.7,50,87050
20240216,09:32:32,1.65,200,87050
20240216,09:32:34,1.7,50,87050
20240216,09:32:35,1.7,50,87050
20240216,09:32:36,1.7,50,87050
20240216,09:32:37,1.7,50,87050
20240216,09:32:38,1.7,50,87050
20240216,09:32:39,1.7,50,87050
20240216,09:32:40,1.7,200,87050
20240216,09:32:41,1.7,200,87050
20240216,09:32:42,1.65,250,87050
20240216,09:32:45,1.7,50,87050
20240216,09:32:53,1.7,50,87050
20240216,09:32:54,1.7,50,87050
20240216,09:32:55,1.7,50,87050
20240216,09:32:57,1.7,50,87050
20240216,09:32:57,1.65,50,87050
20240216,09:33:03,1.65,200,87050
20240216,09:33:13,1.7,50,87050
20240216,09:33:14,1.7,50,87050
20240216,09:33:15,1.7,200,87050
20240216,09:33:16,1.7,200,87050
20240216,09:33:17,1.7,200,87050
20240216,09:33:18,1.7,200,87050
20240216,09:33:20,1.7,50,87050
20240216,09:33:22,1.7,50,87050
20240216,09:33:23,1.7,50,87050
20240216,09:33:24,1.65,300,87050
20240216,09:33:25,1.7,200,87050
20240216,09:33:26,1.7,200,87050
20240216,09:33:27,1.7,200,87050
20240216,09:33:28,1.7,50,103650
20240216,09:33:36,1.7,150,103650
20240216,09:33:40,1.65,50,103650
20240216,09:34:20,1.65,1800,103650
20240216,09:34:21,1.65,2350,103650
20240216,09:34:24,1.65,50,103650
20240216,09:34:28,1.65,800,103650
20240216,09:34:41,1.65,50,103650
20240216,09:34:42,1.65,50,103650
20240216,09:34:43,1.65,50,103650
20240216,09:34:44,1.65,50,103650
20240216,09:34:45,1.65,50,103650
20240216,09:34:46,1.65,50,103650
20240216,09:34:47,1.65,50,103650
20240216,09:34:48,1.65,50,103650
20240216,09:34:49,1.65,100,103650
20240216,09:34:50,1.6,50,103650
20240216,09:34:51,1.6,50,103650
20240216,09:34:52,1.6,50,103650
20240216,09:34:53,1.6,50,103650
20240216,09:34:54,1.6,50,103650
20240216,09:34:55,1.6,50,103650
20240216,09:34:56,1.6,50,103650
20240216,09:34:57,1.6,50,103650
20240216,09:34:58,1.6,50,103650
20240216,09:34:59,1.6,50,103650
20240216,09:35:00,1.6,50,103650
20240216,09:35:01,1.6,50,103650
20240216,09:35:05,1.6,50,103650
20240216,09:35:07,1.6,50,103650
20240216,09:35:17,1.6,50,103650
20240216,09:35:17,1.65,50,103650
20240216,09:35:18,1.6,50,103650
20240216,09:35:19,1.6,50,103650
20240216,09:35:20,1.6,50,103650
20240216,09:35:21,1.6,50,103650
20240216,09:35:22,1.6,50,103650
20240216,09:35:23,1.6,50,103650
20240216,09:35:24,1.6,50,103650
20240216,09:35:25,1.6,50,103650
20240216,09:35:26,1.6,50,103650
20240216,09:35:27,1.6,50,103650
20240216,09:35:28,1.6,50,103650
20240216,09:35:29,1.6,50,103650
20240216,09:35:30,1.6,50,103650
20240216,09:35:31,1.6,50,103650
20240216,09:35:32,1.6,50,103650
20240216,09:35:33,1.6,50,103650
20240216,09:35:42,1.6,50,103650
20240216,09:35:43,1.65,100,103650
20240216,09:35:44,1.6,200,103650
20240216,09:35:45,1.6,200,103650
20240216,09:35:46,1.6,200,103650
20240216,09:35:47,1.6,200,103650
20240216,09:35:48,1.6,200,103650
20240216,09:35:49,1.6,200,103650
20240216,09:35:50,1.6,200,103650
20240216,09:35:53,1.6,100,103650
20240216,09:35:54,1.6,50,103650
20240216,09:35:55,1.6,50,103650
20240216,09:35:57,1.6,250,103650
20240216,09:35:58,1.6,200,103650
20240216,09:35:59,1.6,200,103650
20240216,09:36:00,1.6,200,103650
20240216,09:36:01,1.6,200,103650
20240216,09:36:02,1.6,200,103650
20240216,09:36:03,1.6,200,103650
20240216,09:36:04,1.6,200,103650
20240216,09:36:05,1.65,300,103650
20240216,09:36:06,1.6,200,103650
20240216,09:36:08,1.6,400,103650
20240216,09:36:08,1.6,350,103650
20240216,09:36:09,1.55,200,103650
20240216,09:36:10,1.55,200,103650
20240216,09:36:11,1.55,200,103650
20240216,09:36:12,1.55,200,103650
20240216,09:36:13,1.55,200,103650
20240216,09:36:14,1.55,200,103650
20240216,09:36:17,1.55,50,103650
20240216,09:36:18,1.55,50,103650
20240216,09:36:19,1.6,150,103650
20240216,09:36:20,1.55,50,103650
20240216,09:36:21,1.55,50,103650
20240216,09:36:22,1.55,50,103650
20240216,09:36:23,1.55,50,103650
20240216,09:36:24,1.55,50,103650
20240216,09:36:25,1.55,50,103650
20240216,09:36:26,1.55,50,103650
20240216,09:36:27,1.55,50,103650
20240216,09:36:34,1.6,100,103650
20240216,09:37:03,1.55,50,98050
20240216,09:37:04,1.55,200,98050
20240216,09:37:05,1.55,200,98050
20240216,09:37:06,1.55,200,98050
20240216,09:37:07,1.55,500,98050
20240216,09:37:08,1.55,200,98050
20240216,09:37:09,1.55,200,98050
20240216,09:37:10,1.55,200,98050
20240216,09:37:13,1.55,550,98050
20240216,09:37:14,1.5,100,98050
20240216,09:37:15,1.5,50,98050
20240216,09:37:16,1.5,50,98050
20240216,09:37:17,1.5,50,98050
20240216,09:37:18,1.5,50,98050
20240216,09:37:19,1.5,50,98050
20240216,09:37:20,1.5,50,98050
20240216,09:37:21,1.5,50,98050
20240216,09:37:22,1.5,50,98050
20240216,09:37:23,1.5,50,98050
20240216,09:37:24,1.5,50,98050
20240216,09:37:25,1.5,200,98050
20240216,09:37:26,1.5,200,98050
20240216,09:37:27,1.5,50,98050
20240216,09:37:28,1.5,50,98050
20240216,09:37:29,1.5,50,98050
20240216,09:37:30,1.5,50,98050
20240216,09:37:31,1.5,50,98050
20240216,09:37:32,1.5,50,98050
20240216,09:37:33,1.5,50,98050
20240216,09:37:34,1.5,200,98050
20240216,09:37:35,1.5,200,98050
20240216,09:37:36,1.5,200,98050
20240216,09:37:37,1.5,200,98050
20240216,09:37:38,1.5,50,98050
20240216,09:38:18,1.55,100,98050
20240216,09:38:28,1.5,50,98050
20240216,09:39:21,1.5,50,98050
20240216,09:39:36,1.5,1900,98050
20240216,09:39:37,1.5,2050,96200
20240216,09:39:53,1.45,50,96200
20240216,09:39:54,1.45,200,96200
20240216,09:39:55,1.45,200,96200
20240216,09:39:56,1.45,200,96200
20240216,09:39:57,1.45,200,96200
20240216,09:39:58,1.45,200,96200
20240216,09:39:59,1.45,650,96200
20240216,09:40:00,1.4,200,96200
20240216,09:40:01,1.4,200,96200
20240216,09:40:02,1.4,200,96200
20240216,09:40:03,1.4,200,96200
20240216,09:40:08,1.4,50,96200
20240216,09:40:11,1.4,50,96200
20240216,09:40:13,1.4,50,96200
20240216,09:40:14,1.4,50,96200
20240216,09:40:15,1.4,50,96200
20240216,09:40:16,1.4,50,96200
20240216,09:40:17,1.4,50,96200
20240216,09:40:19,1.45,150,96200
20240216,09:40:22,1.45,50,96200
20240216,09:40:23,1.4,50,96200
20240216,09:40:24,1.4,50,96200
20240216,09:40:28,1.45,150,96200
20240216,09:40:40,1.4,1000,96200
20240216,09:40:41,1.4,600,96200
20240216,09:40:44,1.45,50,96200
20240216,09:40:50,1.45,400,96200
20240216,09:40:52,1.45,250,96200
20240216,09:40:54,1.4,1800,96200
20240216,09:41:03,1.45,50,96200
20240216,09:41:06,1.4,50,96200
20240216,09:41:07,1.4,50,96200
20240216,09:41:09,1.4,50,96200
20240216,09:41:10,1.4,50,96200
