date,time,tick_price,volume,open_interest
20230228,09:40:13,600.0,50,50
20230320,12:32:03,750.0,1,50
20230320,12:32:03,750.0,50,50
20230503,12:52:50,1200.0,1,100
20230503,12:52:50,1200.0,50,100
20230503,15:04:23,781.55,50,150
20230516,12:12:39,1699.85,1,100
20230516,12:12:39,1699.85,50,100
20230518,15:23:44,1120.95,1,100
20230518,15:23:44,1120.95,50,100
20230519,10:26:58,850.05,1,200
20230519,10:26:58,850.05,50,200
20230519,15:06:02,850.05,50,200
20230526,13:11:32,1612.95,1,200
20230526,13:11:32,1612.95,50,200
20230526,14:01:31,1104.85,50,300
20230526,14:48:49,1104.85,50,350
20230614,13:45:29,1489.95,1,300
20230614,13:45:29,1489.95,50,300
20230616,14:57:31,1450.0,1,300
20230616,14:57:31,1450.0,50,300
20230616,15:07:16,1460.0,50,300
20230619,14:36:15,1486.8,1,300
20230619,14:36:15,1486.8,50,300
20230703,11:54:29,1687.7,1,300
20230703,11:54:29,1687.7,50,300
20230703,13:06:05,1760.0,50,250
20230724,12:42:45,2000.0,1,200
20230724,12:42:45,2000.0,50,200
20230801,15:04:05,2054.4,1,200
20230801,15:04:05,2054.35,150,200
20230804,12:39:49,2100.0,1,300
20230804,12:39:49,2100.0,50,300
20230817,14:16:47,1800.0,1,300
20230817,14:16:47,1800.0,50,300
20230830,10:18:42,1700.0,1,250
20230830,10:18:42,1700.0,50,250
20230830,10:18:46,1700.0,150,250
20230830,10:18:50,1700.0,150,250
20230830,10:19:15,1700.0,600,250
20230830,10:20:14,1713.4,50,250
20230830,11:41:45,1713.4,50,1150
20230830,11:54:07,1713.4,50,1200
20230830,11:54:10,1703.65,50,1200
20230830,11:54:15,1704.2,50,1200
20230830,11:54:53,1705.0,50,1200
20230830,12:01:50,1705.0,50,1400
20230830,12:02:44,1710.0,50,1400
20230830,12:43:28,1710.0,50,1450
20230830,12:49:47,1710.0,50,1450
20230830,14:01:31,1702.6,50,1500
20230830,14:01:40,1700.0,50,1500
20230901,11:22:38,1680.0,1,1600
20230901,11:22:38,1680.0,50,1600
20230901,13:29:50,1688.0,50,1650
20230901,14:01:19,1695.65,50,1650
20230901,14:04:00,1695.65,50,1700
20230901,14:09:43,1699.65,150,1750
20230901,15:29:59,1988.75,1,1900
20230904,09:36:54,1720.0,1,1900
20230904,09:36:54,1720.0,50,1900
20230904,10:17:59,1720.0,50,1900
20230904,10:39:45,1720.0,50,1950
20230904,14:46:48,1770.15,100,2000
20230904,14:46:49,1770.05,50,2000
20230904,15:14:15,1790.0,50,2150
20230904,15:16:04,1790.0,50,2200
20230904,15:29:59,1785.0,1,2250
20230906,15:08:58,1810.0,1,2250
20230906,15:08:58,1810.0,50,2250
20230906,15:10:38,1810.0,50,2300
20230907,13:53:04,1840.0,1,2350
20230907,13:53:04,1840.0,50,2350
20230907,13:55:16,1840.0,50,2400
20230907,13:58:05,1835.0,50,2450
20230907,14:40:16,1835.0,100,2500
20230907,14:40:22,1877.15,50,2500
20230908,11:34:15,1928.15,1,2650
20230908,11:34:15,1928.15,50,2650
20230908,11:34:18,1928.8,50,2650
20230908,11:34:20,1929.05,200,2650
20230908,11:37:37,1946.55,50,2950
20230908,11:39:41,1952.75,50,2950
20230908,11:39:50,1953.85,50,3000
20230908,11:39:55,1955.1,50,3000
20230908,12:39:36,1967.65,50,3150
20230908,12:40:29,1971.15,50,3150
20230908,14:16:30,1988.0,50,3250
20230908,14:20:08,1993.2,150,3300
20230908,14:21:32,1993.2,100,3450
20230911,13:42:28,2000.0,1,3550
20230911,13:42:28,2000.0,50,3550
20230911,15:00:23,2110.95,100,3550
20230915,15:16:13,2302.6,1,3500
20230915,15:16:13,2302.6,50,3500
20230915,15:22:09,2302.35,50,3500
20230915,15:24:20,2300.65,50,3500
20230915,15:27:37,2297.2,50,3500
20230922,15:06:57,1890.0,1,3300
20230922,15:06:57,1890.0,50,3300
20230922,15:07:03,1875.0,100,3300
20230922,15:14:51,1875.0,50,3300
20230927,09:40:12,1800.0,1,3300
20230927,09:40:12,1800.0,250,3300
20230927,09:41:26,1800.0,50,3300
20230927,09:41:32,1800.0,50,3300
20230927,09:41:38,1800.0,100,3300
20230927,09:41:50,1800.0,50,3300
20230927,13:35:30,1800.0,50,3800
20230927,15:07:11,1890.0,150,3800
20230927,15:07:16,1890.0,50,3800
20230927,15:07:22,1890.85,150,3800
20230927,15:07:27,1890.85,100,3800
20230927,15:07:32,1890.85,100,3800
20230927,15:07:43,1890.85,100,3800
20230927,15:07:49,1890.85,100,3800
20230927,15:07:54,1890.85,100,3800
20230927,15:08:00,1890.85,100,3800
20230927,15:08:05,1890.85,100,3800
20230927,15:08:10,1890.85,150,3800
20230927,15:08:16,1890.85,100,3800
20230927,15:08:21,1890.85,50,3800
20230927,15:08:27,1892.05,150,3800
20230927,15:08:31,1892.25,50,3800
20230929,11:22:31,1736.25,1,5350
20230929,11:22:31,1736.35,150,5350
20230929,13:42:40,1770.55,50,5500
20230929,14:11:28,1805.05,150,5500
20230929,14:16:21,1802.2,50,5650
20230929,14:54:55,1775.0,50,5700
20230929,15:29:59,2010.7,1,5750
20231003,09:35:55,1671.1,1,5750
20231003,09:35:55,1671.1,50,5750
20231003,09:42:03,1671.1,50,5800
20231003,09:42:09,1671.1,50,5800
20231003,09:42:23,1661.05,50,5800
20231003,09:43:41,1661.05,50,5800
20231003,09:43:44,1671.1,50,5800
20231003,09:43:48,1671.1,50,5800
20231003,09:43:52,1671.1,50,5800
20231003,09:43:55,1671.1,50,5800
20231003,09:43:58,1671.1,50,5800
20231003,09:44:00,1671.1,50,5800
20231003,09:44:04,1671.1,50,5800
20231003,09:48:01,1669.1,50,6350
20231003,09:51:12,1810.2,50,6400
20231003,09:52:58,1810.2,50,6400
20231003,10:37:19,1660.05,100,6400
20231003,11:37:26,1680.0,50,6500
20231003,11:43:08,1680.0,150,6550
20231003,12:54:56,1680.0,50,6700
20231003,13:12:38,1690.0,50,6750
20231003,13:21:27,1680.5,50,6750
20231003,13:23:30,1678.0,50,6800
20231003,13:23:31,1678.3,50,6800
20231003,13:48:11,1696.2,100,6950
20231003,13:48:15,1696.2,50,6950
20231003,13:48:17,1695.6,50,6950
20231003,13:48:18,1682.75,100,6950
20231003,13:48:19,1695.6,50,6950
20231003,13:48:22,1695.6,50,6950
20231003,13:48:24,1695.6,50,6950
20231003,13:48:25,1685.8,100,6950
20231003,13:48:26,1685.8,50,6950
20231003,13:48:27,1695.6,100,6950
20231003,13:48:30,1695.6,50,6950
20231003,13:48:33,1695.6,50,6950
20231003,13:48:56,1695.6,50,6950
20231003,13:48:57,1695.6,150,6950
20231003,13:49:08,1679.9,50,6950
20231003,13:49:09,1680.65,100,6950
20231003,13:49:11,1680.75,50,6950
20231003,13:52:08,1684.4,100,8100
20231003,13:52:54,1683.8,150,8100
20231003,13:53:06,1683.2,150,8100
20231003,13:55:58,1685.75,50,8500
20231003,15:10:32,1665.75,50,8550
20231003,15:10:43,1665.0,150,8550
20231003,15:12:23,1665.0,50,8750
20231004,09:28:15,1564.15,1,8800
20231004,09:28:15,1564.15,50,8800
20231004,09:28:21,1568.95,200,8800
20231004,09:52:54,1568.95,50,9050
20231004,09:53:24,1560.0,150,9050
20231004,09:53:37,1579.95,50,9200
20231004,09:54:17,1572.8,100,9200
20231004,09:54:59,1560.0,50,9200
20231004,09:58:24,1570.0,50,9400
20231004,09:58:32,1570.05,50,9400
20231004,10:00:08,1565.0,50,9500
20231004,10:02:08,1565.0,50,9500
20231004,10:04:16,1575.0,150,9600
20231004,10:06:56,1567.9,50,9750
20231004,10:07:08,1567.85,50,9750
20231004,10:07:21,1568.35,50,9750
20231004,10:07:27,1567.8,50,9750
20231004,10:07:45,1569.35,50,9750
20231004,10:07:55,1569.7,50,9750
20231004,10:07:58,1569.7,50,9750
20231004,10:08:51,1570.9,50,9750
20231004,10:08:52,1572.1,50,10100
20231004,10:08:53,1570.6,50,10100
20231004,10:08:55,1572.35,50,10100
20231004,10:08:58,1571.3,50,10100
20231004,10:09:02,1571.2,50,10100
20231004,10:09:04,1571.7,100,10100
20231004,10:09:07,1572.0,50,10100
20231004,10:22:40,1572.8,50,10550
20231004,10:22:46,1573.1,50,10550
20231004,10:24:07,1576.95,50,10650
20231004,10:25:24,1585.0,50,10650
20231004,10:29:48,1585.0,50,10750
20231004,10:29:51,1584.0,100,10750
20231004,10:29:53,1582.7,50,10750
20231004,10:29:54,1584.0,50,10750
20231004,10:32:21,1588.75,50,10750
20231004,10:32:22,1589.0,50,10750
20231004,10:32:29,1589.0,50,10750
20231004,10:32:38,1587.75,50,11150
20231004,10:36:46,1590.0,50,11200
20231004,10:37:01,1590.0,50,11200
20231004,10:37:31,1591.6,50,11200
20231004,10:37:48,1591.6,50,11200
20231004,10:43:32,1587.0,50,11200
20231004,10:43:41,1585.0,50,11350
20231004,10:43:48,1587.0,50,11350
20231004,10:49:17,1587.0,50,11500
20231004,10:53:06,1587.0,50,11550
20231004,11:00:59,1587.0,50,11600
20231004,11:01:56,1587.0,50,11600
20231004,11:02:19,1587.0,150,11600
20231004,11:02:47,1598.95,50,11850
20231004,11:07:09,1598.95,200,11850
20231004,11:24:45,1587.1,50,12050
20231004,11:38:50,1570.0,50,12100
20231004,11:46:12,1565.15,100,12100
20231004,11:48:21,1563.75,350,12200
20231004,11:48:28,1563.75,650,12200
20231004,11:49:08,1563.75,450,12200
20231004,11:49:53,1563.75,50,12200
20231004,11:50:00,1563.75,50,12200
20231004,11:50:06,1563.75,150,12200
20231004,11:53:13,1557.05,100,13750
20231004,11:54:17,1554.25,100,13850
20231004,11:54:30,1555.1,50,13850
20231004,11:54:37,1551.25,50,13850
20231004,11:55:06,1551.2,100,13850
20231004,12:03:50,1551.2,100,14150
20231004,12:07:33,1551.2,50,14250
20231004,12:11:13,1551.2,250,14300
20231004,12:29:53,1551.2,600,14550
20231004,12:29:59,1551.2,200,15150
20231004,12:30:06,1551.2,100,15150
20231004,12:30:12,1551.2,100,15150
20231004,12:30:38,1551.0,350,15150
20231004,12:32:51,1542.05,50,15150
20231004,12:32:54,1542.0,50,15150
20231004,12:32:59,1541.8,200,15800
20231004,12:47:27,1541.8,150,16000
20231004,13:00:36,1553.1,50,16100
20231004,13:04:00,1547.0,50,16150
20231004,13:16:30,1548.6,50,16200
20231004,13:18:53,1553.45,50,16250
20231004,13:18:59,1553.25,50,16250
20231004,13:19:05,1555.15,50,16250
20231004,13:19:11,1554.25,50,16250
20231004,13:19:22,1554.0,50,16250
20231004,13:19:23,1554.0,50,16250
20231004,13:20:11,1561.4,50,16250
20231004,13:21:08,1560.15,50,16600
20231004,13:22:28,1553.45,50,16600
20231004,13:45:27,1551.4,50,16700
20231004,14:09:25,1567.0,100,16750
20231004,14:33:32,1570.0,50,16850
20231004,14:41:18,1587.0,50,16900
20231004,14:46:09,1598.5,50,16950
20231004,14:46:23,1599.0,50,16950
20231004,14:54:21,1599.0,50,17050
20231004,15:03:29,1597.0,100,17100
20231004,15:05:48,1607.25,50,17100
20231004,15:06:29,1609.1,50,17250
20231004,15:23:18,1609.1,100,17250
20231005,09:34:32,1652.0,1,17250
20231005,09:34:32,1652.0,50,17250
20231005,09:34:38,1652.0,50,17250
20231005,13:30:38,1659.75,50,17350
20231005,13:33:55,1666.0,50,17400
20231005,14:22:35,1666.0,100,17450
20231005,15:24:29,1664.45,50,17400
20231005,15:24:34,1666.8,50,17400
20231005,15:24:39,1666.8,100,17400
20231005,15:24:45,1666.3,100,17400
20231005,15:24:50,1666.3,100,17400
20231005,15:24:51,1666.3,50,17400
20231005,15:24:53,1667.95,50,17400
20231005,15:24:54,1667.95,50,17400
20231005,15:24:57,1666.05,50,17400
20231005,15:25:00,1665.65,50,17400
20231005,15:25:02,1665.6,50,17400
20231005,15:25:04,1665.4,50,17400
20231005,15:25:07,1663.1,50,17400
20231005,15:25:09,1665.4,50,17400
20231005,15:25:12,1664.45,50,17400
20231005,15:25:14,1664.45,50,17400
20231005,15:25:18,1664.45,50,17400
20231005,15:25:21,1664.45,50,17400
20231005,15:25:28,1634.1,50,17400
20231006,09:58:38,1680.0,1,18450
20231006,09:58:38,1680.0,50,18450
20231006,09:59:48,1680.0,50,18500
20231006,10:05:11,1680.0,50,18550
20231006,10:05:50,1680.0,50,18600
20231006,10:24:43,1690.0,50,18650
20231006,10:25:19,1690.0,50,18650
20231006,10:41:13,1698.25,50,18750
20231006,12:15:11,1704.05,50,18800
20231006,12:15:16,1704.45,50,18800
20231006,12:45:55,1713.0,50,18900
20231006,12:45:56,1713.0,50,18900
20231006,12:46:28,1713.0,50,18900
20231006,12:46:54,1710.55,50,18900
20231006,12:47:27,1710.15,50,18900
20231006,12:47:29,1710.0,50,18900
20231006,12:47:50,1710.0,50,19200
20231006,12:55:15,1720.75,50,19250
20231006,13:03:46,1720.75,50,19300
20231006,14:29:45,1711.55,50,19350
20231006,14:29:46,1711.55,50,19350
20231009,09:21:50,1621.0,1,19450
20231009,09:21:50,1621.0,150,19450
20231009,09:22:24,1618.4,50,19450
20231009,09:26:03,1618.4,100,19650
20231009,09:26:09,1625.0,50,19650
20231009,09:26:10,1625.0,50,19650
20231009,09:26:11,1625.0,50,19650
20231009,09:26:22,1625.0,100,19650
20231009,09:26:27,1625.0,50,19650
20231009,09:41:09,1649.3,250,20050
20231009,09:42:27,1654.35,100,20300
20231009,09:43:16,1654.35,150,20300
20231009,09:43:59,1650.0,100,20300
20231009,09:45:42,1650.0,150,20650
20231009,09:46:19,1656.3,100,20650
20231009,09:47:49,1669.35,100,20900
20231009,09:50:03,1669.35,100,20900
20231009,09:50:04,1669.0,50,20900
20231009,09:50:40,1658.5,100,21150
20231009,09:51:37,1674.6,100,21150
20231009,09:52:42,1675.95,50,21150
20231009,09:53:15,1675.95,100,21150
20231009,09:54:21,1675.1,100,21500
20231009,09:54:23,1675.1,100,21500
20231009,09:54:43,1671.6,100,21500
20231009,09:55:15,1671.0,100,21500
20231009,09:55:37,1667.65,100,21500
20231009,09:55:52,1664.45,100,21500
20231009,09:56:58,1663.0,50,22100
20231009,09:57:59,1669.05,100,22100
20231009,09:58:40,1665.2,100,22100
20231009,10:33:47,1675.0,50,22350
20231009,10:38:22,1660.0,200,22400
20231009,10:38:23,1660.0,100,22400
20231009,10:45:04,1676.85,50,22700
20231009,10:49:08,1676.85,100,22700
20231009,10:52:00,1662.1,100,22800
20231009,10:58:45,1680.0,150,22900
20231009,10:58:46,1680.0,50,22900
20231009,10:58:47,1680.0,100,22900
20231009,10:58:49,1680.0,200,22900
20231009,10:58:50,1680.0,100,22900
20231009,10:58:51,1680.0,250,22900
20231009,10:58:52,1680.0,250,22900
20231009,10:58:53,1680.0,250,22900
20231009,10:58:54,1680.0,50,22900
20231009,10:58:55,1680.0,150,22900
20231009,10:59:00,1680.0,250,22900
20231009,10:59:19,1680.0,100,22900
20231009,10:59:20,1680.0,50,22900
20231009,10:59:21,1680.0,100,22900
20231009,10:59:53,1680.0,100,24750
20231009,11:06:07,1680.0,300,24850
20231009,11:06:12,1680.0,300,24850
20231009,11:06:58,1680.0,450,24850
20231009,11:07:03,1680.0,900,24850
20231009,11:07:04,1680.0,100,24850
20231009,11:08:35,1687.9,50,24850
20231009,11:12:14,1687.9,50,26900
20231009,11:13:09,1680.0,150,26900
20231009,11:13:10,1680.0,100,26900
20231009,11:13:11,1680.0,100,26900
20231009,11:13:17,1680.0,50,26900
20231009,11:13:26,1680.0,150,26900
20231009,11:13:28,1680.0,200,26900
20231009,11:13:32,1680.0,200,26900
20231009,11:13:34,1680.0,500,26900
20231009,11:14:24,1680.0,100,26900
20231009,11:15:54,1680.0,50,27650
20231009,11:23:29,1687.0,100,27650
20231009,11:24:11,1687.0,50,27700
20231009,11:33:55,1694.7,50,27750
20231009,11:34:16,1694.7,50,27750
20231009,11:34:31,1692.75,50,27750
20231009,11:38:49,1692.7,50,27850
20231009,11:39:22,1692.7,50,27850
20231009,11:47:34,1699.0,100,27950
20231009,11:47:39,1699.0,50,27950
20231009,11:47:44,1698.8,50,27950
20231009,12:00:07,1694.5,50,28150
20231009,12:07:25,1686.9,100,28150
20231009,12:12:01,1693.4,50,28250
20231009,12:15:49,1686.1,100,28250
20231009,12:17:23,1684.0,100,28250
20231009,12:19:00,1680.0,900,28450
20231009,12:19:07,1680.0,150,28450
20231009,12:20:17,1680.0,50,28450
20231009,13:22:17,1659.1,100,29450
20231009,13:27:01,1659.65,50,29550
20231009,13:31:49,1674.3,50,29550
20231009,13:32:01,1674.3,100,29600
20231009,13:32:29,1668.95,50,29600
20231009,13:32:34,1668.95,50,29600
20231009,14:17:31,1653.3,100,29750
20231009,14:24:35,1667.3,100,29850
20231009,14:24:47,1665.25,350,29850
20231009,14:24:52,1669.7,150,29850
20231009,14:24:58,1669.7,50,29850
20231009,14:25:03,1663.15,150,29850
20231009,14:25:05,1663.15,50,29850
20231009,14:25:14,1662.05,50,29850
20231009,14:25:15,1661.45,100,29850
20231009,14:25:18,1662.3,50,29850
20231009,14:25:19,1662.95,50,29850
20231009,14:25:24,1664.7,50,29850
20231009,14:25:26,1664.7,50,29850
20231009,14:25:28,1664.85,100,29850
20231009,14:25:29,1664.85,50,29850
20231009,14:25:31,1664.85,50,29850
20231009,14:25:34,1664.85,50,29850
20231009,14:29:43,1689.6,100,31100
20231009,14:29:57,1689.55,100,31100
20231009,14:30:04,1689.55,50,31100
20231009,14:30:30,1670.65,50,31300
20231009,14:30:35,1671.1,50,31300
20231009,14:30:44,1671.4,150,31300
20231009,14:30:45,1671.6,200,31300
20231009,14:30:47,1671.5,150,31300
20231009,14:30:49,1671.65,50,31300
20231009,14:30:51,1671.75,50,31300
20231009,14:30:52,1671.75,150,31300
20231009,14:30:53,1671.75,50,31300
20231009,14:30:54,1671.75,50,31300
20231009,14:30:55,1671.75,50,31300
20231009,14:30:56,1671.75,50,31300
20231009,14:31:17,1672.3,50,31300
20231009,14:31:29,1673.05,50,31300
20231009,14:33:39,1671.4,50,32300
20231009,14:33:45,1673.05,100,32300
20231009,14:33:51,1673.05,150,32300
20231009,14:33:57,1679.2,200,32300
20231009,14:34:03,1676.9,50,32300
20231009,14:34:07,1676.9,50,32300
20231009,14:34:13,1676.1,50,32300
20231009,14:34:26,1676.1,50,32300
20231009,14:34:27,1676.1,50,32300
20231009,14:34:28,1676.1,50,32300
20231009,14:34:37,1676.1,50,32300
20231009,14:35:05,1676.1,50,32300
20231009,14:35:20,1676.8,50,32300
20231009,14:35:35,1678.1,50,32300
20231009,14:35:46,1685.35,100,32300
20231009,14:35:56,1679.8,100,32300
20231009,14:36:00,1682.85,50,32300
20231009,14:36:18,1681.35,50,33350
20231009,14:36:24,1683.8,50,33350
20231009,14:52:16,1680.2,50,33450
20231009,14:52:28,1680.0,50,33450
20231009,14:53:49,1679.7,50,33450
20231009,14:53:55,1679.7,100,33450
20231009,14:54:00,1679.7,100,33450
20231009,14:56:24,1680.25,50,33750
20231009,14:56:35,1681.0,50,33750
20231009,14:56:41,1681.0,50,33750
20231009,14:57:11,1680.25,50,33750
20231009,15:00:15,1683.75,50,33950
20231009,15:00:22,1683.7,150,33950
20231009,15:00:28,1683.8,100,33950
20231009,15:00:35,1683.7,50,33950
20231009,15:00:49,1683.7,50,33950
20231009,15:01:01,1683.7,50,33950
20231009,15:01:09,1683.7,50,33950
20231009,15:01:13,1683.3,50,33950
20231009,15:01:26,1682.65,100,33950
20231009,15:01:30,1683.3,50,33950
20231009,15:01:48,1686.75,50,33950
20231009,15:01:51,1683.65,50,33950
20231009,15:02:16,1686.1,100,33950
20231009,15:02:23,1686.75,50,33950
20231009,15:02:44,1686.75,50,33950
20231009,15:02:47,1686.8,50,33950
20231009,15:02:52,1669.9,50,33950
20231009,15:02:53,1669.9,50,33950
20231009,15:03:16,1689.75,100,34800
20231009,15:03:20,1686.6,250,34800
20231009,15:03:22,1686.65,250,34800
20231009,15:03:23,1686.7,200,34800
20231009,15:03:28,1669.95,200,34800
20231009,15:03:32,1668.5,50,34800
20231009,15:03:48,1686.35,200,34800
20231009,15:03:50,1669.95,50,34800
20231009,15:03:52,1685.1,250,34800
20231009,15:04:12,1685.5,150,34800
20231009,15:04:21,1685.2,200,34800
20231009,15:04:25,1685.1,100,34800
20231009,15:05:08,1684.4,50,34800
20231009,15:05:33,1686.75,200,34800
20231009,15:05:45,1685.05,100,34800
20231009,15:06:26,1683.95,400,35500
20231009,15:09:49,1674.5,500,35650
20231009,15:11:28,1677.8,50,35650
20231009,15:14:10,1679.55,150,35700
20231009,15:14:10,1670.6,50,35700
20231009,15:14:15,1670.6,50,35700
20231009,15:14:19,1670.8,50,35700
20231009,15:14:24,1670.8,50,35700
20231009,15:14:26,1682.9,250,35700
20231009,15:17:17,1671.3,50,36100
20231009,15:17:22,1674.0,150,36100
20231009,15:17:39,1673.8,50,36100
20231009,15:17:44,1673.15,150,36100
20231009,15:17:55,1673.15,100,36100
20231009,15:19:16,1672.35,50,36600
20231009,15:19:21,1670.05,100,36600
20231009,15:19:27,1670.05,100,36600
20231009,15:19:32,1670.05,50,36600
20231009,15:19:38,1670.05,50,36600
20231009,15:19:44,1670.05,50,36600
20231009,15:19:49,1670.05,50,36600
20231009,15:20:08,1670.05,50,36600
20231009,15:20:58,1672.55,50,36600
20231009,15:21:35,1668.75,50,37100
20231009,15:25:06,1670.0,50,37100
20231009,15:25:37,1669.25,50,37100
20231009,15:27:32,1665.35,50,37100
20231009,15:27:56,1667.85,100,37100
20231009,15:28:16,1667.6,50,37100
20231009,15:28:23,1667.0,50,37100
20231010,09:31:37,1679.35,1,37100
20231010,09:31:37,1679.35,50,37100
20231010,10:12:58,1729.5,50,37100
20231010,10:47:05,1767.3,50,37150
20231010,11:13:12,1767.3,100,37150
20231010,11:13:14,1764.8,50,37150
20231010,12:33:35,1777.9,50,37150
20231010,13:19:33,1798.35,50,37200
20231010,13:47:41,1808.4,50,37200
20231010,14:18:16,1835.95,100,37250
20231010,14:24:40,1835.95,100,37250
20231010,14:25:36,1835.9,50,37250
20231010,14:26:34,1835.9,50,37250
20231010,14:26:47,1835.95,50,37250
20231010,14:28:52,1819.25,50,37250
20231010,14:29:41,1819.9,50,37300
20231010,14:30:11,1815.25,50,37300
20231010,14:30:44,1815.65,50,37450
20231010,14:31:14,1819.05,50,37450
20231010,14:32:47,1820.0,50,37450
20231010,14:33:49,1820.0,50,37600
20231010,14:36:44,1820.0,50,37650
20231010,14:37:26,1820.0,50,37650
20231011,11:01:31,1902.15,1,37750
20231011,11:01:31,1900.0,200,37750
20231011,11:07:01,1904.85,50,37900
20231011,11:08:06,1904.85,50,37900
20231011,11:42:39,1906.2,50,37900
20231011,12:36:10,1906.2,150,38000
20231011,13:09:10,1911.95,100,38100
20231011,13:09:10,1896.0,100,38100
20231011,14:16:06,1895.0,100,38200
20231011,14:17:28,1889.0,100,38200
20231011,14:19:22,1889.0,100,38400
20231011,14:36:26,1899.2,50,38500
20231012,10:42:29,1905.0,1,38550
20231012,10:42:29,1905.0,50,38550
20231012,12:47:40,1894.45,50,38550
20231012,14:07:02,1894.45,50,38500
20231012,14:33:46,1905.0,50,38500
20231012,15:03:46,1887.8,50,38500
20231013,09:34:25,1812.3,1,38450
20231013,09:34:25,1812.3,50,38450
20231013,09:51:01,1803.15,50,38400
20231013,09:56:11,1802.2,50,38400
20231013,10:18:30,1784.5,50,38350
20231013,10:24:51,1784.5,50,38300
20231013,10:34:13,1790.75,50,38300
20231013,11:18:43,1789.1,150,38250
20231013,11:24:33,1789.1,50,38250
20231013,11:36:43,1791.3,50,38250
20231013,12:20:27,1785.0,50,38250
20231013,12:20:40,1785.4,100,38250
20231013,14:04:04,1830.0,50,38150
20231013,14:17:01,1836.0,100,38150
20231013,14:19:01,1846.3,150,38250
20231013,14:19:43,1842.7,100,38250
20231013,15:10:53,1815.0,50,38250
20231013,15:13:04,1810.0,50,38200
20231013,15:14:27,1815.2,50,38200
20231013,15:18:10,1802.7,50,38150
20231016,12:00:49,1843.95,1,38150
20231016,12:00:49,1843.95,50,38150
20231017,12:48:30,1890.0,1,38100
20231017,12:48:30,1890.0,50,38100
20231017,12:51:54,1889.8,50,38150
20231018,15:06:15,1796.7,1,38150
20231018,15:06:15,1796.7,50,38150
20231019,09:26:46,1677.05,1,38100
20231019,09:26:46,1677.05,50,38100
20231019,09:58:28,1701.0,50,38150
20231019,09:58:46,1701.0,50,38150
20231019,11:25:45,1701.0,50,38150
20231019,11:27:13,1701.0,50,38250
20231019,12:12:56,1748.75,100,38300
20231019,12:29:48,1748.75,50,38350
20231019,13:24:18,1709.0,100,38350
20231019,13:24:31,1708.95,50,38350
20231019,13:24:43,1709.0,100,38350
20231019,13:30:25,1719.0,50,38450
20231019,14:11:55,1730.4,100,38500
20231019,14:57:19,1735.3,50,38600
20231019,14:57:20,1736.0,50,38600
20231019,14:58:00,1736.5,150,38600
20231020,11:10:57,1669.25,1,38600
20231020,11:10:57,1668.95,1,38600
20231020,11:10:57,1669.0,250,38600
20231020,11:45:50,1659.3,50,38600
20231020,11:45:58,1657.55,150,38750
20231020,11:49:16,1657.55,50,38750
20231020,12:39:06,1701.45,100,38950
20231020,12:52:57,1665.95,50,39050
20231020,12:57:16,1664.95,50,39050
20231020,13:33:08,1665.0,50,39050
20231020,13:46:43,1657.95,100,39050
20231020,13:59:49,1660.25,100,39150
20231020,14:05:19,1657.25,100,39250
20231020,15:05:21,1657.25,100,39350
20231020,15:05:45,1659.35,50,39350
20231020,15:07:44,1653.8,50,39350
20231020,15:19:31,1650.0,50,39350
20231020,15:22:37,1647.75,50,39400
20231023,10:30:33,1594.0,1,39400
20231023,10:30:33,1594.0,50,39400
20231023,10:32:00,1594.0,50,39400
20231023,10:44:56,1590.05,50,39350
20231023,10:45:32,1590.05,50,39350
20231023,10:51:14,1596.9,50,39450
20231023,10:55:50,1603.0,50,39450
20231023,11:00:10,1603.75,100,39400
20231023,11:11:28,1603.75,100,39500
20231023,11:53:03,1580.0,50,39600
20231023,12:00:42,1580.0,150,39600
20231023,12:00:44,1600.9,150,39600
20231023,12:05:14,1593.0,150,39750
20231023,12:08:29,1590.0,150,39750
20231023,12:09:41,1597.0,150,39750
20231023,12:22:12,1573.05,50,39750
20231023,13:01:05,1573.05,50,39800
20231023,13:14:23,1561.95,50,39800
20231023,13:14:58,1560.7,50,39800
20231023,13:19:03,1560.7,50,39800
20231023,13:19:20,1573.8,50,39800
20231023,13:32:24,1565.0,50,39800
20231023,13:38:09,1554.95,50,39800
20231023,13:52:07,1554.95,50,39800
20231023,14:00:24,1560.0,50,39800
20231023,14:22:07,1560.0,50,39800
20231023,14:22:13,1560.0,250,39800
20231023,14:22:26,1560.0,200,39800
20231023,14:22:39,1560.0,200,39800
20231023,14:22:45,1560.0,450,39800
20231023,14:23:23,1560.05,50,39800
20231023,14:26:40,1550.0,50,40900
20231023,14:27:22,1550.0,50,40900
20231023,14:30:58,1550.0,50,40850
20231023,14:34:12,1540.0,50,40800
20231023,14:44:39,1518.0,100,40750
20231023,14:54:59,1504.0,50,40850
20231023,14:55:33,1500.9,50,40850
20231023,14:58:23,1500.0,100,40850
20231023,15:00:13,1493.7,50,40850
20231023,15:02:14,1477.85,50,40850
20231023,15:10:22,1470.0,100,40850
20231023,15:12:46,1460.95,100,40800
20231023,15:19:21,1460.0,100,40700
20231023,15:19:34,1460.0,300,40700
20231023,15:19:41,1463.45,250,40700
20231023,15:19:47,1462.2,100,40700
20231023,15:19:54,1464.4,100,40700
20231023,15:20:00,1462.8,150,40700
20231023,15:20:38,1469.05,50,40700
20231023,15:24:11,1468.9,50,40650
20231023,15:24:20,1467.0,50,40650
20231023,15:24:32,1467.15,50,40700
20231023,15:24:38,1467.2,50,40700
20231023,15:26:10,1466.45,100,40700
20231023,15:27:01,1466.95,200,40700
20231023,15:27:08,1470.0,100,40700
20231023,15:27:15,1470.0,100,40700
20231023,15:27:41,1470.0,300,40700
20231023,15:28:46,1466.95,50,40850
20231025,09:15:10,1467.0,1,40850
20231025,09:15:10,1467.0,50,40850
20231025,09:21:51,1486.9,100,40850
20231025,09:22:04,1509.95,50,40850
20231025,09:22:37,1509.95,100,40850
20231025,09:23:42,1487.0,100,40850
20231025,09:23:55,1485.0,50,40850
20231025,09:24:14,1492.0,50,40850
20231025,09:26:45,1480.25,100,40850
20231025,09:28:14,1460.0,50,40850
20231025,09:31:43,1460.0,50,41000
20231025,09:32:31,1490.0,50,41000
20231025,09:33:46,1480.3,50,41100
20231025,09:41:10,1494.3,50,41150
20231025,09:42:43,1494.3,50,41150
20231025,09:43:50,1493.8,100,41150
20231025,09:51:27,1509.7,50,41150
20231025,09:51:54,1507.05,50,41150
20231025,09:56:27,1495.35,50,41150
20231025,10:28:08,1491.55,50,41150
20231025,10:49:45,1470.0,50,41150
20231025,11:03:28,1470.0,50,41150
20231025,11:05:58,1452.0,250,41150
20231025,11:06:03,1452.0,50,41150
20231025,11:11:17,1452.0,50,41400
20231025,11:16:07,1452.0,100,41400
20231025,11:27:35,1455.0,100,41400
20231025,11:27:41,1455.0,300,41400
20231025,11:30:07,1445.0,50,41450
20231025,11:35:18,1440.0,50,41450
20231025,11:40:23,1440.0,50,41500
20231025,11:42:58,1439.9,100,41500
20231025,11:44:29,1433.5,50,41500
20231025,11:44:43,1433.5,50,41500
20231025,11:45:58,1440.0,50,41550
20231025,11:47:30,1445.0,100,41550
20231025,11:59:15,1455.0,50,41650
20231025,12:02:22,1450.0,50,41650
20231025,12:04:05,1451.3,50,41650
20231025,12:04:54,1450.25,50,41650
20231025,12:08:12,1428.65,50,41650
20231025,12:11:04,1428.65,50,41650
20231025,12:12:46,1445.0,50,41600
20231025,12:14:08,1445.5,50,41600
20231025,12:14:53,1411.75,150,41600
20231025,12:20:34,1411.75,50,41700
20231025,12:31:09,1420.0,50,41700
20231025,12:41:29,1402.25,50,41650
20231025,12:43:28,1391.7,50,41650
20231025,12:44:40,1388.9,50,41650
20231025,12:44:47,1386.4,100,41650
20231025,12:50:07,1386.0,150,41650
20231025,12:50:33,1386.0,150,41650
20231025,12:52:59,1367.5,50,41650
20231025,12:53:43,1358.4,50,41650
20231025,12:54:05,1349.2,50,41700
20231025,12:55:04,1349.2,50,41700
20231025,12:56:02,1349.95,50,41700
20231025,12:59:37,1340.7,50,41700
20231025,12:59:43,1340.7,50,41800
20231025,13:05:34,1351.5,50,41900
20231025,13:06:01,1359.9,50,41900
20231025,13:07:01,1352.0,50,41950
20231025,13:09:33,1365.25,200,41950
20231025,13:09:39,1365.35,150,41950
20231025,13:09:46,1368.9,50,41950
20231025,13:09:53,1366.15,50,41950
20231025,13:17:32,1373.65,50,41950
20231025,13:21:25,1363.05,50,42250
20231025,13:21:39,1369.95,50,42250
20231025,13:21:46,1370.3,150,42250
20231025,13:29:28,1375.95,50,42450
20231025,13:29:49,1372.0,100,42450
20231025,13:30:44,1375.95,50,42550
20231025,13:31:05,1377.0,50,42550
20231025,13:31:12,1377.0,50,42550
20231025,13:37:11,1356.85,50,42700
20231025,13:37:17,1356.45,200,42700
20231025,13:37:24,1355.2,50,42700
20231025,13:38:21,1357.9,50,42700
20231025,13:39:07,1361.4,100,42700
20231025,13:39:20,1358.55,50,43000
20231025,13:39:45,1362.45,200,43000
20231025,13:40:05,1360.75,200,43000
20231025,13:40:17,1370.2,100,43000
20231025,13:40:30,1366.7,300,43000
20231025,13:40:36,1361.2,50,43000
20231025,13:40:49,1364.85,150,43000
20231025,13:40:55,1364.1,200,43000
20231025,13:41:02,1363.7,250,43000
20231025,13:41:09,1364.35,150,43000
20231025,13:41:15,1355.7,300,43000
20231025,13:41:22,1362.6,50,43000
20231025,13:41:28,1354.05,200,43000
20231025,13:41:34,1359.45,200,43000
20231025,13:41:41,1355.95,100,43000
20231025,13:41:48,1358.65,250,43000
20231025,13:41:54,1359.2,50,43000
20231025,13:42:19,1351.85,100,45750
20231025,13:42:26,1349.4,100,45750
20231025,13:42:51,1359.15,100,45750
20231025,13:42:58,1346.95,350,45750
20231025,13:43:05,1353.05,200,45750
20231025,13:43:11,1349.4,350,45750
20231025,13:43:18,1352.05,150,45750
20231025,13:43:24,1347.5,300,45750
20231025,13:43:31,1344.8,150,45750
20231025,13:43:37,1348.45,100,45750
20231025,13:43:44,1346.35,150,45750
20231025,13:43:47,1348.4,50,45750
20231025,13:43:49,1348.3,50,45750
20231025,13:43:50,1348.05,100,45750
20231025,13:43:55,1340.05,50,45750
20231025,13:44:00,1340.05,50,45750
20231025,13:44:01,1346.05,50,45750
20231025,13:44:02,1347.0,50,45750
20231025,13:44:04,1347.1,50,45750
20231025,13:44:05,1347.15,150,45750
20231025,13:44:07,1346.85,50,45750
20231025,13:44:08,1345.45,50,45750
20231025,13:44:10,1345.35,100,45750
20231025,13:44:11,1344.95,150,45750
20231025,13:44:13,1343.2,150,45750
20231025,13:44:16,1343.0,100,45750
20231025,13:44:18,1343.2,100,45750
20231025,13:44:19,1343.3,100,45750
20231025,13:44:21,1343.35,100,45750
20231025,13:44:24,1343.05,50,45750
20231025,13:44:25,1343.5,50,45750
20231025,13:44:26,1343.2,100,45750
20231025,13:44:27,1343.2,100,45750
20231025,13:44:28,1343.75,50,45750
20231025,13:44:30,1338.0,100,45750
20231025,13:44:31,1338.0,50,45750
20231025,13:44:32,1343.0,50,45750
20231025,13:44:33,1343.4,100,45750
20231025,13:44:34,1342.75,50,45750
20231025,13:44:35,1341.5,100,45750
20231025,13:44:36,1342.5,50,45750
20231025,13:44:37,1343.9,50,45750
20231025,13:44:38,1342.85,100,45750
20231025,13:44:41,1342.3,150,45750
20231025,13:44:42,1342.85,50,45750
20231025,13:44:43,1342.0,50,45750
20231025,13:44:44,1342.0,50,45750
20231025,13:44:45,1344.1,50,45750
20231025,13:44:47,1344.65,50,45750
20231025,13:44:48,1342.85,50,45750
20231025,13:44:49,1342.55,100,45750
20231025,13:44:51,1342.3,100,45750
20231025,13:44:52,1342.0,50,45750
20231025,13:44:53,1342.55,50,45750
20231025,13:44:54,1343.1,50,45750
20231025,13:44:55,1342.9,100,45750
20231025,13:44:57,1343.9,100,45750
20231025,13:44:58,1344.4,50,45750
20231025,13:44:59,1344.95,50,45750
20231025,13:45:00,1345.0,50,45750
20231025,13:45:01,1346.0,50,45750
20231025,13:45:54,1345.05,50,45750
20231025,13:46:01,1345.0,100,51250
20231025,13:48:13,1347.7,50,51400
20231025,13:48:40,1359.75,50,51400
20231025,13:48:54,1340.2,50,51400
20231025,13:49:08,1335.75,100,51400
20231025,13:49:22,1333.85,100,51400
20231025,13:49:29,1337.5,200,51400
20231025,13:49:36,1337.9,100,51400
20231025,13:49:57,1334.7,50,51400
20231025,13:50:04,1332.7,50,51400
20231025,13:50:18,1332.7,100,51400
20231025,13:52:30,1344.9,50,52050
20231025,13:52:50,1575.0,400,52050
20231025,13:55:33,1575.0,50,52400
20231025,13:55:34,1364.55,100,52400
20231025,13:55:37,1364.5,50,52400
20231025,13:55:51,1367.05,50,52400
20231025,13:55:55,1365.0,50,52400
20231025,13:55:59,1367.05,50,52400
20231025,13:56:02,1365.05,50,52400
20231025,13:56:10,1364.5,50,52400
20231025,13:56:44,1369.4,150,52400
20231025,13:56:51,1370.2,100,52400
20231025,13:57:06,1376.25,50,52400
20231025,13:57:42,1378.55,50,52900
20231025,13:59:00,1375.0,50,52900
20231025,13:59:10,1385.45,50,52900
20231025,14:02:39,1371.7,50,53050
20231025,14:03:18,1367.2,50,53100
20231025,14:04:30,1375.2,50,53100
20231025,14:05:06,1375.25,50,53100
20231025,14:06:01,1370.0,100,53100
20231025,14:09:56,1370.0,50,53350
20231025,14:13:40,1390.0,50,53400
20231025,14:17:53,1393.15,50,53400
20231025,14:18:09,1380.0,50,53350
20231025,14:18:50,1381.15,50,53400
20231025,14:19:16,1376.45,50,53400
20231025,14:19:36,1376.3,50,53400
20231025,14:19:48,1374.8,50,53400
20231025,14:19:55,1373.45,200,53400
20231025,14:20:33,1375.45,50,53400
20231025,14:21:07,1376.95,50,53400
20231025,14:21:13,1374.6,50,53400
20231025,14:23:39,1369.95,100,53950
20231025,14:34:34,1360.75,50,53950
20231025,14:35:54,1366.45,100,53950
20231025,14:36:33,1361.1,50,54100
20231025,14:36:40,1356.6,50,54100
20231025,14:36:50,1351.25,50,54100
20231025,14:36:54,1352.45,50,54100
20231025,14:36:59,1348.5,50,54100
20231025,14:37:00,1349.05,50,54100
20231025,14:37:14,1348.25,50,54100
20231025,14:37:16,1349.8,50,54100
20231025,14:37:29,1349.75,50,54100
20231025,14:37:54,1350.75,50,54100
20231025,14:38:00,1348.85,100,54100
20231025,14:38:21,1348.75,100,54100
20231025,14:48:48,1363.45,50,54800
20231025,14:53:20,1368.95,50,54800
20231025,14:53:21,1369.0,50,54800
20231025,14:53:54,1377.0,50,54800
20231025,15:05:56,1365.0,50,54950
20231025,15:06:28,1362.2,50,55000
20231025,15:07:08,1352.5,50,55000
20231025,15:07:53,1357.8,50,55000
20231025,15:07:59,1355.8,50,55000
20231025,15:10:28,1358.05,50,55200
20231025,15:11:53,1359.35,50,55200
20231025,15:13:57,1354.55,100,55300
20231025,15:14:29,1353.7,50,55300
20231025,15:16:04,1353.7,50,55450
20231025,15:16:23,1352.4,150,55450
20231025,15:16:29,1352.35,50,55450
20231025,15:16:36,1351.25,50,55450
20231025,15:16:42,1350.6,50,55450
20231025,15:16:49,1350.3,50,55450
20231025,15:16:55,1349.5,50,55450
20231025,15:17:43,1345.95,150,55450
20231025,15:17:48,1345.55,50,55450
20231025,15:18:32,1343.0,50,56000
20231025,15:18:37,1347.05,50,56000
20231025,15:18:38,1346.35,50,56000
20231025,15:19:00,1343.1,50,56000
20231025,15:19:43,1343.3,50,56000
20231025,15:19:46,1343.0,50,56000
20231025,15:19:49,1343.25,50,56000
20231025,15:20:18,1344.1,50,56000
20231025,15:20:42,1345.2,50,56000
20231025,15:20:45,1345.2,50,56000
20231025,15:20:46,1342.6,50,56000
20231025,15:20:52,1342.55,50,56000
20231025,15:21:14,1342.1,50,56000
20231025,15:21:24,1341.35,50,56650
20231025,15:21:35,1345.2,400,56650
20231025,15:21:38,1345.2,100,56650
20231025,15:21:44,1345.25,200,56650
20231025,15:21:51,1345.25,50,56650
20231025,15:22:10,1345.25,100,56650
20231025,15:22:35,1345.25,50,56650
20231025,15:23:20,1347.75,50,56650
20231025,15:23:27,1348.0,50,56650
20231025,15:23:57,1350.65,50,56650
20231025,15:24:17,1348.9,50,56650
20231025,15:24:19,1348.95,50,56650
20231025,15:24:29,1348.95,50,57550
20231025,15:25:57,1350.55,100,57550
20231025,15:26:18,1350.55,150,57550
20231025,15:26:20,1350.55,150,57550
20231025,15:26:24,1350.55,150,57550
20231025,15:26:25,1350.55,150,57550
20231025,15:26:51,1350.55,300,57550
20231025,15:26:57,1350.55,150,57550
20231025,15:27:30,1350.55,50,58650
20231025,15:27:50,1350.55,200,58650
20231025,15:28:43,1350.55,50,58650
20231026,09:16:54,1308.1,1,58750
20231026,09:16:54,1308.1,50,58750
20231026,09:17:04,1283.9,100,58750
20231026,09:17:07,1283.9,50,58750
20231026,09:17:11,1285.45,50,58750
20231026,09:17:15,1290.1,50,58750
20231026,09:17:17,1289.8,50,58750
20231026,09:17:52,1289.5,50,59050
20231026,09:17:53,1289.5,50,59050
20231026,09:17:53,1289.45,50,59050
20231026,09:18:53,1287.95,50,59050
20231026,09:18:54,1289.4,50,59050
20231026,09:19:07,1283.95,50,59050
20231026,09:19:49,1282.25,50,59050
20231026,09:20:00,1280.65,50,59050
20231026,09:20:47,1267.0,50,59050
20231026,09:20:48,1266.45,50,59400
20231026,09:20:59,1266.45,50,59400
20231026,09:21:02,1266.7,50,59400
20231026,09:21:04,1269.0,50,59400
20231026,09:21:06,1269.0,50,59400
20231026,09:21:07,1269.0,50,59400
20231026,09:21:08,1264.65,50,59400
20231026,09:21:11,1264.65,100,59400
20231026,09:21:13,1269.65,50,59400
20231026,09:21:16,1266.85,50,59400
20231026,09:21:18,1269.2,50,59400
20231026,09:21:20,1266.85,50,59400
20231026,09:21:23,1263.2,50,59400
20231026,09:21:25,1263.1,50,59400
20231026,09:21:29,1263.1,50,59400
20231026,09:21:33,1257.2,200,59400
20231026,09:21:35,1257.85,50,59400
20231026,09:21:42,1264.8,50,59400
20231026,09:21:47,1252.65,50,59400
20231026,09:21:53,1252.65,50,59400
20231026,09:21:56,1258.2,50,59400
20231026,09:21:59,1258.0,50,59400
20231026,09:22:01,1259.1,50,59400
20231026,09:22:06,1260.0,50,59400
20231026,09:22:09,1260.45,50,59400
20231026,09:22:14,1257.9,50,59400
20231026,09:22:18,1257.9,50,59400
20231026,09:22:21,1258.0,50,59400
20231026,09:23:32,1250.0,50,59400
20231026,09:23:46,1250.0,100,59400
20231026,09:23:53,1253.7,50,60950
20231026,09:24:01,1255.8,50,60950
20231026,09:24:09,1251.65,50,60950
20231026,09:24:46,1255.2,50,60950
20231026,09:24:53,1250.0,50,60950
20231026,09:25:28,1262.65,50,60950
20231026,09:25:31,1261.25,50,60950
20231026,09:25:34,1261.6,50,60950
20231026,09:25:37,1261.6,50,60950
20231026,09:25:40,1261.6,50,60950
20231026,09:26:26,1257.2,50,60950
20231026,09:26:27,1256.95,50,60950
20231026,09:26:31,1256.95,50,60950
20231026,09:26:33,1256.0,50,60950
20231026,09:26:36,1254.75,50,60950
20231026,09:26:39,1256.9,50,60950
20231026,09:26:41,1257.0,50,60950
20231026,09:26:46,1257.5,50,61800
20231026,09:26:58,1260.0,50,61800
20231026,09:27:07,1258.4,50,61800
20231026,09:27:25,1258.95,50,61800
20231026,09:27:33,1255.5,50,61800
20231026,09:27:40,1255.6,50,61800
20231026,09:27:49,1253.5,50,61800
20231026,09:27:51,1251.95,50,61800
20231026,09:27:52,1251.0,100,61800
20231026,09:27:54,1253.3,50,61800
20231026,09:27:58,1252.35,50,61800
20231026,09:28:00,1252.65,50,61800
20231026,09:28:03,1253.7,50,61800
20231026,09:28:59,1254.8,100,61800
20231026,09:29:43,1254.7,50,61800
20231026,09:29:48,1255.6,50,62650
20231026,09:29:54,1255.55,50,62650
20231026,09:29:58,1254.6,50,62650
20231026,09:31:50,1260.9,50,62650
20231026,09:35:00,1261.95,50,62850
20231026,09:40:09,1264.25,50,62900
20231026,09:40:13,1256.0,150,62900
20231026,09:41:05,1250.0,50,62900
20231026,09:47:24,1239.0,50,62950
20231026,09:50:54,1239.0,50,62950
20231026,09:52:39,1256.7,50,62950
20231026,09:54:05,1252.4,50,63050
20231026,09:56:03,1249.85,50,63050
20231026,09:56:10,1240.0,50,63050
20231026,10:00:07,1251.0,50,63150
20231026,10:00:21,1240.5,50,63150
20231026,10:01:20,1240.0,50,63150
20231026,10:01:34,1240.0,50,63150
20231026,10:06:43,1240.4,50,63250
20231026,10:09:43,1240.4,50,63250
20231026,10:13:39,1247.65,150,63250
20231026,10:14:07,1241.75,100,63250
20231026,10:14:30,1242.25,150,63250
20231026,10:14:37,1235.0,150,63250
20231026,10:17:51,1235.0,300,63150
20231026,10:20:56,1220.0,50,63050
20231026,10:23:39,1217.2,100,63100
20231026,10:26:47,1217.2,50,63150
20231026,10:26:51,1217.2,50,63150
20231026,10:27:14,1227.0,50,63200
20231026,10:34:43,1237.9,50,63200
20231026,10:36:01,1235.0,50,63150
20231026,10:37:30,1250.0,300,63150
20231026,10:39:24,1235.0,100,63400
20231026,10:39:43,1235.0,100,63400
20231026,10:42:13,1228.0,50,63600
20231026,10:46:25,1247.0,250,63600
20231026,10:56:19,1240.0,50,63600
20231026,11:01:15,1226.0,50,63400
20231026,11:04:40,1211.65,100,63400
20231026,11:13:26,1200.0,450,63400
20231026,11:14:28,1200.0,450,63400
20231026,11:19:37,1220.0,50,63550
20231026,11:23:59,1217.0,100,63550
20231026,11:24:19,1217.0,50,63550
20231026,11:24:26,1216.25,150,63550
20231026,11:24:47,1216.0,50,63550
20231026,11:29:57,1216.5,50,63550
20231026,11:30:04,1217.0,150,63750
20231026,11:30:19,1216.4,50,63750
20231026,11:34:27,1210.05,50,63800
20231026,11:34:53,1210.35,50,63800
20231026,11:35:25,1210.35,50,63800
20231026,11:40:25,1212.1,50,63850
20231026,11:41:54,1215.05,50,63850
20231026,11:46:10,1228.0,150,63900
20231026,11:52:35,1230.0,50,63750
20231026,11:54:40,1221.15,50,63750
20231026,11:55:39,1225.4,50,63750
20231026,11:57:19,1230.0,50,63850
20231026,12:02:48,1220.0,50,63850
20231026,12:06:01,1220.05,150,63900
20231026,12:07:17,1220.0,50,63850
20231026,12:18:25,1219.5,100,63900
20231026,12:19:49,1227.0,50,63900
20231026,12:43:32,1214.4,200,63900
20231026,12:44:30,1206.2,50,63850
20231026,12:47:20,1222.0,50,63850
20231026,12:47:48,1222.25,150,63850
20231026,12:47:49,1222.1,100,63850
20231026,12:47:54,1223.25,50,63850
20231026,12:47:55,1225.6,200,63850
20231026,12:48:01,1224.8,50,63850
20231026,12:48:03,1224.8,50,63850
20231026,12:48:21,1223.95,50,64200
20231026,12:48:21,1223.75,100,64200
20231026,12:48:24,1223.75,150,64200
20231026,12:48:26,1223.55,50,64200
20231026,12:48:27,1223.6,100,64200
20231026,12:48:30,1224.15,250,64200
20231026,12:48:31,1224.75,50,64200
20231026,12:48:33,1223.9,200,64200
20231026,12:48:36,1223.1,250,64200
20231026,12:48:39,1223.35,100,64200
20231026,12:48:40,1223.35,150,64200
20231026,12:48:57,1223.05,100,64200
20231026,12:48:58,1223.65,50,64200
20231026,12:49:18,1222.05,150,64200
20231026,12:49:20,1222.05,100,64200
20231026,12:49:22,1220.45,100,64200
20231026,12:49:23,1221.1,50,64200
20231026,12:49:58,1237.0,200,64200
20231026,13:05:40,1224.9,100,66000
20231026,13:07:20,1222.4,100,66000
20231026,13:11:57,1229.05,100,66000
20231026,13:13:53,1230.0,100,66000
20231026,13:13:54,1229.95,50,66000
20231026,13:14:13,1229.05,50,66000
20231026,13:14:36,1229.65,50,66000
20231026,13:17:34,1229.7,100,66000
20231026,13:17:35,1230.3,50,66200
20231026,13:17:38,1230.45,150,66200
20231026,13:17:39,1230.8,100,66200
20231026,13:17:42,1234.6,350,66200
20231026,13:17:44,1231.55,50,66200
20231026,13:17:45,1231.65,50,66200
20231026,13:17:46,1231.65,50,66200
20231026,13:17:47,1230.15,50,66200
20231026,13:17:48,1229.15,50,66200
20231026,13:17:53,1231.75,50,66200
20231026,13:17:55,1230.75,50,66200
20231026,13:18:00,1231.1,50,66200
20231026,13:18:01,1231.85,50,66200
20231026,13:18:15,1230.4,50,66200
20231026,13:18:18,1231.7,50,66950
20231026,13:18:21,1231.55,50,66950
20231026,13:18:23,1232.25,50,66950
20231026,13:18:25,1231.4,50,66950
20231026,13:18:29,1230.9,100,66950
20231026,13:18:36,1231.8,50,66950
20231026,13:18:38,1231.55,50,66950
20231026,13:18:44,1232.9,50,66950
20231026,13:18:48,1232.6,50,66950
20231026,13:24:39,1210.0,100,67450
20231026,13:26:30,1239.0,100,67450
20231026,13:31:26,1205.35,50,67550
20231026,13:32:53,1205.4,50,67550
20231026,13:34:16,1210.0,50,67550
20231026,13:35:41,1201.4,50,67500
20231026,13:37:58,1200.55,50,67550
20231026,13:38:33,1200.55,50,67550
20231026,13:41:23,1206.35,50,67550
20231026,13:41:49,1206.35,50,67550
20231026,13:44:51,1213.05,50,67450
20231026,13:44:52,1213.0,100,67450
20231026,13:45:44,1205.0,50,67550
20231026,14:01:02,1203.0,50,67600
20231026,14:01:13,1200.0,300,67600
20231026,14:01:31,1200.0,50,67600
20231026,14:02:28,1194.8,50,67600
20231026,14:03:58,1194.8,100,67650
20231026,14:04:10,1196.0,100,67650
20231026,14:10:14,1198.0,50,67750
20231026,14:12:52,1201.05,50,67750
20231026,14:20:17,1188.0,50,67750
20231026,14:24:26,1188.0,50,67750
20231026,14:25:34,1185.0,150,67800
20231026,14:27:19,1185.0,50,67800
20231026,14:34:33,1195.2,100,67850
20231026,14:39:34,1200.0,100,67850
20231026,14:39:41,1200.0,50,67950
20231026,14:44:37,1189.0,50,67950
20231026,14:47:44,1200.0,50,67950
20231026,14:53:20,1200.0,50,68000
20231026,14:53:49,1208.2,200,68000
20231026,14:54:23,1205.7,50,68000
20231026,14:55:39,1202.05,100,68250
20231026,14:55:40,1202.0,50,68250
20231026,14:55:43,1202.0,50,68250
20231026,14:55:45,1202.05,100,68250
20231026,14:56:42,1202.0,50,68250
20231026,14:56:56,1202.0,150,68250
20231026,14:57:02,1202.0,50,68250
20231026,14:58:10,1205.0,150,68450
20231026,14:58:42,1100.0,300,68450
20231026,15:05:16,1100.0,50,68450
20231026,15:05:36,1191.0,50,68450
20231026,15:06:02,1191.0,50,68450
20231026,15:06:47,1191.05,50,68450
20231026,15:06:54,1194.15,150,68450
20231026,15:07:28,1191.0,50,68450
20231026,15:07:42,1191.0,100,68450
20231026,15:07:50,1191.0,150,68450
20231026,15:08:44,1181.75,50,68450
20231026,15:09:11,1185.0,100,68450
20231026,15:09:43,1187.95,100,68500
20231026,15:10:14,1197.0,250,68500
20231026,15:10:53,1197.0,100,68500
20231026,15:11:50,1197.0,50,68500
20231026,15:12:08,1197.0,50,68500
20231026,15:14:33,1197.0,100,68250
20231026,15:15:10,1200.0,50,68250
20231026,15:19:03,1190.0,100,68250
20231026,15:20:18,1195.0,50,68250
20231026,15:27:59,1188.0,150,68100
20231026,15:28:26,1185.0,50,68100
20231027,09:22:30,1214.85,1,67000
20231027,09:22:30,1214.85,50,67000
20231027,09:23:35,1214.85,50,67000
20231027,09:26:01,1227.0,50,67000
20231027,09:27:16,1227.0,250,67100
20231027,09:29:05,1206.0,50,67100
20231027,09:32:14,1205.0,50,67400
20231027,09:32:18,1205.0,200,67400
20231027,09:32:22,1205.0,50,67400
20231027,09:33:07,1200.45,100,67400
20231027,09:33:13,1200.45,550,67400
20231027,09:34:06,1205.0,1250,67400
20231027,09:35:25,1205.0,150,69500
20231027,09:35:59,1205.0,500,69500
20231027,09:36:06,1205.0,50,69500
20231027,09:36:20,1205.5,250,69500
20231027,09:36:26,1205.0,50,69500
20231027,09:36:33,1205.0,500,69500
20231027,09:38:25,1205.0,300,71000
20231027,09:41:48,1205.0,500,71300
20231027,09:42:21,1207.0,600,71300
20231027,09:52:31,1249.95,100,71850
20231027,09:53:19,1249.95,500,71850
20231027,09:54:30,1220.0,200,71750
20231027,09:57:50,1229.0,50,72200
20231027,09:58:57,1233.95,50,72200
20231027,10:02:58,1235.0,100,72300
20231027,10:07:28,1240.0,200,72400
20231027,10:09:32,1238.0,100,72600
20231027,10:11:34,1238.0,150,72700
20231027,10:13:54,1236.25,50,72700
20231027,10:16:18,1228.65,50,72850
20231027,10:17:11,1225.9,50,72850
20231027,10:17:24,1225.3,50,72900
20231027,10:17:44,1225.3,50,72900
20231027,10:18:43,1225.35,200,72900
20231027,10:19:02,1225.3,50,72900
20231027,10:20:00,1216.0,50,72900
20231027,10:27:08,1216.0,100,73150
20231027,10:44:37,1225.0,50,73150
20231027,10:46:06,1225.0,50,73150
20231027,10:46:38,1225.0,50,73150
20231027,10:56:37,1229.15,50,73150
20231027,11:00:34,1227.0,100,73150
20231027,11:04:48,1239.2,50,73150
20231027,11:05:07,1226.0,50,73150
20231027,11:06:00,1226.0,50,73200
20231027,11:06:18,1230.0,50,73200
20231027,11:06:24,1226.1,50,73200
20231027,11:08:17,1230.0,50,73200
20231027,11:13:08,1230.0,50,73200
20231027,11:22:51,1225.0,50,73200
20231027,11:24:32,1235.0,50,73250
20231027,11:24:45,1240.0,50,73250
20231027,11:32:31,1245.9,100,73200
20231027,11:33:08,1248.2,150,73200
20231027,11:33:27,1250.6,100,73200
20231027,11:35:07,1250.6,50,73200
20231027,11:35:13,1250.45,50,73200
20231027,11:35:20,1251.1,50,73200
20231027,11:37:43,1253.05,50,73250
20231027,11:49:26,1253.05,50,73300
20231027,11:52:15,1254.4,50,73350
20231027,11:58:47,1254.4,50,73350
20231027,12:07:50,1260.0,50,73400
20231027,12:07:56,1263.3,200,73400
20231027,12:08:01,1264.65,250,73400
20231027,12:08:07,1265.4,200,73400
20231027,12:08:13,1265.4,350,73400
20231027,12:08:18,1266.15,300,73400
20231027,12:08:24,1263.75,300,73400
20231027,12:08:30,1262.25,200,73400
20231027,12:08:36,1262.0,300,73400
20231027,12:08:42,1263.15,400,75300
20231027,12:08:49,1262.25,100,75300
20231027,12:08:55,1261.95,350,75300
20231027,12:09:07,1261.65,100,75300
20231027,12:11:59,1264.6,50,76200
20231027,12:12:57,1255.9,100,76200
20231027,12:20:22,1255.05,50,76200
20231027,12:22:42,1255.0,100,76200
20231027,12:29:00,1255.6,50,76250
20231027,12:32:42,1240.0,100,76300
20231027,12:32:51,1238.75,50,76300
20231027,12:45:27,1253.75,50,76300
20231027,12:45:28,1253.25,50,76450
20231027,12:45:38,1253.75,50,76450
20231027,12:46:01,1254.35,50,76450
20231027,12:55:13,1247.7,150,76550
20231027,12:55:19,1247.75,300,76550
20231027,12:55:31,1245.0,1100,76550
20231027,12:57:43,1249.0,50,78100
20231027,13:03:35,1249.0,200,78150
20231027,13:10:16,1250.05,950,78350
20231027,13:16:35,1251.0,300,79150
20231027,13:32:54,1256.0,50,79250
20231027,13:33:39,1260.0,450,79300
20231027,13:37:22,1260.0,100,79750
20231027,13:37:28,1260.0,150,79750
20231027,13:37:56,1260.0,100,79750
20231027,13:43:29,1260.0,1000,80000
20231027,13:49:50,1271.95,250,81000
20231027,13:49:56,1271.95,300,81000
20231027,13:50:03,1273.35,250,81000
20231027,13:50:09,1273.35,100,81000
20231027,13:50:15,1273.35,100,81000
20231027,13:50:21,1272.9,100,81000
20231027,13:50:27,1272.55,100,81000
20231027,13:50:52,1289.6,50,81000
20231027,13:50:58,1289.6,150,82150
20231027,13:52:03,1275.35,150,82150
20231027,13:52:09,1276.95,200,82150
20231027,13:52:16,1276.95,50,82150
20231027,13:57:56,1276.95,150,82650
20231027,13:58:02,1277.35,150,82650
20231027,13:58:20,1277.65,300,82650
20231027,14:06:00,1262.25,50,83250
20231027,14:20:28,1262.0,500,83250
20231027,14:25:24,1276.0,100,83500
20231027,14:27:42,1270.0,50,83600
20231027,14:30:43,1276.0,50,83600
20231027,14:44:16,1280.6,100,83600
20231027,14:45:05,1270.0,300,83700
20231027,15:07:22,1275.2,150,83600
20231027,15:14:13,1264.55,50,83600
20231027,15:28:00,1275.95,100,83650
20231027,15:28:28,1272.75,50,83650
20231030,09:18:54,1226.4,1,83700
20231030,09:18:54,1225.0,150,83700
20231030,09:19:44,1231.0,50,83700
20231030,09:20:25,1238.55,100,83900
20231030,09:20:46,1242.55,50,83900
20231030,09:21:20,1242.55,50,83900
20231030,09:22:27,1229.0,100,83900
20231030,09:22:34,1230.0,200,83900
20231030,09:22:41,1230.6,50,83900
20231030,09:22:47,1232.0,200,83900
20231030,09:22:54,1232.95,200,83900
20231030,09:23:07,1231.3,100,83900
20231030,09:23:14,1232.2,200,83900
20231030,09:23:20,1228.45,50,85150
20231030,09:23:34,1230.6,200,85150
20231030,09:23:41,1230.95,400,85150
20231030,09:23:47,1230.0,100,85150
20231030,09:24:08,1233.65,200,85150
20231030,09:24:28,1231.1,50,85150
20231030,09:24:35,1230.0,150,85150
20231030,09:24:42,1230.6,50,85150
20231030,09:24:49,1231.0,150,85150
20231030,09:25:44,1231.0,50,85150
20231030,09:25:51,1230.0,200,85150
20231030,09:26:25,1230.0,50,86700
20231030,09:27:05,1230.6,50,86700
20231030,09:28:05,1230.0,50,86700
20231030,09:28:11,1232.0,200,86700
20231030,09:28:58,1235.0,50,86700
20231030,09:29:12,1235.6,50,86700
20231030,09:30:22,1220.0,100,87150
20231030,09:32:12,1200.0,100,87150
20231030,09:33:40,1205.7,50,87150
20231030,09:37:26,1195.0,50,87200
20231030,09:37:40,1195.0,50,87200
20231030,09:37:53,1201.0,200,87200
20231030,09:39:44,1209.1,100,87450
20231030,09:40:11,1200.65,50,87450
20231030,09:43:09,1200.0,100,87550
20231030,09:43:17,1200.0,50,87550
20231030,09:44:01,1188.8,50,87550
20231030,09:45:27,1187.75,50,87700
20231030,09:48:00,1187.75,100,87700
20231030,09:49:21,1200.0,200,87700
20231030,09:50:41,1200.6,50,87900
20231030,09:53:38,1201.0,200,87900
20231030,09:53:45,1201.0,200,87900
20231030,09:54:44,1202.05,100,87900
20231030,09:54:51,1203.3,100,87900
20231030,09:55:18,1204.0,50,87900
20231030,09:55:25,1202.0,700,87900
20231030,09:55:32,1202.0,150,87900
20231030,09:55:38,1202.0,500,87900
20231030,09:57:02,1202.0,450,89800
20231030,09:58:08,1202.0,100,89800
20231030,09:59:15,1202.0,50,89800
20231030,09:59:22,1202.0,100,89800
20231030,10:03:31,1214.7,100,90350
20231030,10:06:49,1215.3,50,90350
20231030,10:10:23,1219.95,100,90350
20231030,10:10:30,1220.0,300,90400
20231030,10:11:49,1228.0,50,90600
20231030,10:12:10,1244.05,400,90600
20231030,10:12:17,1244.05,50,90600
20231030,10:12:24,1239.05,150,90600
20231030,10:12:38,1239.2,50,90600
20231030,10:12:52,1241.85,100,90600
20231030,10:13:34,1248.65,50,90600
20231030,10:18:15,1248.65,100,91150
20231030,10:18:31,1240.0,50,91150
20231030,10:24:49,1261.0,50,91150
20231030,10:46:27,1279.0,50,91100
20231030,10:48:46,1296.0,50,91100
20231030,10:48:54,1296.6,100,91100
20231030,10:53:03,1298.65,50,91100
20231030,10:56:59,1298.65,100,91100
20231030,11:03:21,1294.85,50,91000
20231030,11:03:28,1281.05,100,91000
20231030,11:07:04,1283.05,100,91150
20231030,11:13:05,1293.7,50,91100
20231030,11:23:42,1293.7,50,91100
20231030,11:44:37,1299.2,100,91100
20231030,11:47:17,1315.0,50,91150
20231030,11:53:58,1315.0,50,91200
20231030,11:54:49,1305.0,50,91200
20231030,11:56:13,1305.7,50,91200
20231030,11:56:51,1306.4,50,91250
20231030,11:57:43,1308.0,50,91250
20231030,12:15:57,1309.15,200,91300
20231030,12:22:17,1295.0,50,91400
20231030,12:28:36,1309.0,50,91400
20231030,12:34:31,1293.7,100,91400
20231030,12:46:03,1309.6,50,91500
20231030,12:52:48,1309.6,100,91550
20231030,13:03:12,1320.0,100,91650
20231030,13:22:44,1320.0,50,91750
20231030,13:49:03,1316.9,100,91750
20231030,14:04:20,1305.0,50,91750
20231030,14:04:24,1304.0,50,91850
20231030,14:04:34,1300.55,50,91850
20231030,14:06:30,1299.6,50,92000
20231030,14:09:54,1299.6,100,92050
20231030,14:54:21,1304.3,250,92100
20231030,14:59:12,1307.55,50,92100
20231030,15:01:50,1310.0,50,92150
20231030,15:01:57,1310.0,50,92150
20231030,15:09:53,1320.0,50,92150
20231030,15:10:42,1322.0,50,92150
20231030,15:11:09,1322.0,150,92150
20231030,15:28:00,1322.0,100,92000
20231031,09:19:21,1327.05,1,91750
20231031,09:19:21,1327.05,100,91750
20231031,09:20:21,1318.4,250,91750
20231031,09:20:34,1317.15,100,91850
20231031,09:21:17,1317.15,100,91850
20231031,09:21:30,1320.0,200,91850
20231031,09:21:49,1324.0,200,91850
20231031,09:22:02,1325.0,200,91850
20231031,09:26:52,1320.0,50,91850
20231031,09:33:26,1302.0,200,91900
20231031,09:33:39,1302.0,100,91900
20231031,09:33:51,1302.0,100,91900
20231031,09:34:55,1134.65,50,91900
20231031,09:37:07,1134.65,50,92350
20231031,09:37:32,1305.0,200,92350
20231031,09:39:48,1308.0,500,92500
20231031,09:52:52,1292.0,500,92500
20231031,09:55:15,1292.0,50,93000
20231031,09:58:29,1284.0,50,93050
20231031,09:58:36,1283.0,50,93050
20231031,09:59:29,1284.0,50,93050
20231031,09:59:58,1284.0,50,93200
20231031,10:01:35,1290.0,200,93200
20231031,10:10:29,1280.0,100,93350
20231031,10:24:49,1267.15,100,93450
20231031,10:35:59,1279.2,50,93550
20231031,10:37:33,1276.65,50,93550
20231031,10:48:46,1271.05,50,93450
20231031,10:49:11,1274.4,50,93450
20231031,10:49:22,1276.25,200,93450
20231031,10:49:29,1275.55,300,93450
20231031,10:49:35,1276.1,100,93450
20231031,10:49:41,1277.1,150,93450
20231031,10:50:10,1278.45,50,93450
20231031,10:50:14,1278.6,50,93450
20231031,10:50:33,1280.65,50,93450
20231031,10:50:36,1281.0,50,93450
20231031,10:52:30,1280.45,50,92550
20231031,10:52:41,1282.8,50,92550
20231031,10:58:59,1289.0,50,92400
20231031,11:02:31,1286.75,50,92350
20231031,11:04:53,1295.8,50,92300
20231031,11:08:30,1295.45,50,92250
20231031,11:08:36,1295.85,50,92250
20231031,11:09:26,1297.75,50,92250
20231031,11:09:29,1296.4,50,92200
20231031,11:11:04,1288.45,50,92200
20231031,11:14:49,1278.75,50,92150
20231031,11:24:01,1300.0,50,92200
20231031,11:25:49,1300.0,50,92200
20231031,11:26:07,1300.0,100,92200
20231031,11:40:59,1290.0,50,92200
20231031,11:55:45,1267.0,50,92200
20231031,12:50:03,1282.0,200,92200
20231031,12:58:29,1287.0,50,92200
20231031,13:13:00,1293.2,50,92200
20231031,13:28:46,1277.0,50,92200
20231031,13:46:04,1280.0,200,92150
20231031,13:46:19,1285.0,250,92150
20231031,13:47:24,1288.0,200,92150
20231031,13:48:18,1287.0,300,92150
20231031,13:52:33,1285.85,200,92150
20231031,13:55:26,1285.0,150,92150
20231031,13:55:32,1285.0,50,92150
20231031,14:16:29,1300.0,50,92150
20231031,14:18:44,1310.0,50,92150
20231031,14:22:13,1315.0,50,92150
20231031,14:26:33,1314.25,50,92050
20231031,14:30:36,1325.35,450,92000
20231031,14:34:49,1333.15,50,92000
20231031,15:00:22,1333.15,250,91700
20231031,15:00:52,1298.3,50,91700
20231031,15:00:59,1298.25,50,91700
20231031,15:03:01,1281.2,150,91700
20231031,15:03:08,1282.15,100,91700
20231031,15:05:58,1272.65,100,91950
20231031,15:06:37,1273.95,50,92050
20231031,15:10:35,1286.0,50,92050
20231031,15:25:00,1275.45,100,92100
20231031,15:28:05,1280.0,100,92050
20231031,15:29:46,1282.0,100,92050
20231101,09:15:39,1258.85,1,92050
20231101,09:15:39,1258.85,100,92050
20231101,09:18:02,1268.65,50,92050
20231101,09:18:08,1268.65,250,92050
20231101,09:18:28,1268.65,300,92050
20231101,09:19:34,1273.85,100,92050
20231101,09:25:04,1273.85,50,91550
20231101,09:25:13,1273.85,50,91550
20231101,09:25:17,1280.0,100,91550
20231101,09:28:58,1280.0,50,91550
20231101,09:29:42,1265.0,100,91600
20231101,09:34:54,1285.0,200,91500
20231101,09:35:13,1285.05,400,91500
20231101,09:35:26,1285.0,300,91500
20231101,09:35:39,1285.0,300,92300
20231101,09:36:05,1285.0,850,92300
20231101,09:43:34,1270.0,50,93450
20231101,09:55:20,1260.0,50,93450
20231101,09:55:24,1260.0,50,93450
20231101,10:02:09,1255.0,50,93550
20231101,10:10:19,1248.7,50,93550
20231101,10:15:40,1248.7,250,93600
20231101,10:16:06,1259.0,250,93600
20231101,10:18:52,1262.65,50,93650
20231101,11:24:07,1262.0,250,93650
20231101,11:24:45,1262.0,50,93650
20231101,11:24:51,1262.0,100,93650
20231101,11:25:06,1262.0,50,93650
20231101,11:25:07,1262.0,50,93650
20231101,11:30:06,1260.8,50,94150
20231101,11:45:25,1267.85,50,94150
20231101,11:56:35,1274.0,50,94100
20231101,12:34:25,1274.0,200,94150
20231101,12:53:19,1260.25,150,94000
20231101,12:56:29,1264.3,100,94000
20231101,13:03:47,1260.0,150,94100
20231101,13:08:39,1257.0,100,94200
20231101,13:31:15,1242.1,50,94100
20231101,13:35:03,1242.1,50,94100
20231101,13:36:19,1244.95,50,94100
20231101,13:36:20,1245.0,50,94100
20231101,13:38:05,1244.75,100,94100
20231101,13:42:32,1217.7,250,94000
20231101,13:42:47,1217.7,50,94000
20231101,13:42:50,1249.65,50,94000
20231101,13:43:14,1254.95,50,94000
20231101,13:43:16,1255.0,100,94000
20231101,14:14:10,1251.65,50,94100
20231101,14:14:27,1249.4,100,94100
20231101,14:14:30,1250.9,50,94100
20231101,14:14:35,1251.4,50,94100
20231101,14:15:20,1251.95,50,93850
20231101,14:32:56,1244.3,300,93800
20231101,14:33:06,1244.9,50,93800
20231101,14:36:56,1251.0,100,93450
20231101,14:40:53,1250.35,50,93350
20231101,14:45:49,1247.0,50,93300
20231101,14:54:01,1252.9,50,93250
20231101,14:54:55,1243.4,50,93200
20231101,14:55:55,1244.75,50,93200
20231101,14:57:06,1250.0,50,93200
20231101,14:57:45,1256.85,50,93250
20231101,15:01:42,1247.95,300,93200
20231101,15:03:15,1241.55,50,93200
20231101,15:05:12,1241.65,50,93050
20231101,15:05:30,1238.85,100,93050
20231101,15:06:04,1247.75,50,93050
20231101,15:07:38,1237.05,50,93050
20231101,15:09:48,1237.05,50,93050
20231101,15:22:59,1235.0,50,93050
20231101,15:23:30,1230.0,50,93050
20231101,15:24:45,1231.9,100,93000
20231101,15:26:08,1233.0,50,93000
20231101,15:26:12,1232.0,50,93000
20231101,15:26:46,1230.0,50,93000
20231101,15:26:51,1228.0,150,93000
20231101,15:27:31,1231.05,100,92750
20231101,15:27:40,1230.0,50,92750
20231102,09:16:27,1320.95,1,92650
20231102,09:16:27,1320.95,100,92650
20231102,09:18:50,1334.35,100,92650
20231102,09:24:52,1334.35,50,92600
20231102,09:26:02,1330.0,50,92600
20231102,09:26:06,1330.0,50,92600
20231102,09:38:13,1340.5,100,92650
20231102,09:40:08,1356.05,50,92700
20231102,10:01:31,1356.05,50,92700
20231102,10:11:49,1328.6,50,92750
20231102,10:11:55,1326.05,50,92750
20231102,10:20:48,1318.05,100,92750
20231102,10:22:21,1314.5,100,92850
20231102,10:22:30,1313.05,50,92850
20231102,10:32:03,1313.05,50,93100
20231102,10:33:31,1320.0,50,93150
20231102,10:42:12,1307.0,50,93200
20231102,10:48:39,1307.0,100,93250
20231102,11:32:38,1302.05,50,93150
20231102,11:48:48,1285.6,50,93150
20231102,11:56:36,1285.6,50,93250
20231102,12:08:58,1280.25,50,93200
20231102,12:26:29,1280.25,50,93250
20231102,12:37:44,1290.0,50,93250
20231102,12:46:29,1310.0,200,93250
20231102,12:49:57,1312.0,200,93250
20231102,12:51:25,1298.0,50,93300
20231102,13:21:59,1298.0,50,93300
20231102,14:06:19,1318.9,50,93250
20231102,14:18:25,1330.0,50,93250
20231102,14:27:55,1329.6,50,93250
20231102,14:46:13,1329.6,50,93250
20231102,15:17:06,1325.65,50,93250
20231102,15:27:33,1341.65,100,93300
20231103,09:17:48,1396.0,1,93300
20231103,09:17:48,1396.0,50,93300
20231103,09:20:44,1402.75,50,93400
20231103,09:21:34,1402.75,50,93400
20231103,09:22:27,1410.0,50,93400
20231103,09:23:42,1410.0,50,93450
20231103,09:26:27,1410.0,50,93450
20231103,09:26:51,1404.5,50,93450
20231103,09:34:18,1407.25,500,93500
20231103,09:34:52,1409.0,50,93500
20231103,09:34:56,1409.0,350,93500
20231103,09:35:04,1409.0,50,93500
20231103,09:35:07,1409.0,200,93500
20231103,09:35:52,1412.05,100,94450
20231103,09:36:01,1412.05,50,94450
20231103,09:39:39,1412.0,50,94450
20231103,09:40:28,1410.65,500,94450
20231103,09:40:45,1421.5,50,94450
20231103,09:42:35,1421.5,50,94900
20231103,09:50:52,1409.9,50,94900
20231103,09:52:04,1400.0,50,94900
20231103,09:54:43,1402.1,100,94850
20231103,11:28:08,1401.65,50,94950
20231103,11:31:53,1396.35,50,94900
20231103,11:47:09,1390.05,50,94850
20231103,11:51:36,1390.0,50,94900
20231103,12:05:36,1383.85,50,94950
20231103,12:09:39,1383.85,50,95000
20231103,12:13:42,1390.0,100,95050
20231103,12:47:37,1405.0,200,95100
20231103,13:00:52,1412.0,50,95100
20231103,13:01:00,1411.9,250,95100
20231103,13:01:05,1410.95,150,95100
20231103,13:01:16,1409.05,50,95100
20231103,13:01:53,1410.05,50,95100
20231103,13:02:12,1409.0,50,95100
20231103,13:05:44,1407.0,50,95250
20231103,13:06:40,1405.55,100,95300
20231103,13:06:45,1405.05,50,95300
20231103,13:14:21,1405.0,100,95450
20231103,13:15:29,1405.0,150,95550
20231103,13:30:11,1406.15,250,95700
20231103,13:30:17,1406.15,100,95700
20231103,13:37:41,1407.0,50,96050
20231103,13:39:55,1405.0,100,96050
20231103,13:56:32,1406.0,50,96150
20231103,14:03:28,1409.0,100,96150
20231103,14:03:30,1409.05,100,96200
20231103,14:09:41,1400.1,50,96400
20231103,14:10:12,1400.0,50,96400
20231103,14:12:27,1408.85,100,96400
20231103,14:12:59,1410.2,100,96500
20231103,14:22:36,1408.8,50,96700
20231103,14:22:38,1408.75,50,96700
20231103,14:23:01,1410.15,100,96700
20231103,14:24:51,1411.05,200,96900
20231103,14:24:54,1410.05,50,96900
20231103,14:25:59,1412.2,50,96900
20231103,14:26:02,1412.2,50,96900
20231103,14:26:04,1412.25,50,96900
20231103,14:26:05,1412.2,50,96900
20231103,14:31:56,1411.05,50,97350
20231103,14:33:21,1408.8,50,97400
20231103,14:33:22,1408.7,50,97400
20231103,14:33:25,1406.6,50,97400
20231103,14:34:13,1404.35,50,97400
20231103,14:34:27,1404.25,50,97400
20231103,14:34:38,1403.3,50,97400
20231103,14:35:33,1404.25,50,97400
20231103,14:35:56,1402.05,100,97400
20231103,14:37:00,1402.0,50,97850
20231103,14:44:19,1396.85,50,97850
20231103,14:44:42,1396.9,50,97900
20231103,14:46:08,1384.65,100,98000
20231103,14:53:31,1376.0,50,97950
20231103,15:01:52,1376.0,50,98000
20231103,15:04:24,1397.0,50,98000
20231103,15:22:39,1388.6,100,98050
20231103,15:23:21,1390.0,250,98050
20231103,15:28:28,1390.0,50,98300
20231106,09:16:47,1438.8,1,98350
20231106,09:16:47,1438.8,50,98350
20231106,09:17:23,1438.8,250,98350
20231106,09:18:54,1449.0,100,98400
20231106,09:19:32,1456.0,50,98400
20231106,09:19:33,1456.0,50,98400
20231106,09:20:04,1454.95,50,98400
20231106,09:20:11,1460.6,100,98400
20231106,09:22:08,1460.7,50,98250
20231106,09:22:26,1470.0,50,98250
20231106,09:28:06,1470.0,50,98200
20231106,09:28:55,1470.0,50,98200
20231106,09:39:35,1470.0,200,98150
20231106,09:39:37,1470.0,100,98150
20231106,09:39:39,1470.0,100,98150
20231106,09:39:41,1470.0,100,98150
20231106,09:39:43,1470.0,100,98150
20231106,09:39:45,1470.0,200,98150
20231106,09:39:48,1470.0,100,98150
20231106,09:39:50,1470.0,100,98150
20231106,09:39:52,1470.0,200,98150
20231106,09:40:22,1470.0,300,98150
20231106,09:41:52,1495.7,50,98150
20231106,10:17:24,1495.7,200,98200
20231106,10:17:27,1480.0,200,98200
20231106,10:17:29,1480.0,100,98200
20231106,10:17:31,1480.0,100,98200
20231106,10:17:54,1480.0,200,98200
20231106,10:18:39,1480.0,200,98200
20231106,10:22:55,1485.0,50,98250
20231106,10:23:50,1480.0,100,98250
20231106,10:24:03,1482.0,50,98250
20231106,10:24:13,1483.0,50,98250
20231106,10:31:17,1481.35,100,98250
20231106,10:35:49,1471.0,150,98250
20231106,10:37:19,1471.0,100,98250
20231106,10:37:38,1471.0,200,98250
20231106,10:39:19,1471.0,100,98350
20231106,10:41:27,1475.0,100,98350
20231106,10:43:33,1471.0,50,98350
20231106,10:44:22,1472.0,100,98350
20231106,10:49:37,1468.0,50,98350
20231106,10:49:38,1468.0,50,98300
20231106,11:01:02,1463.0,100,98300
20231106,11:01:31,1462.55,50,98300
20231106,11:03:40,1462.0,50,98150
20231106,11:06:42,1455.6,50,98150
20231106,11:11:24,1452.25,50,98100
20231106,12:26:51,1468.35,50,98100
20231106,12:26:59,1468.6,50,98100
20231106,12:27:20,1468.0,50,98100
20231106,12:30:30,1465.7,100,98250
20231106,12:30:43,1464.3,50,98250
20231106,12:31:34,1469.0,50,98250
20231106,12:33:13,1465.75,50,98450
20231106,12:38:43,1470.0,100,98500
20231106,12:41:18,1466.0,50,98600
20231106,12:41:56,1466.0,100,98650
20231106,12:42:01,1466.0,50,98650
20231106,12:42:17,1465.55,50,98650
20231106,12:46:21,1462.3,50,98850
20231106,12:46:22,1461.55,50,98850
20231106,12:50:17,1465.0,100,98850
20231106,12:50:18,1465.05,50,98950
20231106,12:50:21,1465.05,50,98950
20231106,12:50:31,1465.0,150,98950
20231106,12:50:49,1465.0,150,98950
20231106,12:50:55,1465.0,150,98950
20231106,12:51:15,1465.0,150,99600
20231106,12:57:20,1470.0,100,99750
20231106,12:59:20,1466.9,100,99750
20231106,13:01:40,1465.0,150,99950
20231106,13:05:11,1467.6,100,100100
20231106,13:05:16,1467.6,200,100100
20231106,13:07:10,1469.95,150,100400
20231106,13:07:13,1469.95,100,100400
20231106,13:07:14,1469.95,100,100400
20231106,13:07:26,1469.55,50,100400
20231106,13:09:31,1469.95,50,100800
20231106,13:09:37,1469.95,50,100800
20231106,13:09:44,1469.95,100,100800
20231106,13:10:48,1465.5,150,100800
20231106,13:10:56,1465.5,150,100800
20231106,13:11:25,1465.0,150,100800
20231106,13:12:31,1469.95,150,101450
20231106,13:12:37,1469.95,100,101450
20231106,13:12:44,1469.95,50,101450
20231106,13:12:51,1469.95,100,101450
20231106,13:12:58,1469.95,50,101450
20231106,13:13:28,1471.0,100,101450
20231106,13:13:36,1471.0,150,101450
20231106,13:14:28,1471.9,200,101450
20231106,13:15:55,1472.1,50,102350
20231106,13:16:03,1472.1,100,102350
20231106,13:16:18,1472.95,50,102350
20231106,13:16:35,1472.5,50,102350
20231106,13:16:43,1472.7,100,102350
20231106,13:19:11,1472.7,50,102350
20231106,13:19:14,1472.7,50,102700
20231106,13:19:22,1472.7,50,102700
20231106,13:19:24,1472.7,50,102700
20231106,13:19:33,1472.7,50,102700
20231106,13:24:01,1472.7,50,102950
20231106,13:24:14,1472.7,50,103000
20231106,13:24:20,1472.7,50,103000
20231106,13:24:26,1472.7,100,103000
20231106,13:24:31,1472.7,50,103000
20231106,13:29:16,1472.7,50,103250
20231106,13:29:18,1472.7,50,103250
20231106,13:29:25,1472.7,50,103250
20231106,13:34:58,1475.1,50,103400
20231106,13:37:41,1473.95,50,103450
20231106,13:38:15,1470.0,100,103450
20231106,13:46:08,1480.0,50,103500
20231106,13:46:16,1479.7,50,103500
20231106,13:48:38,1479.7,50,103550
20231106,14:07:16,1470.3,100,103600
20231106,14:08:31,1469.75,100,103600
20231106,14:08:35,1469.85,100,103600
20231106,14:09:39,1470.35,100,103900
20231106,14:10:41,1470.45,50,103900
20231106,14:11:42,1471.0,50,103900
20231106,14:11:46,1471.0,50,103900
20231106,14:14:52,1479.7,50,103900
20231106,14:15:30,1484.95,50,104150
20231106,14:15:39,1484.5,50,104150
20231106,14:15:43,1483.15,50,104150
20231106,14:15:54,1482.95,50,104150
20231106,14:16:16,1482.6,50,104150
20231106,14:19:49,1489.55,50,104400
20231106,14:21:49,1495.0,50,104450
20231106,14:21:50,1495.0,50,104450
20231106,14:25:22,1494.0,50,104550
20231106,15:07:36,1500.95,50,104550
20231106,15:07:39,1500.95,50,104550
20231106,15:07:56,1501.1,50,104550
20231106,15:08:19,1501.1,50,104550
20231106,15:12:35,1500.0,50,104750
20231106,15:22:35,1500.0,450,104750
20231106,15:22:36,1500.0,50,104750
20231106,15:23:20,1500.0,300,104750
20231106,15:23:30,1500.0,650,104750
20231106,15:28:01,1500.0,100,106100
20231107,09:17:44,1477.0,1,106100
20231107,09:17:44,1477.0,50,106100
20231107,09:32:14,1477.0,50,106100
20231107,09:45:33,1482.3,50,106100
20231107,09:45:35,1482.3,50,106100
20231107,09:55:41,1485.0,150,106200
20231107,10:03:09,1485.0,50,106350
20231107,10:08:52,1475.1,50,106400
20231107,10:20:56,1485.0,300,106450
20231107,11:10:12,1495.0,50,106750
20231107,11:18:26,1495.0,50,106700
20231107,11:18:55,1491.0,50,106700
20231107,11:19:04,1492.45,50,106700
20231107,11:19:14,1493.0,50,106700
20231107,11:19:26,1493.0,50,106700
20231107,11:19:52,1493.0,50,106700
20231107,11:20:07,1493.0,50,106700
20231107,11:20:30,1493.0,50,106700
20231107,11:21:06,1493.0,50,106750
20231107,11:21:19,1493.0,50,106750
20231107,11:27:07,1487.0,50,106750
20231107,11:29:41,1495.0,50,106750
20231107,11:40:23,1485.0,100,106750
20231107,11:43:19,1470.0,50,106750
20231107,11:45:19,1470.0,200,106800
20231107,11:45:20,1470.0,50,106800
20231107,11:47:56,1463.0,50,106800
20231107,11:48:49,1463.0,50,106800
20231107,11:49:09,1460.0,50,106800
20231107,11:51:26,1458.0,100,106650
20231107,11:52:08,1458.0,100,106650
20231107,12:06:47,1471.95,50,106500
20231107,12:10:03,1463.2,50,106450
20231107,13:21:22,1463.2,50,106450
20231107,13:55:27,1490.0,50,106400
20231107,14:28:50,1499.95,100,106350
20231107,15:00:13,1500.0,50,106350
20231107,15:03:30,1500.0,50,106350
20231107,15:13:49,1500.0,50,106400
20231107,15:15:42,1490.0,50,106400
20231108,09:15:06,1490.0,1,106400
20231108,09:15:06,1490.0,50,106400
20231108,09:17:59,1499.1,50,106400
20231108,09:21:21,1499.1,50,106350
20231108,09:33:19,1519.45,50,106300
20231108,09:36:51,1519.45,50,106250
20231108,09:56:36,1520.0,100,106250
20231108,10:00:02,1520.0,50,106150
20231108,10:00:39,1520.65,50,106150
20231108,10:34:42,1520.65,50,106050
20231108,10:35:31,1512.1,200,106050
20231108,10:36:07,1512.0,50,106050
20231108,10:37:08,1518.05,50,105800
20231108,10:37:49,1518.0,250,105800
20231108,10:37:50,1517.1,50,105800
20231108,10:42:45,1517.15,50,105700
20231108,10:43:14,1519.8,100,105700
20231108,10:43:15,1531.3,350,105700
20231108,10:43:16,1522.85,250,105700
20231108,10:43:17,1528.35,100,105700
20231108,10:43:18,1530.7,200,105700
20231108,10:43:20,1528.9,250,105700
20231108,10:43:20,1527.3,100,105700
20231108,10:43:21,1526.1,150,105700
20231108,10:43:23,1525.85,50,105700
20231108,11:31:07,1525.85,200,104150
20231108,11:31:08,1525.85,50,104150
20231108,11:49:14,1525.8,50,104150
20231108,12:35:32,1504.65,50,104200
20231108,12:53:22,1505.35,50,104250
20231108,13:27:36,1527.0,150,104250
20231108,13:29:43,1528.15,50,104250
20231108,13:44:25,1513.15,50,104450
20231108,13:45:34,1515.0,100,104450
20231108,14:24:08,1507.8,50,104450
20231108,14:34:41,1506.25,50,104450
20231108,14:35:38,1507.0,300,104450
20231108,15:11:55,1509.0,500,104800
20231109,09:23:06,1505.95,1,104350
20231109,09:23:06,1505.95,100,104350
20231109,09:24:23,1507.15,450,104450
20231109,09:27:53,1507.0,50,104900
20231109,09:29:21,1514.25,50,104900
20231109,09:32:39,1514.25,100,105000
20231109,09:35:03,1501.0,400,105000
20231109,09:45:04,1501.0,100,105400
20231109,09:45:12,1514.0,300,105400
20231109,09:45:20,1514.0,100,105400
20231109,09:51:14,1496.0,100,105400
20231109,09:52:27,1496.0,100,105400
20231109,09:53:15,1496.0,150,105400
20231109,09:53:24,1510.0,50,105400
20231109,10:03:50,1516.0,500,105450
20231109,10:05:22,1516.05,50,105450
20231109,10:07:02,1516.05,50,106000
20231109,10:09:29,1515.0,50,106000
20231109,10:13:49,1521.0,100,106000
20231109,10:13:50,1521.0,50,106000
20231109,10:14:18,1521.0,50,106000
20231109,10:15:27,1521.0,100,106000
20231109,10:15:28,1521.0,100,106000
20231109,10:15:35,1521.0,100,106000
20231109,10:20:06,1521.0,100,106200
20231109,10:21:51,1520.05,100,106300
20231109,10:21:57,1520.05,100,106300
20231109,10:26:02,1520.05,200,106500
20231109,10:28:56,1511.6,50,106500
20231109,10:38:26,1507.0,100,106650
20231109,10:38:29,1507.0,250,106650
20231109,10:38:37,1507.0,150,106850
20231109,10:45:23,1492.25,50,106850
20231109,11:25:43,1492.25,50,106900
20231109,11:39:52,1511.0,100,106950
20231109,11:58:51,1510.0,50,106950
20231109,12:36:30,1512.75,50,106950
20231109,12:45:01,1508.7,50,106950
20231109,13:00:27,1510.0,50,106900
20231109,13:06:20,1500.0,50,106900
20231109,13:06:40,1511.0,50,106900
20231109,14:15:03,1514.55,50,106850
20231109,14:20:45,1514.0,50,106900
20231109,14:20:53,1514.05,50,106900
20231109,14:56:33,1486.05,50,106950
20231109,14:59:00,1486.05,50,107000
20231109,15:23:52,1485.0,50,107000
20231110,09:19:53,1438.45,1,107000
20231110,09:19:53,1438.45,50,107000
20231110,09:20:45,1434.0,100,107000
20231110,09:21:09,1432.5,50,107000
20231110,09:23:46,1432.5,150,106950
20231110,09:24:02,1435.2,100,106950
20231110,09:28:44,1432.0,100,106700
20231110,09:34:14,1432.0,50,106800
20231110,09:34:31,1430.0,50,106800
20231110,09:35:31,1428.75,50,106750
20231110,09:35:34,1425.0,50,106750
20231110,09:45:42,1425.0,50,106650
20231110,09:51:35,1430.0,50,106650
20231110,09:58:04,1429.0,50,106650
20231110,10:15:26,1435.0,50,106600
20231110,10:19:04,1435.0,50,106500
20231110,11:47:58,1450.0,50,106500
20231110,11:55:18,1456.0,50,106550
20231110,11:59:23,1456.0,50,106600
20231110,12:44:38,1464.55,200,106600
20231110,12:44:48,1464.55,200,106600
20231110,13:02:18,1475.0,50,106600
20231110,13:56:02,1484.0,50,106400
20231110,14:25:48,1484.0,50,106400
20231110,14:55:21,1459.0,50,106350
20231110,15:03:44,1490.0,100,106350
20231110,15:24:16,1490.0,50,106450
20231112,18:18:05,1523.55,1,106400
20231112,18:18:05,1523.35,150,106400
20231112,18:19:23,1525.0,50,106400
20231112,18:23:50,1525.0,50,106300
20231112,18:34:27,1525.0,50,106300
20231112,18:38:54,1530.0,50,106350
20231112,18:41:36,1530.0,50,106350
20231112,18:45:05,1525.0,50,106400
20231112,18:45:21,1528.0,50,106400
20231112,18:50:12,1518.65,50,106450
20231112,18:52:46,1518.65,50,106450
20231112,19:10:00,1534.35,50,106500
20231113,09:41:01,1504.95,1,106450
20231113,09:41:01,1504.95,100,106450
20231113,10:04:58,1515.0,50,106450
20231113,10:05:17,1524.7,50,106450
20231113,10:05:38,1524.7,50,106450
20231113,10:05:47,1520.0,50,106450
20231113,10:05:57,1520.0,50,106450
20231113,10:06:07,1520.0,50,106450
20231113,10:06:17,1520.0,50,106450
20231113,10:06:27,1519.15,50,106450
20231113,10:13:10,1517.65,50,106450
20231113,10:16:20,1519.0,50,106450
20231113,10:19:09,1520.0,50,106450
20231113,10:57:24,1484.0,200,106500
20231113,11:05:35,1484.0,50,106300
20231113,11:09:05,1505.0,50,106250
20231113,11:15:01,1503.0,50,106200
20231113,11:49:45,1495.0,50,106200
20231113,13:57:08,1508.0,50,106200
20231113,14:07:21,1500.35,50,106250
20231113,14:18:07,1512.8,100,106300
20231113,15:05:00,1503.5,50,106350
20231113,15:11:59,1500.05,250,106300
20231113,15:12:02,1500.0,50,106300
20231113,15:25:00,1509.9,100,106300
20231115,09:21:02,1635.35,1,105950
20231115,09:21:02,1635.35,50,105950
20231115,09:21:11,1629.6,50,105950
20231115,09:21:32,1629.6,50,105950
20231115,09:29:32,1629.6,50,105900
20231115,09:29:51,1639.0,50,105900
20231115,09:30:51,1639.0,100,105900
20231115,09:31:37,1650.0,50,105900
20231115,09:34:19,1650.0,50,105750
20231115,09:39:02,1650.0,50,105700
20231115,09:39:19,1642.0,50,105700
20231115,09:39:54,1644.0,100,105700
20231115,09:41:53,1644.5,50,105600
20231115,09:46:53,1644.0,200,105600
20231115,09:50:24,1644.0,50,105400
20231115,10:13:22,1650.0,50,105400
20231115,11:04:25,1625.0,50,105350
20231115,11:20:11,1625.0,50,105350
20231115,11:21:12,1650.0,150,105400
20231115,11:43:03,1640.1,50,105250
20231115,12:35:26,1650.0,50,105200
20231115,12:43:13,1634.4,50,105150
20231115,13:10:28,1650.0,100,105200
20231115,13:10:53,1650.0,150,105200
20231115,13:15:56,1668.25,50,105000
20231115,13:17:46,1668.25,50,105000
20231115,13:24:16,1674.9,100,104950
20231115,14:14:19,1678.0,50,104950
20231115,14:15:16,1678.0,50,104950
20231115,15:14:43,1678.0,50,104950
20231115,15:14:55,1663.0,50,104950
20231115,15:21:32,1655.0,50,105000
20231116,09:19:02,1649.95,1,105050
20231116,09:19:02,1650.0,100,105050
20231116,09:23:26,1665.6,50,105150
20231116,09:32:49,1665.6,50,105100
20231116,09:39:13,1675.0,50,105150
20231116,09:40:14,1680.0,50,105150
20231116,09:56:51,1680.0,50,105200
20231116,10:06:11,1690.0,50,105250
20231116,10:23:58,1690.0,50,105200
20231116,10:25:05,1690.05,100,105200
20231116,10:25:36,1686.7,50,105200
20231116,10:26:23,1685.0,50,105200
20231116,10:37:31,1688.0,50,105300
20231116,10:37:36,1688.0,50,105300
20231116,10:46:29,1689.0,50,105300
20231116,10:47:27,1687.1,50,105300
20231116,10:47:40,1685.0,50,105400
20231116,10:47:49,1684.0,200,105400
20231116,10:54:11,1684.0,100,105500
20231116,10:54:54,1684.6,50,105500
20231116,10:54:59,1685.0,50,105500
20231116,11:06:17,1725.0,50,105500
20231116,11:13:46,1750.0,100,105550
20231116,11:22:20,1750.0,50,105550
20231116,11:22:41,1748.0,50,105550
20231116,11:22:52,1748.05,50,105550
20231116,11:25:48,1743.0,100,105550
20231116,11:27:23,1742.0,100,105600
20231116,11:28:42,1744.0,50,105600
20231116,11:39:49,1748.0,50,105600
20231116,11:48:46,1746.0,50,105600
20231116,11:52:59,1750.0,50,105550
20231116,12:01:56,1760.0,50,105600
20231116,12:03:34,1760.0,50,105650
20231116,12:06:37,1760.0,50,105600
20231116,12:07:12,1757.9,50,105600
20231116,12:10:20,1759.25,100,105600
20231116,12:13:39,1763.0,50,105500
20231116,12:22:52,1765.0,100,105500
20231116,13:20:39,1775.25,100,105450
20231116,13:21:33,1775.25,50,105350
20231116,13:59:33,1759.3,500,105300
20231116,14:18:40,1772.35,50,105300
20231116,14:31:44,1860.1,100,105800
20231116,14:43:39,1860.1,50,105800
20231116,14:45:55,1803.65,100,105800
20231116,14:48:43,1818.0,500,105900
20231116,14:49:39,1818.0,100,105900
20231116,14:49:47,1818.0,50,105900
20231116,14:50:42,1805.0,100,105900
20231116,14:51:52,1798.0,250,106400
20231116,14:53:10,1791.0,200,106400
20231116,14:53:53,1804.95,50,106400
20231116,14:54:11,1793.85,100,106400
20231116,14:55:09,1795.35,100,106500
20231116,14:56:47,1795.35,50,106500
20231116,14:59:28,1795.0,50,106450
20231116,15:02:52,1769.25,200,106450
20231116,15:02:54,1770.8,100,106450
20231116,15:02:56,1770.7,100,106450
20231116,15:02:57,1770.75,200,106450
20231116,15:06:11,1764.9,50,106050
20231116,15:06:12,1764.9,50,106050
20231116,15:06:14,1764.9,50,106050
20231116,15:06:17,1764.85,50,106050
20231116,15:06:18,1764.85,50,106050
20231116,15:06:42,1762.0,150,105800
20231116,15:06:44,1762.0,50,105800
20231116,15:11:54,1715.0,100,105600
20231116,15:15:27,1720.15,50,105600
20231116,15:16:27,1719.8,450,105600
20231116,15:18:58,1721.0,100,105650
20231116,15:25:00,1734.55,100,105750
20231117,09:17:00,1704.95,1,105650
20231117,09:17:00,1704.95,100,105650
20231117,09:17:16,1705.0,100,105650
20231117,09:17:17,1705.0,100,105650
20231117,09:17:18,1705.0,100,105650
20231117,09:17:19,1705.0,200,105650
20231117,09:18:47,1706.0,200,106050
20231117,09:19:19,1706.0,100,106050
20231117,09:19:25,1706.0,200,106050
20231117,09:20:56,1708.0,200,106350
20231117,09:21:00,1708.0,300,106350
20231117,09:22:58,1716.0,50,106350
20231117,09:23:42,1719.9,500,106700
20231117,09:28:36,1719.9,450,107200
20231117,09:28:38,1716.65,50,107200
20231117,09:30:25,1720.0,250,107300
20231117,09:31:15,1720.0,100,107300
20231117,09:31:19,1716.0,150,107300
20231117,09:37:19,1716.3,100,107350
20231117,09:37:33,1717.0,250,107350
20231117,09:37:42,1717.0,100,107350
20231117,09:38:38,1718.0,200,107300
20231117,09:41:29,1729.95,50,107400
20231117,09:41:30,1730.0,50,107400
20231117,09:51:40,1744.1,50,107400
20231117,10:06:38,1755.55,50,107350
20231117,10:06:43,1755.55,50,107350
20231117,10:06:49,1755.75,50,107350
20231117,10:07:26,1755.75,50,107350
20231117,10:08:00,1756.15,50,107350
20231117,10:08:53,1756.15,50,107200
20231117,10:09:25,1752.6,50,107200
20231117,10:11:43,1760.15,100,107100
20231117,10:12:02,1760.15,50,107100
20231117,10:48:19,1755.0,50,107100
20231117,11:00:25,1751.0,200,107100
20231117,11:00:27,1751.0,100,107100
20231117,11:04:51,1751.0,50,107000
20231117,11:13:49,1742.55,50,107000
20231117,11:13:51,1743.95,100,107000
20231117,11:15:04,1742.65,100,106950
20231117,11:15:06,1740.55,50,106950
20231117,11:15:11,1740.5,50,106950
20231117,11:15:12,1739.95,50,106950
20231117,11:15:43,1741.0,100,106950
20231117,11:17:39,1746.3,50,106700
20231117,11:38:02,1750.0,50,106700
20231117,11:48:24,1745.0,50,106650
20231117,11:58:20,1742.2,50,106650
20231117,12:02:44,1735.75,50,106650
20231117,12:05:46,1742.95,50,106650
20231117,12:05:51,1742.9,50,106650
20231117,12:05:54,1742.25,150,106650
20231117,12:05:55,1742.4,150,106650
20231117,12:06:01,1741.25,150,106650
20231117,12:06:02,1741.25,150,106650
20231117,12:06:03,1741.25,150,106650
20231117,12:06:25,1746.5,50,106650
20231117,12:06:54,1745.6,50,106650
20231117,12:06:58,1746.4,50,106650
20231117,12:07:10,1746.45,50,106650
20231117,12:21:25,1746.0,50,105750
20231117,12:21:28,1747.2,50,105750
20231117,12:25:32,1744.0,50,105650
20231117,12:26:35,1741.6,100,105650
20231117,12:26:39,1741.45,200,105650
20231117,12:26:59,1746.85,50,105300
20231117,13:41:25,1739.55,50,105250
20231117,13:41:27,1738.1,50,105250
20231117,13:41:30,1738.1,50,105250
20231117,13:55:59,1738.25,50,105250
20231117,13:57:15,1738.25,50,105250
20231117,13:57:40,1741.05,50,105250
20231117,13:57:43,1739.0,50,105250
20231117,13:57:59,1740.45,50,105250
20231117,13:58:01,1738.75,50,105250
20231117,14:05:23,1741.0,50,105250
20231117,14:52:36,1740.3,100,105250
20231117,14:52:37,1740.45,200,105300
20231117,15:00:53,1740.1,100,105100
20231117,15:00:56,1740.6,50,105100
20231117,15:01:28,1739.75,100,105100
20231117,15:01:39,1743.4,150,105100
20231117,15:01:40,1743.35,100,105100
20231117,15:07:45,1750.0,50,104600
20231117,15:12:17,1750.0,100,104600
20231117,15:18:11,1752.55,50,104600
20231117,15:18:12,1752.6,100,104600
20231117,15:20:54,1753.15,150,104600
20231117,15:23:16,1754.7,50,104700
20231117,15:25:00,1752.2,100,104700
20231120,09:32:04,1720.0,1,104600
20231120,09:32:04,1720.0,50,104600
20231120,10:11:52,1704.45,50,104600
20231120,10:17:44,1704.45,50,104600
20231120,10:45:38,1735.0,50,104600
20231120,11:14:42,1735.0,50,104600
20231120,12:29:23,1700.0,50,104600
20231120,12:30:24,1705.0,50,104600
20231120,12:59:33,1695.0,100,104600
20231120,13:26:02,1695.0,400,104600
20231120,14:27:38,1697.95,50,104200
20231120,14:30:13,1705.0,100,104200
20231120,14:50:49,1708.65,50,104150
20231121,09:22:29,1755.0,1,104150
20231121,09:22:29,1755.0,100,104150
20231121,09:44:25,1755.0,100,104050
20231121,10:19:55,1760.0,100,104050
20231121,10:20:45,1760.0,50,104150
20231121,10:29:16,1753.95,50,104150
20231121,10:29:18,1753.95,50,104150
20231121,10:41:14,1753.95,50,104100
20231121,11:52:23,1775.0,50,104100
20231121,12:14:09,1775.0,50,104100
20231121,12:47:24,1789.15,50,104050
20231121,13:50:01,1789.15,50,104100
20231121,13:50:29,1783.4,50,104100
20231121,14:38:20,1780.0,50,104100
20231121,14:55:31,1787.95,50,104050
20231121,15:03:01,1773.3,50,104000
20231121,15:26:22,1780.0,50,104000
20231122,09:17:42,1789.9,1,104000
20231122,09:17:42,1789.9,100,104000
20231122,09:17:43,1790.0,250,104000
20231122,09:18:05,1794.75,150,104000
20231122,09:18:20,1799.0,100,104000
20231122,09:18:44,1805.75,100,104000
20231122,09:19:04,1805.75,250,104000
20231122,09:19:25,1779.0,100,104000
20231122,09:19:42,1779.0,300,104000
20231122,09:19:43,1778.95,150,104000
20231122,09:39:14,1787.0,50,103700
20231122,09:59:13,1798.0,100,103700
20231122,10:23:22,1798.0,50,103650
20231122,10:46:11,1797.7,100,103650
20231122,10:47:20,1810.0,50,103650
20231122,11:17:23,1810.0,50,103550
20231122,11:20:29,1798.3,50,103550
20231122,11:45:41,1794.75,50,103550
20231122,11:55:36,1780.0,100,103550
20231122,11:59:54,1782.8,50,103550
20231122,12:05:02,1781.1,50,103600
20231122,12:19:49,1774.1,50,103650
20231122,12:20:14,1765.4,50,103650
20231122,12:23:24,1760.0,50,103650
20231122,12:24:07,1755.0,100,103650
20231122,12:24:08,1755.0,250,103650
20231122,12:24:09,1755.0,150,103650
20231122,12:33:18,1730.5,50,103550
20231122,12:35:10,1730.5,150,103550
20231122,12:35:33,1754.0,250,103550
20231122,12:35:58,1754.0,150,103550
20231122,12:36:08,1754.75,50,103200
20231122,12:36:09,1755.0,50,103200
20231122,12:36:37,1759.95,50,103200
20231122,12:36:57,1742.0,250,103200
20231122,12:37:08,1742.0,250,103200
20231122,12:37:34,1742.2,150,103200
20231122,12:38:32,1742.2,150,103200
20231122,12:38:57,1742.2,100,103200
20231122,12:47:23,1753.8,50,103300
20231122,12:49:05,1750.0,50,103300
20231122,12:55:44,1750.05,50,103350
20231122,13:12:41,1760.0,50,103350
20231122,13:18:21,1759.95,50,103400
20231122,13:19:54,1745.55,50,103400
20231122,13:20:08,1748.0,100,103400
20231122,13:22:20,1750.4,50,103500
20231122,13:27:08,1762.95,100,103550
20231122,13:27:51,1758.0,50,103550
20231122,13:30:15,1758.0,50,103550
20231122,13:34:35,1775.7,150,103550
20231122,13:45:19,1771.1,100,103550
20231122,14:01:07,1767.65,50,103550
20231122,14:09:20,1750.0,50,103550
20231122,14:24:00,1757.65,50,103500
20231122,14:24:09,1757.65,50,103500
20231122,14:28:36,1775.0,50,103600
20231122,14:33:41,1800.0,50,103550
20231122,14:33:58,1808.7,100,103550
20231122,14:36:20,1812.15,50,103550
20231122,14:39:41,1823.6,100,103650
20231122,14:59:51,1826.0,50,103700
20231122,15:02:29,1826.0,50,103750
20231122,15:02:30,1822.0,50,103750
20231122,15:03:52,1820.05,100,103850
20231122,15:04:06,1820.0,250,103850
20231122,15:09:33,1820.0,50,104100
20231122,15:13:57,1815.0,50,104150
20231122,15:14:08,1815.0,50,104150
20231122,15:25:00,1827.85,100,104250
20231122,15:25:02,1827.85,50,104250
20231122,15:25:27,1815.0,50,104250
20231122,15:25:38,1815.0,50,104250
20231122,15:25:47,1815.0,50,104250
20231122,15:27:05,1815.0,50,104250
20231123,09:41:08,1835.0,1,104500
20231123,09:41:08,1835.0,50,104500
20231123,09:43:09,1831.0,50,104550
20231123,09:43:23,1831.0,50,104550
20231123,09:44:31,1831.0,50,104550
20231123,09:46:11,1846.35,50,104700
20231123,09:46:24,1831.0,50,104700
20231123,09:48:21,1819.2,250,104750
20231123,10:56:54,1801.3,50,105000
20231123,11:11:58,1801.3,50,105050
20231123,11:45:15,1798.1,350,105100
20231123,12:00:15,1805.85,50,105250
20231123,12:33:40,1812.0,150,105300
20231123,12:44:49,1816.85,50,105350
20231123,13:03:22,1810.05,50,105350
20231123,13:03:23,1810.0,50,105350
20231123,13:50:45,1813.1,50,105350
20231123,13:50:46,1813.1,50,105450
20231123,14:00:33,1819.4,50,105450
20231123,14:14:46,1805.0,50,105600
20231123,14:22:51,1805.0,50,105600
20231123,14:33:28,1801.0,50,105650
20231123,14:35:13,1800.0,50,105650
20231123,14:49:26,1790.0,100,105600
20231123,14:56:48,1790.0,250,105600
20231123,14:59:57,1790.0,50,105600
20231123,15:02:00,1785.0,100,105600
20231123,15:02:01,1785.0,100,105600
20231123,15:02:12,1785.0,100,105600
20231123,15:26:29,1785.0,50,105800
20231124,09:15:33,1815.2,1,105950
20231124,09:15:33,1815.2,50,105950
20231124,09:16:50,1800.0,50,105950
20231124,09:22:39,1780.0,150,106000
20231124,09:39:17,1780.0,50,106000
20231124,09:39:19,1796.4,100,106000
20231124,09:39:20,1796.5,50,106000
20231124,09:39:21,1797.0,50,106000
20231124,09:39:22,1812.75,50,106000
20231124,09:39:24,1801.15,50,106000
20231124,09:42:56,1780.0,100,105800
20231124,09:43:50,1780.0,50,105800
20231124,09:44:49,1768.85,50,105900
20231124,09:45:53,1760.4,100,105900
20231124,09:55:23,1757.0,200,106050
20231124,09:56:59,1753.7,50,106250
20231124,09:59:23,1740.0,500,106250
20231124,10:18:44,1740.0,50,106700
20231124,10:54:15,1789.15,50,106700
20231124,10:55:39,1791.6,100,106700
20231124,11:03:21,1790.4,100,106700
20231124,11:37:42,1798.75,50,106700
20231124,11:39:02,1798.5,50,106750
20231124,11:41:06,1798.0,50,106750
20231124,11:41:07,1798.0,50,106750
20231124,11:41:58,1797.15,50,106750
20231124,11:48:27,1796.0,50,106750
20231124,11:49:28,1795.15,100,106750
20231124,11:49:29,1794.95,50,106750
20231124,11:53:25,1797.5,50,106900
20231124,11:55:11,1797.5,50,106950
20231124,12:13:57,1799.1,50,107000
20231124,12:17:19,1797.1,50,107050
20231124,12:17:20,1797.1,50,107050
20231124,12:18:31,1795.8,50,107150
20231124,12:20:54,1794.0,50,107150
20231124,12:21:31,1792.75,50,107200
20231124,12:23:26,1790.6,50,107200
20231124,12:25:43,1786.9,50,107300
20231124,13:10:09,1780.75,50,107300
20231124,13:19:59,1764.0,100,107350
20231124,13:43:39,1766.2,50,107300
20231124,13:47:03,1766.75,100,107350
20231124,13:48:08,1765.3,100,107450
20231124,14:08:57,1765.0,50,107550
20231124,14:12:28,1767.0,50,107600
20231124,14:47:30,1767.1,50,107650
20231124,14:57:31,1767.1,100,107700
20231124,15:16:03,1765.05,150,107800
20231124,15:16:46,1765.05,50,107800
20231124,15:28:03,1777.05,50,107850
20231128,09:48:20,1789.0,1,107900
20231128,09:48:20,1789.0,50,107900
20231128,09:57:32,1764.65,50,107900
20231128,10:03:22,1764.65,50,107950
20231128,10:03:37,1776.0,50,107950
20231128,10:44:41,1770.0,50,108050
20231128,10:55:24,1775.0,50,108100
20231128,11:01:41,1780.0,150,108100
20231128,11:01:56,1762.0,150,108150
20231128,11:06:24,1762.0,50,108150
20231128,11:07:32,1766.05,50,108150
20231128,11:09:20,1766.05,50,108150
20231128,11:09:32,1766.05,50,108150
20231128,11:10:50,1766.05,50,108150
20231128,11:13:50,1766.05,100,108150
20231128,11:14:57,1766.05,50,108150
20231128,11:16:10,1766.05,50,108150
20231128,11:39:03,1772.0,100,108150
20231128,11:41:06,1772.0,50,108150
20231128,11:49:02,1767.0,50,108150
20231128,11:55:58,1767.0,50,108150
20231128,12:02:14,1768.3,50,108150
20231128,12:03:43,1768.3,50,108200
20231128,12:11:02,1778.0,50,108200
20231128,12:18:45,1785.0,50,108200
20231128,12:55:48,1775.0,50,108200
20231128,12:59:18,1785.0,50,108250
20231128,13:25:07,1780.0,50,108300
20231128,14:07:18,1777.5,50,108300
20231128,14:21:52,1800.0,50,108300
20231128,14:28:13,1834.9,50,108350
20231128,14:36:48,1846.05,100,108350
20231128,14:38:30,1850.5,50,108350
20231128,14:40:10,1850.5,50,108400
20231128,14:49:05,1827.0,100,108450
20231128,14:57:22,1832.35,50,108450
20231128,15:08:50,1838.0,50,108500
20231128,15:10:04,1838.0,50,108500
20231128,15:25:27,1909.5,500,108600
20231128,15:28:20,1909.5,100,108600
20231129,09:17:23,1900.0,1,108750
20231129,09:17:23,1900.0,50,108750
20231129,09:21:23,1900.0,50,108700
20231129,09:24:09,1900.0,300,108650
20231129,09:25:24,1900.0,150,108650
20231129,09:26:23,1899.2,50,108650
20231129,09:37:12,1899.2,50,108250
20231129,09:37:43,1892.65,50,108250
20231129,09:39:25,1892.65,50,108300
20231129,09:42:02,1910.0,50,108300
20231129,09:44:49,1920.55,50,108350
20231129,09:49:51,1920.55,50,108400
20231129,09:51:55,1915.0,50,108450
20231129,09:52:31,1910.0,100,108450
20231129,09:53:10,1916.3,50,108450
20231129,09:53:11,1916.25,50,108450
20231129,09:53:15,1916.35,50,108450
20231129,09:53:30,1916.8,100,108450
20231129,09:53:35,1917.85,100,108450
20231129,09:53:41,1917.9,50,108450
20231129,09:57:10,1910.0,50,108350
20231129,09:59:20,1910.0,50,108350
20231129,10:06:22,1913.1,50,108350
20231129,10:08:53,1921.5,100,108400
20231129,10:11:25,1928.55,50,108400
20231129,10:11:46,1928.55,100,108400
20231129,10:12:42,1927.7,50,108400
20231129,10:14:56,1924.75,50,108450
20231129,10:17:06,1928.7,50,108450
20231129,10:21:57,1928.7,50,108550
20231129,10:28:07,1920.0,50,108550
20231129,10:30:06,1920.0,50,108550
20231129,10:39:16,1920.0,50,108550
20231129,10:41:25,1920.0,50,108550
20231129,10:41:43,1920.0,50,108550
20231129,10:42:45,1913.0,100,108450
20231129,10:44:39,1913.0,50,108450
20231129,10:58:29,1910.0,100,108450
20231129,11:11:57,1929.3,150,108450
20231129,11:37:14,1973.0,50,108450
20231129,11:44:56,1973.0,50,108450
20231129,11:54:13,1945.0,50,108450
20231129,11:55:43,1945.0,50,108450
20231129,11:55:52,1945.0,50,108450
20231129,12:01:01,1950.5,100,108450
20231129,12:01:08,1950.5,100,108450
20231129,12:01:28,1950.0,100,108450
20231129,12:01:32,1950.0,50,108450
20231129,12:02:12,1950.0,50,108450
20231129,12:22:00,1978.7,50,108500
20231129,12:22:16,1978.7,50,108500
20231129,12:24:44,1971.25,50,108500
20231129,12:33:34,1971.25,100,108550
20231129,12:34:42,1971.25,100,108550
20231129,12:35:58,1964.0,50,108550
20231129,12:36:05,1964.0,50,108450
20231129,12:36:34,1964.0,50,108450
20231129,12:41:20,1964.0,50,108400
20231129,12:41:40,1966.95,50,108400
20231129,12:41:46,1966.0,50,108400
20231129,12:44:09,1974.0,50,108400
20231129,12:44:10,1974.0,50,108400
20231129,12:44:28,1976.0,150,108400
20231129,12:44:30,1975.55,50,108400
20231129,12:44:32,1976.0,100,108400
20231129,12:44:34,1976.0,50,108400
20231129,12:44:36,1976.0,50,108400
20231129,12:44:40,1976.0,50,108400
20231129,12:46:12,1985.0,300,108400
20231129,12:46:42,1987.0,400,108500
20231129,12:47:00,1987.0,250,108500
20231129,12:47:09,1952.5,250,108500
20231129,12:47:26,1950.0,200,108500
20231129,12:53:18,1960.0,50,108900
20231129,13:00:25,1960.0,50,108900
20231129,13:01:13,1960.0,50,108900
20231129,13:06:38,1989.6,50,108900
20231129,13:08:56,1989.6,50,108850
20231129,13:16:17,1965.0,50,108900
20231129,13:16:24,1965.0,50,108900
20231129,13:16:28,1965.05,50,108900
20231129,13:16:29,1965.0,50,108900
20231129,13:21:41,1951.0,200,108800
20231129,13:22:37,1962.0,200,108800
20231129,13:23:24,1962.3,150,108800
20231129,13:23:25,1962.3,50,108800
20231129,13:31:22,1963.35,50,108800
20231129,13:33:53,1967.95,50,108800
20231129,13:35:18,1969.95,50,108800
20231129,13:38:20,1965.0,150,108750
20231129,13:39:36,1970.0,100,108600
20231129,13:45:36,1999.95,50,108600
20231129,14:44:23,2000.0,100,108550
20231129,14:47:35,2005.0,50,108550
20231129,14:59:48,2010.0,50,108550
20231129,15:03:23,2010.0,50,108550
20231129,15:03:49,2010.0,50,108550
20231129,15:25:00,2035.5,100,108450
20231129,15:29:59,2035.5,50,108400
20231130,09:26:39,1998.8,1,108850
20231130,09:26:39,1998.8,50,108850
20231130,09:35:23,2000.0,50,108850
20231130,09:35:53,2000.0,50,108850
20231130,09:40:35,2000.0,100,108850
20231130,09:53:24,2000.0,100,108900
20231130,10:01:38,1951.0,50,108900
20231130,10:29:49,1951.0,50,108900
20231130,10:41:51,1982.0,250,108900
20231130,11:11:09,1981.0,50,108650
20231130,11:17:01,1977.6,50,108650
20231130,11:25:31,1977.6,50,108650
20231130,12:07:11,1973.0,50,108650
20231130,12:11:57,1970.2,100,108600
20231130,12:12:00,1970.0,100,108600
20231130,12:24:04,1970.45,50,108400
20231130,12:42:48,1975.7,50,108350
20231130,12:42:50,1975.65,50,108350
20231130,12:43:57,1977.3,100,108350
20231130,12:45:55,1977.65,50,108150
20231130,14:14:27,1977.65,50,108100
20231130,14:36:25,2015.0,50,108050
20231130,14:40:58,2015.0,150,108050
20231130,14:42:53,2024.4,100,108000
20231130,14:48:15,2024.4,50,107800
20231130,15:00:08,2020.0,50,107750
20231130,15:00:38,2030.0,1000,108000
20231130,15:03:33,2029.2,50,108000
20231130,15:09:54,2036.75,100,107650
20231130,15:11:55,2036.75,150,107650
20231130,15:15:58,2034.1,50,107550
20231130,15:28:54,2040.9,100,107550
20231201,09:17:07,1980.0,1,107800
20231201,09:17:07,1980.0,200,107800
20231201,09:35:13,2120.0,50,107800
20231201,09:38:56,2120.0,50,107750
20231201,09:48:47,2120.0,600,107700
20231201,09:49:33,2119.95,50,107700
20231201,09:49:41,2120.0,400,107700
20231201,09:52:42,2127.55,500,107650
20231201,09:53:08,2129.5,150,107650
20231201,09:53:28,2130.75,150,107700
20231201,09:54:11,2158.0,50,107700
20231201,09:56:11,2158.0,50,107700
20231201,09:56:35,2150.0,50,107750
20231201,10:01:57,2150.0,50,107750
20231201,10:07:29,2142.6,50,107750
20231201,10:07:32,2142.6,50,107750
20231201,10:07:57,2142.6,150,107750
20231201,10:08:30,2141.55,50,107650
20231201,10:08:32,2141.15,100,107650
20231201,10:08:45,2139.6,50,107650
20231201,10:08:46,2139.0,150,107650
20231201,10:08:47,2139.0,50,107650
20231201,10:08:56,2139.0,150,107650
20231201,10:09:10,2133.4,50,107650
20231201,10:10:07,2151.25,50,107650
20231201,10:13:45,2139.0,50,107300
20231201,10:22:15,2156.0,50,107300
20231201,10:23:58,2148.85,50,107250
20231201,10:25:04,2152.25,100,107250
20231201,10:26:05,2155.45,100,107250
20231201,10:26:13,2158.9,100,107250
20231201,10:27:06,2160.0,150,107250
20231201,10:27:43,2176.8,100,107250
20231201,10:28:52,2176.8,50,107250
20231201,10:30:13,2140.05,150,107450
20231201,10:30:44,2140.05,50,107450
20231201,10:31:00,2132.1,50,107450
20231201,10:31:24,2135.55,50,107450
20231201,10:31:48,2135.05,50,107450
20231201,10:32:50,2140.05,50,107400
20231201,10:33:12,2137.55,50,107400
20231201,10:33:59,2145.05,50,107400
20231201,10:34:14,2145.05,50,107400
20231201,10:34:30,2145.05,50,107400
20231201,10:34:46,2145.05,50,107400
20231201,10:34:54,2143.7,50,107400
20231201,10:35:01,2143.7,50,107400
20231201,10:35:17,2143.7,100,107400
20231201,10:36:00,2143.7,50,107100
20231201,10:36:07,2143.7,100,107100
20231201,10:36:15,2140.15,100,107100
20231201,10:36:53,2142.05,50,107100
20231201,10:37:01,2140.15,50,107100
20231201,10:37:03,2140.0,50,107100
20231201,10:37:29,2140.0,100,107100
20231201,10:37:35,2139.9,100,107100
20231201,10:37:36,2139.9,50,107100
20231201,10:37:39,2140.0,100,107100
20231201,10:38:13,2140.1,150,107100
20231201,10:38:30,2140.05,100,106800
20231201,10:39:38,2140.05,50,106800
20231201,10:39:40,2140.05,50,106800
20231201,10:39:43,2140.05,50,106800
20231201,10:39:47,2140.05,50,106800
20231201,10:39:50,2140.05,50,106800
