date,time,tick_price,volume,open_interest
20231211,09:19:10,419.25,100,100
20231211,09:26:33,417.05,100,100
20231211,09:32:08,415.95,100,100
20231211,09:44:09,416.05,100,100
20231211,09:52:14,416.05,50,200
20231211,09:57:24,424.2,50,200
20231211,10:07:32,424.2,350,200
20231211,10:07:50,417.1,100,200
20231211,10:14:08,428.8,50,650
20231211,10:15:09,428.8,100,700
20231211,10:16:38,428.8,50,700
20231211,10:28:40,437.55,400,800
20231211,10:45:16,437.55,400,1200
20231211,10:45:16,405.75,400,1200
20231211,10:45:36,405.8,100,1200
20231211,10:46:54,407.15,400,1200
20231211,10:53:32,395.95,100,2100
20231211,12:36:39,395.95,100,2200
20231211,14:56:18,395.95,600,2300
20231211,15:01:19,418.8,100,2250
20231211,15:07:35,424.95,50,2250
20231211,15:07:44,424.55,50,2250
20231211,15:29:12,410.85,50,2250
20231211,15:29:13,410.8,50,2250
20231211,15:29:15,410.7,50,2250
20231211,15:29:16,410.6,50,2250
20231211,15:29:17,410.6,50,2250
20231211,15:29:19,410.55,100,2250
20231212,10:02:17,435.45,1,2100
20231212,10:02:17,435.45,100,2100
20231212,10:15:17,431.45,200,2100
20231212,10:16:08,431.75,50,2100
20231212,10:16:57,421.2,50,2100
20231212,10:21:10,421.2,100,2300
20231212,11:36:03,417.0,100,2400
20231212,13:39:21,413.75,100,2400
20231212,13:45:58,408.85,100,2500
20231212,14:00:13,405.25,50,2500
20231212,14:03:23,404.75,50,2550
20231213,09:16:50,370.0,1,2550
20231213,09:16:50,370.0,50,2550
20231213,09:18:05,376.15,50,2550
20231213,09:19:38,376.15,50,2600
20231213,09:26:23,372.55,50,2700
20231213,09:27:55,384.9,50,2700
20231213,09:33:06,384.9,50,2750
20231213,09:34:29,373.25,50,2750
20231213,10:08:13,350.55,50,2800
20231213,10:15:34,340.0,200,2850
20231213,10:32:19,330.25,100,3000
20231213,11:00:52,331.4,50,3100
20231213,11:32:16,318.0,50,3100
20231213,11:49:40,309.7,100,3100
20231213,12:29:01,300.0,50,3000
20231213,12:35:04,300.0,50,3050
20231213,12:53:44,322.0,100,3050
20231213,13:03:13,327.2,100,3100
20231213,13:39:51,345.0,200,3050
20231213,13:43:55,356.55,50,3050
20231213,13:47:07,351.5,50,3050
20231213,13:58:01,344.25,50,3100
20231213,14:15:57,356.65,50,3050
20231213,14:17:27,345.0,50,3050
20231213,14:19:35,342.35,400,3050
20231213,14:42:11,325.0,100,2650
20231213,14:55:06,339.9,100,2750
20231213,15:14:23,368.0,50,2750
20231213,15:25:11,367.0,50,2800
20231213,15:26:51,379.0,250,2800
20231214,09:16:40,480.8,1,2800
20231214,09:16:40,480.8,100,2800
20231214,09:16:49,476.65,300,2800
20231214,09:18:46,476.65,200,2750
20231214,09:19:14,484.95,50,2750
20231214,09:19:41,484.95,100,2750
20231214,09:26:27,481.75,150,2800
20231214,09:26:37,484.0,50,2800
20231214,09:35:32,493.9,400,2650
20231214,09:37:39,497.9,50,2650
20231214,09:38:45,501.0,50,2600
20231214,09:41:12,501.0,200,2600
20231214,09:49:21,514.0,50,2800
20231214,09:49:32,516.35,300,2800
20231214,09:50:23,525.75,100,2800
20231214,10:12:12,525.75,100,2750
20231214,11:17:44,525.75,50,2650
20231214,11:20:56,517.0,50,2650
20231215,15:24:34,784.55,1,2600
20231215,15:24:34,784.55,150,2600
20231218,09:15:19,706.1,1,2600
20231218,09:15:19,706.1,50,2600
20231218,09:19:27,744.8,150,2600
20231218,09:20:11,744.8,50,2600
20231218,09:20:22,728.95,50,2600
20231218,09:22:08,728.95,50,2700
20231219,14:22:19,818.0,1,2700
20231219,14:22:19,818.0,50,2700
20231220,09:29:45,894.1,1,2650
20231220,09:29:45,894.1,50,2650
20231220,09:45:45,886.0,50,2600
20231220,10:25:09,886.0,50,2650
20231220,10:35:00,878.0,50,2650
20231221,15:23:53,610.85,1,2700
20231221,15:23:53,610.85,50,2700
20231221,15:25:43,615.75,50,2750
20231222,09:39:59,613.3,1,2800
20231222,09:39:59,613.3,50,2800
20231222,14:05:55,628.0,50,2800
20231222,15:15:21,705.0,350,2850
20231222,15:29:55,705.0,50,3150
20231226,09:59:43,711.3,1,2550
20231226,09:59:43,711.3,300,2550
20231226,09:59:53,714.1,350,2850
20231226,10:00:03,714.6,250,2850
20231226,10:00:14,720.65,150,2850
20231226,10:09:23,744.65,50,2600
20231226,10:22:59,751.4,400,2600
20231226,10:41:51,799.0,100,2600
20231226,11:12:05,799.0,100,2700
20231226,11:22:39,775.85,100,2750
20231226,11:59:36,779.85,100,2750
20231226,15:01:28,762.65,50,2800
20231226,15:01:37,760.95,50,2800
20231226,15:01:46,760.2,50,2800
20231226,15:01:56,752.35,50,2800
20231226,15:02:06,741.3,50,2800
20231226,15:11:43,735.0,50,2550
20231228,09:30:27,999.0,1,2550
20231228,09:30:27,999.0,50,2550
20231228,09:42:20,961.6,1200,2500
20231228,09:42:30,961.6,650,2500
20231228,09:44:53,994.3,1000,2500
20231228,09:45:12,994.4,800,4800
20231228,09:45:39,994.4,350,4800
20231228,10:08:14,922.8,1800,5950
20231228,10:08:25,922.8,1800,5950
20231228,10:08:45,943.0,1800,5950
20231228,10:08:54,952.85,1000,5950
20231228,10:09:13,958.0,2700,10700
20231228,10:09:23,960.0,500,10700
20231228,10:09:32,958.8,2550,10700
20231228,10:09:41,950.25,750,10700
20231228,10:10:20,959.8,1800,10700
20231228,10:10:43,966.55,1800,10700
20231228,10:11:02,961.2,1800,10700
20231228,10:11:13,961.5,1500,10700
20231228,10:11:24,953.7,1800,10700
20231228,10:11:34,946.75,3650,10700
20231228,10:11:44,950.0,650,10700
20231228,10:11:53,944.75,2800,10700
20231228,10:12:03,945.1,1050,10700
20231228,10:12:13,950.0,1200,24850
20231228,10:12:22,951.3,700,24850
20231228,10:12:31,955.7,1050,24850
20231228,10:12:41,954.35,2700,24850
20231228,10:12:50,940.9,2050,24850
20231228,10:13:00,950.6,2900,24850
20231228,10:13:09,949.8,900,24850
20231228,10:13:18,946.2,2050,24850
20231228,10:13:36,950.0,150,24850
20231228,10:13:45,942.65,1800,24850
20231228,10:14:13,955.8,2550,24850
20231228,10:14:23,956.65,2950,24850
20231228,10:14:41,949.1,1800,24850
20231228,10:14:50,949.1,1800,24850
20231228,10:15:00,956.65,450,24850
20231228,10:15:09,947.9,2200,42250
20231228,10:15:18,950.95,50,42250
20231228,10:15:28,952.4,1000,42250
20231228,10:15:37,954.7,850,42250
20231228,10:15:55,954.75,100,42250
20231228,10:16:04,951.1,3600,42250
20231228,10:16:24,960.45,2350,42250
20231228,10:16:33,953.5,1100,42250
20231228,10:16:43,955.3,3000,42250
20231228,10:16:52,959.15,600,42250
20231228,10:17:01,955.3,200,42250
20231228,10:17:10,956.65,100,42250
20231228,10:17:20,961.15,2100,42250
20231228,10:17:29,963.0,50,42250
20231228,10:17:39,962.95,400,42250
20231228,10:17:48,957.65,1850,42250
20231228,10:18:18,970.0,250,55900
20231228,10:18:27,963.6,1500,55900
20231228,10:18:37,967.3,300,55900
20231228,10:18:46,963.9,550,55900
20231228,10:19:04,964.05,300,55900
20231228,10:19:22,960.55,150,55900
20231228,10:19:41,967.05,100,55900
20231228,10:19:50,967.7,200,55900
20231228,10:19:58,967.75,200,55900
20231228,10:20:07,964.25,100,55900
20231228,10:20:19,967.75,300,55900
20231228,10:20:37,963.3,50,55900
20231228,10:20:53,959.55,100,55900
20231228,10:21:04,955.75,100,55900
20231228,10:21:32,954.75,200,55900
20231228,10:21:34,955.2,350,58650
20231228,10:21:35,955.7,50,58650
20231228,10:21:51,952.75,100,58650
20231228,10:22:03,948.0,250,58650
20231228,10:22:05,950.45,100,58650
20231228,10:22:30,950.85,200,58650
20231228,10:22:40,946.2,50,58650
20231228,10:22:44,950.4,150,58650
20231228,10:22:55,945.65,2000,58650
20231228,10:22:57,949.1,550,58650
20231228,10:23:07,952.85,150,58650
20231228,10:23:08,953.8,50,58650
20231228,10:23:21,958.55,50,58650
20231228,10:23:40,960.45,50,58650
20231228,10:25:01,963.35,100,61950
20231228,10:25:05,965.2,100,61950
20231228,10:25:14,965.6,100,61950
20231228,10:25:18,969.0,50,61950
20231228,10:25:31,967.8,100,61950
20231228,10:25:39,962.85,150,61950
20231228,10:25:50,958.55,200,61950
20231228,10:26:06,959.5,50,61950
20231228,10:26:08,959.5,50,61950
20231228,10:26:27,955.8,50,61950
20231228,10:26:45,957.6,100,61950
20231228,10:27:00,956.65,100,61950
20231228,10:27:05,958.8,50,61950
20231228,10:28:00,961.6,350,62100
20231228,10:28:08,961.4,100,62100
20231228,10:28:30,960.45,50,62100
20231228,10:28:59,964.65,100,62100
20231228,10:29:00,964.25,100,62100
20231228,10:29:03,962.9,100,62100
20231228,10:29:20,960.4,400,62100
20231228,10:29:27,958.6,100,62100
20231228,10:29:52,964.55,100,62100
20231228,10:30:29,976.6,100,61750
20231228,10:30:44,972.65,300,61750
20231228,10:31:13,970.2,400,61750
20231228,10:31:20,968.05,550,61750
20231228,10:31:50,966.05,50,61750
20231228,10:32:41,963.3,50,61750
20231228,10:34:35,965.3,50,60650
20231228,10:35:19,964.25,100,60650
20231228,10:36:24,960.45,100,60600
20231228,10:36:31,958.0,100,60600
20231228,10:36:35,952.85,50,60600
20231228,10:37:32,955.2,150,60600
20231228,10:37:44,959.95,100,60600
20231228,10:40:12,951.0,100,60600
20231228,10:40:30,948.0,400,60350
20231228,10:40:35,944.3,50,60350
20231228,10:40:42,948.1,50,60350
20231228,10:42:36,957.6,50,60150
20231228,10:42:43,961.4,50,60150
20231228,10:43:01,962.85,200,60150
20231228,10:44:10,953.85,200,60150
20231228,10:44:20,955.2,50,60150
20231228,10:46:10,955.45,1800,60450
20231228,10:46:27,955.55,1800,60450
20231228,10:46:36,962.35,100,60450
20231228,10:47:13,960.65,1900,60450
20231228,10:47:37,962.85,50,60450
20231228,10:47:48,958.65,1800,60450
20231228,10:48:26,962.35,2500,67400
20231228,10:48:53,959.7,2000,67400
20231228,10:49:02,959.75,1800,67400
20231228,10:49:10,959.75,1800,67400
20231228,10:49:45,959.95,1800,67400
20231228,10:49:53,959.9,1800,67400
20231228,10:50:03,962.35,1950,67400
20231228,10:51:25,962.2,1800,79900
20231228,10:52:01,961.6,550,79900
20231228,10:52:36,959.45,1800,79900
20231228,10:53:40,952.55,1800,79900
20231228,10:53:53,956.7,250,79900
20231228,10:54:02,956.85,100,79900
20231228,10:54:03,956.85,50,79900
20231228,10:54:13,951.9,1850,79900
20231228,10:54:48,947.15,2000,85400
20231228,10:55:01,948.15,250,85400
20231228,10:55:11,944.45,1800,85400
20231228,10:55:18,950.4,200,85400
20231228,10:55:55,949.95,100,85400
20231228,10:56:04,949.95,150,85400
20231228,10:56:22,952.0,300,85400
20231228,10:56:50,952.8,350,85400
20231228,10:57:13,954.75,100,85400
20231228,10:57:25,955.15,100,91350
20231228,10:57:42,952.05,500,91350
20231228,10:57:51,952.75,700,91350
20231228,10:58:00,947.15,550,91350
20231228,10:58:15,945.8,350,91350
20231228,10:58:25,939.6,100,91350
20231228,10:58:32,940.0,300,91350
20231228,10:58:49,945.6,100,91350
20231228,10:58:55,948.0,50,91350
20231228,10:59:02,943.5,300,91350
20231228,10:59:03,946.2,100,91350
20231228,10:59:12,950.4,50,91350
20231228,10:59:55,951.9,50,91350
20231228,11:00:40,946.2,100,93950
20231228,11:00:43,943.35,1150,93950
20231228,11:00:49,945.75,50,93950
20231228,11:00:56,948.0,100,93950
20231228,11:02:20,953.8,100,93950
20231228,11:02:23,953.4,50,93950
20231228,11:02:27,952.8,100,93950
20231228,11:02:33,950.0,100,93950
20231228,11:04:41,950.2,150,94950
20231228,11:06:01,952.85,100,94950
20231228,11:06:33,955.7,50,94950
20231228,11:07:16,955.7,50,94950
20231228,11:09:13,996.65,200,94950
20231228,11:09:34,992.55,1200,95200
20231228,11:09:54,988.55,200,95200
20231228,11:10:23,990.0,200,95200
20231228,11:10:43,990.05,200,95200
20231228,11:15:02,985.1,50,96650
20231228,11:15:24,989.95,50,96650
20231228,11:15:34,980.45,200,96650
20231228,11:15:44,981.2,50,96650
20231228,11:17:28,984.65,1200,96650
20231228,11:17:50,980.4,550,96650
20231228,11:17:57,977.15,50,96650
20231228,11:18:07,980.0,200,96650
20231228,11:18:19,980.0,50,97300
20231228,11:18:24,978.3,300,97300
20231228,11:18:36,986.1,200,97300
20231228,11:19:07,980.4,1600,97300
20231228,11:19:16,978.2,300,97300
20231228,11:19:23,978.35,250,97300
20231228,11:19:28,978.45,50,97300
20231228,11:22:03,984.25,500,99500
20231228,11:22:22,983.35,500,99500
20231228,11:22:30,983.35,500,99500
20231228,11:22:49,981.95,700,99500
20231228,11:23:15,980.95,500,99500
20231228,11:23:43,980.8,500,99500
20231228,11:26:48,989.05,250,102000
20231228,11:26:57,988.95,250,102000
20231228,11:27:06,988.95,200,102000
20231228,11:27:15,989.0,50,102000
20231228,11:27:24,989.0,50,102550
20231228,11:27:42,989.45,50,102550
20231228,11:31:25,995.85,1200,102650
20231228,11:31:35,993.3,300,102650
20231228,11:31:44,992.85,250,102650
20231228,11:31:53,993.25,50,102650
20231228,11:33:04,998.45,1950,102650
20231228,11:33:13,998.1,300,102650
20231228,11:33:22,996.6,300,106500
20231228,11:35:10,994.7,1500,106500
20231228,11:35:21,993.75,300,106500
20231228,11:36:47,998.45,200,108050
20231228,11:36:56,997.5,400,108050
20231228,11:37:06,997.5,200,108050
20231228,11:37:15,995.65,200,108050
20231228,11:37:33,995.8,200,108050
20231228,11:37:42,995.25,200,108050
20231228,11:37:50,994.9,200,108050
20231228,11:37:59,993.65,200,108050
20231228,11:38:25,993.7,150,108050
20231228,11:38:34,993.7,100,108050
20231228,11:39:08,994.2,200,108050
20231228,11:39:17,994.35,400,110500
20231228,11:39:26,993.5,200,110500
20231228,11:39:34,993.5,150,110500
20231228,11:39:43,993.1,50,110500
20231228,11:43:11,993.1,50,111100
20231228,11:43:32,994.4,350,111100
20231228,11:43:47,992.1,150,111100
20231228,11:44:03,991.8,250,111100
20231228,11:44:07,986.9,150,111100
20231228,11:44:13,989.75,150,111100
20231228,11:44:21,991.4,150,111100
20231228,11:44:29,991.3,150,111100
20231228,11:44:42,990.45,350,111100
20231228,11:45:15,990.15,50,111100
20231228,11:46:12,992.5,50,111900
20231228,11:46:17,992.55,50,111900
20231228,11:46:22,992.4,50,111900
20231228,11:46:28,992.3,50,111900
20231228,11:46:44,992.5,50,111900
20231228,11:47:39,994.45,150,111900
20231228,11:50:37,996.05,100,112150
20231228,11:50:42,995.55,250,112150
20231228,11:52:11,995.2,50,112250
20231228,12:13:43,995.2,200,112250
20231228,12:13:52,993.55,50,112250
20231228,12:14:01,992.65,50,112250
20231228,12:14:34,995.35,300,112250
20231228,12:17:00,1001.55,300,112150
20231228,12:17:08,996.55,650,112150
20231228,12:17:16,996.75,100,112150
20231228,12:17:24,995.9,100,112150
20231228,12:17:40,995.9,100,112150
20231228,12:17:48,995.9,200,112150
20231228,12:18:04,993.95,100,112150
20231228,12:18:20,994.85,50,112150
20231228,12:18:28,994.35,50,113100
20231228,12:20:13,1004.1,50,113100
20231228,12:20:17,1004.1,50,113100
20231228,12:20:25,1004.5,250,113100
20231228,12:20:34,1005.25,150,113100
20231228,12:20:42,1005.1,150,113100
20231228,12:22:07,1006.75,200,113200
20231228,12:24:12,1014.7,200,113200
20231228,12:27:53,1018.0,50,113200
20231228,12:28:03,1022.45,150,113200
20231228,12:28:13,1024.15,150,113200
20231228,12:47:07,1026.1,700,113300
20231228,12:47:17,1025.4,400,113300
20231228,12:47:26,1025.9,100,113300
20231228,12:47:36,1026.6,100,113300
20231228,12:47:45,1026.6,100,113300
20231228,12:47:53,1027.0,50,113300
20231228,12:48:02,1031.95,100,113300
20231228,12:51:38,1031.95,150,114600
20231228,12:53:54,1010.2,50,114600
20231228,12:54:11,1009.6,50,114600
20231228,12:54:17,1009.55,100,114600
20231228,12:56:48,1015.15,50,114700
20231228,12:57:02,1014.9,200,114700
20231228,12:57:11,1014.55,250,114700
20231228,12:57:22,1015.35,100,114700
20231228,12:57:43,1018.4,100,114100
20231228,13:00:41,1008.45,200,114000
20231228,13:01:06,1005.85,50,114000
20231228,13:01:15,1007.6,500,114000
20231228,13:01:16,1008.55,500,114000
20231228,13:01:20,1007.35,500,114000
20231228,13:02:27,1009.85,100,114000
20231228,13:02:33,1009.6,100,114000
20231228,13:02:37,1015.7,150,114000
20231228,13:02:38,1011.1,100,114000
20231228,13:02:40,1010.3,100,114000
20231228,13:02:46,1010.35,50,114000
20231228,13:02:48,1009.95,50,114000
20231228,13:03:16,1009.7,250,114000
20231228,13:03:22,1008.6,100,114000
20231228,13:03:26,1009.25,100,114000
20231228,13:03:40,1009.4,50,116350
20231228,13:03:43,1009.45,50,116350
20231228,13:03:47,1009.75,50,116350
20231228,13:03:52,1009.8,50,116350
20231228,13:03:57,1009.7,50,116350
20231228,13:03:59,1009.3,50,116350
20231228,13:04:01,1009.0,50,116350
20231228,13:04:07,1008.05,50,116350
20231228,13:04:08,1013.3,50,116350
20231228,13:04:09,1013.1,150,116350
20231228,13:04:11,1013.1,350,116350
20231228,13:04:32,1011.75,200,116350
20231228,13:04:33,1012.35,50,116350
20231228,13:04:39,1011.7,100,116350
20231228,13:04:58,1012.6,250,116350
20231228,13:05:30,1008.75,500,116350
20231228,13:05:32,1014.5,400,116350
20231228,13:05:36,1008.8,250,116350
20231228,13:05:42,1008.75,100,116350
20231228,13:05:43,1008.6,150,116350
20231228,13:05:44,1013.25,150,116350
20231228,13:05:48,1008.65,50,116350
20231228,13:05:51,1012.5,50,116350
20231228,13:05:52,1012.25,200,116350
20231228,13:06:29,1013.75,50,116350
20231228,13:07:10,1010.05,250,117700
20231228,13:07:12,1009.8,250,117700
20231228,13:07:18,1009.7,100,117700
20231228,13:07:20,1009.4,100,117700
20231228,13:07:23,1009.2,100,117700
20231228,13:07:29,1009.65,50,117700
20231228,13:07:37,1014.7,100,117700
20231228,13:07:39,1014.55,100,117700
20231228,13:07:41,1014.8,50,117700
20231228,13:07:46,1014.3,50,117700
20231228,13:08:05,1016.3,600,117700
20231228,13:08:09,1017.6,150,117700
20231228,13:08:24,1017.5,300,117700
20231228,13:12:38,1025.15,250,118650
20231228,13:12:42,1025.8,250,118650
20231228,13:12:49,1025.9,150,118650
20231228,13:12:54,1026.95,100,118650
20231228,13:13:33,1029.85,250,118650
20231228,13:13:44,1029.85,100,118650
20231228,13:14:53,1025.05,50,118650
20231228,13:15:01,1025.8,150,118650
20231228,13:16:20,1020.1,450,118650
20231228,13:28:06,994.55,50,118650
20231228,13:28:54,993.8,2000,118650
20231228,13:29:03,996.15,750,118650
20231228,13:29:13,997.55,400,118650
20231228,13:29:17,997.7,50,118650
20231228,13:29:28,1004.75,300,118650
20231228,13:29:30,1000.15,700,118650
20231228,13:29:32,1006.9,250,118650
20231228,13:29:34,1007.15,50,118650
20231228,13:29:35,1007.2,50,118650
20231228,13:29:37,1009.1,550,118650
20231228,13:33:24,995.0,1800,122500
20231228,13:33:34,998.9,100,124300
20231228,13:33:45,992.2,1800,124300
20231228,13:33:59,991.3,1800,124300
20231228,13:34:03,997.6,300,124300
20231228,13:34:05,997.85,300,124300
20231228,13:34:21,992.8,1800,124300
20231228,13:34:38,992.2,1800,124300
20231228,13:34:46,996.55,2150,124300
20231228,13:34:54,1000.05,800,124300
20231228,13:35:03,998.2,250,124300
20231228,13:35:19,993.6,1800,124300
20231228,13:35:28,993.85,1800,124300
20231228,13:35:45,991.4,3600,124300
20231228,13:35:53,991.25,1800,124300
20231228,13:36:10,990.25,1800,124300
20231228,13:36:15,990.25,1800,124300
20231228,13:36:16,990.35,1800,124300
20231228,13:38:49,999.0,250,147850
20231228,13:39:51,997.05,50,148100
20231228,13:39:58,996.05,1800,148100
20231228,13:44:48,993.75,5150,149750
20231228,13:44:49,1001.4,600,149750
20231228,13:44:50,1001.5,300,149750
20231228,13:44:53,1000.1,3100,149750
20231228,13:45:11,1000.8,500,149750
20231228,13:45:12,1001.55,250,149750
20231228,13:45:19,1001.25,200,149750
20231228,13:45:28,1000.7,650,149750
20231228,13:45:53,1000.95,100,153500
20231228,13:46:02,997.05,2200,153500
20231228,13:46:11,996.9,500,153500
20231228,13:46:29,997.25,500,153500
20231228,13:46:38,1000.75,400,153500
20231228,13:46:47,1001.35,200,153500
20231228,13:46:55,994.1,1950,153500
20231228,13:47:04,1000.95,200,153500
20231228,13:47:12,1001.55,1900,153500
20231228,13:47:15,1001.9,200,153500
20231228,13:47:16,994.25,1800,153500
20231228,13:47:17,1000.45,50,153500
20231228,13:47:19,1000.95,250,153500
20231228,13:47:22,1001.05,1200,153500
20231228,13:47:23,1001.15,100,153500
20231228,13:47:27,1000.25,100,153500
20231228,13:47:27,1000.25,350,153500
20231228,13:47:29,999.65,200,153500
20231228,13:47:30,999.35,50,153500
20231228,13:47:32,999.05,100,153500
20231228,13:47:33,998.7,800,153500
20231228,13:47:38,999.1,250,153500
20231228,13:47:43,997.6,850,153500
20231228,13:47:45,992.05,1800,153500
20231228,13:47:52,999.6,500,153500
20231228,13:47:55,999.4,50,153500
20231228,13:48:02,999.15,400,153500
20231228,13:48:04,999.55,500,153500
20231228,13:48:14,997.9,100,153500
20231228,13:48:21,997.6,2650,153500
20231228,13:48:29,997.6,900,153500
20231228,13:48:51,992.5,1800,164000
20231228,13:48:59,997.85,250,164000
20231228,13:49:06,998.7,700,164000
20231228,13:49:14,998.5,200,164000
20231228,13:49:45,1000.5,650,164000
20231228,13:49:54,1000.9,350,164000
20231228,13:50:02,1001.95,200,164000
20231228,13:50:11,1002.35,2100,164000
20231228,13:50:15,1001.7,450,164000
20231228,13:50:21,1001.35,950,164000
20231228,13:51:34,996.55,1600,164000
20231228,13:52:08,999.85,100,169200
20231228,13:54:34,998.45,1600,169200
20231228,13:54:48,1002.65,200,170700
20231228,13:55:43,997.45,1950,170700
20231228,13:57:04,1001.3,2100,170700
20231228,13:57:12,995.7,1800,170700
20231228,13:57:15,999.95,1600,170700
20231228,13:57:19,1000.3,1900,170700
20231228,13:57:31,994.6,1800,170700
20231228,13:57:32,999.85,100,170700
20231228,13:57:36,1000.0,2200,179250
20231228,13:57:37,1000.0,50,179250
20231228,13:57:39,994.45,1800,179250
20231228,13:57:41,994.7,1600,179250
20231228,13:57:46,999.25,50,179250
20231228,13:58:08,994.15,50,179250
20231228,13:58:14,994.25,50,179250
20231228,13:58:18,994.2,50,179250
20231228,13:58:24,994.3,50,179250
20231228,13:58:45,994.3,50,179250
20231228,13:58:50,994.25,50,179250
20231228,13:58:55,994.2,50,179250
20231228,13:58:59,993.7,50,179250
20231228,13:59:00,993.7,150,179250
20231228,13:59:07,991.75,100,179250
20231228,13:59:10,988.05,50,179250
20231228,13:59:20,991.05,750,179250
20231228,13:59:38,993.4,50,179250
20231228,13:59:47,993.65,1850,179250
20231228,14:00:34,1001.0,200,179250
20231228,14:00:43,999.2,250,187200
20231228,14:00:45,999.2,150,187200
20231228,14:00:46,999.2,100,187200
20231228,14:00:59,1000.75,500,187200
20231228,14:01:01,999.5,100,187200
20231228,14:01:05,996.1,350,187200
20231228,14:01:57,998.1,100,187200
20231228,14:02:10,998.1,100,187200
20231228,14:02:51,1008.35,100,187200
20231228,14:02:53,1008.45,250,187200
20231228,14:03:02,1005.25,50,187200
20231228,14:03:31,1014.45,150,187200
20231228,14:03:35,1015.1,300,187200
20231228,14:03:39,1015.65,50,187200
20231228,14:03:41,1016.1,50,187800
20231228,14:03:49,1011.0,600,187800
20231228,14:04:00,1011.75,100,187800
20231228,14:04:10,1011.75,100,187800
20231228,14:04:15,1014.25,100,187800
20231228,14:04:18,1011.85,100,187800
20231228,14:04:32,1012.85,100,187800
20231228,14:04:51,1012.9,50,187800
20231228,14:05:08,1012.45,50,187800
20231228,14:05:30,1014.1,50,187800
20231228,14:05:35,1012.05,350,187800
20231228,14:05:40,1012.25,200,187800
20231228,14:06:04,1010.3,100,187800
20231228,14:06:07,1008.9,600,187800
20231228,14:06:14,1006.85,100,187800
20231228,14:06:27,1009.8,50,187800
20231228,14:06:28,1005.7,100,187800
20231228,14:06:38,1005.7,100,187800
20231228,14:06:47,1006.1,100,189550
20231228,14:06:55,1010.0,200,189550
20231228,14:07:06,1007.25,50,189550
20231228,14:07:15,1008.9,50,189550
20231228,14:08:56,1012.85,600,189550
20231228,14:09:04,1012.25,100,189550
20231228,14:09:14,1012.5,100,189550
20231228,14:09:26,1011.4,100,189550
20231228,14:09:36,1010.0,100,189550
20231228,14:09:45,1010.05,100,190600
20231228,14:10:01,1009.1,50,190600
20231228,14:10:14,1008.85,50,190600
20231228,14:14:05,994.7,1600,190800
20231228,14:14:27,995.65,1600,190800
20231228,14:14:49,993.75,1600,190800
20231228,14:15:03,989.55,1500,190800
20231228,14:15:11,991.15,1600,190800
20231228,14:15:18,992.95,100,190800
20231228,14:15:19,996.65,300,190800
20231228,14:15:20,996.65,450,190800
20231228,14:15:31,994.35,1600,190800
20231228,14:15:33,994.6,50,190800
20231228,14:15:40,992.7,1500,190800
20231228,14:15:51,991.55,1500,200900
20231228,14:15:53,993.15,1600,200900
20231228,14:16:00,993.2,1500,200900
20231228,14:16:33,991.0,1000,200900
20231228,14:16:37,990.95,500,200900
20231228,14:16:39,992.1,200,200900
20231228,14:16:42,993.6,250,200900
20231228,14:16:48,994.6,50,200900
20231228,14:17:05,991.4,1000,200900
20231228,14:17:11,992.45,500,200900
20231228,14:17:29,990.85,1000,200900
20231228,14:17:30,993.7,2300,200900
20231228,14:17:32,992.75,500,200900
20231228,14:17:37,996.75,200,200900
20231228,14:17:39,997.25,450,200900
20231228,14:17:51,994.2,1000,200900
20231228,14:17:56,994.2,500,200900
20231228,14:18:19,990.9,300,200900
20231228,14:18:20,991.3,250,200900
20231228,14:18:23,991.65,100,200900
20231228,14:18:24,986.7,500,200900
20231228,14:18:43,986.1,1000,214900
20231228,14:18:47,987.1,1000,214900
20231228,14:18:59,984.45,500,214900
20231228,14:19:02,983.5,1000,214900
20231228,14:19:03,984.15,50,214900
20231228,14:19:04,987.9,200,214900
20231228,14:19:05,987.35,250,214900
20231228,14:19:15,984.35,100,214900
20231228,14:19:25,986.1,700,214900
20231228,14:19:41,982.7,100,214900
20231228,14:19:45,982.75,50,214900
20231228,14:19:50,982.85,50,214900
20231228,14:19:51,979.8,1000,214900
20231228,14:19:53,979.1,550,214900
20231228,14:20:00,978.5,700,214900
20231228,14:20:13,981.4,50,214900
20231228,14:20:14,979.35,500,214900
20231228,14:20:27,980.25,100,214900
20231228,14:20:28,978.15,500,214900
20231228,14:20:31,978.9,100,214900
20231228,14:20:34,984.15,100,214900
20231228,14:20:35,979.75,100,214900
20231228,14:20:43,979.4,1000,214900
20231228,14:20:45,980.4,500,214900
20231228,14:20:49,986.05,100,214900
20231228,14:21:02,984.9,100,214900
20231228,14:21:05,984.4,100,214900
20231228,14:21:10,984.45,100,214900
20231228,14:21:12,987.3,50,214900
20231228,14:21:15,989.35,50,214900
20231228,14:21:20,983.35,500,214900
20231228,14:21:28,988.9,700,214900
20231228,14:21:29,989.4,450,214900
20231228,14:21:33,988.95,550,214900
20231228,14:21:34,986.1,100,214900
20231228,14:21:42,986.8,50,226300
20231228,14:21:51,987.45,50,226300
20231228,14:21:56,987.4,500,226300
20231228,14:22:00,987.05,500,226300
20231228,14:22:12,987.6,500,226300
20231228,14:22:14,988.25,500,226300
20231228,14:22:19,993.65,200,226300
20231228,14:22:25,990.9,500,226300
20231228,14:22:28,994.25,250,226300
20231228,14:22:45,991.15,500,226300
20231228,14:22:55,993.65,100,226300
20231228,14:22:59,993.6,100,226300
20231228,14:23:01,993.55,100,226300
20231228,14:23:03,993.6,100,226300
20231228,14:23:42,991.1,500,226300
20231228,14:23:44,991.65,950,226300
20231228,14:23:45,993.0,1500,226300
20231228,14:23:55,993.05,250,226300
20231228,14:23:56,997.1,150,226300
20231228,14:23:57,997.75,100,226300
20231228,14:24:18,993.7,1500,226300
20231228,14:24:26,994.45,50,226300
20231228,14:24:29,990.55,650,226300
20231228,14:24:30,994.95,150,226300
20231228,14:25:50,996.15,50,234750
20231228,14:26:04,996.15,100,234750
20231228,14:26:08,994.55,1000,234750
20231228,14:26:13,994.7,250,234750
20231228,14:26:17,998.95,200,234750
20231228,14:26:18,995.6,700,234750
20231228,14:26:28,998.2,200,234750
20231228,14:26:32,997.6,100,234750
20231228,14:26:45,997.0,100,234750
20231228,14:26:54,996.9,100,234750
20231228,14:27:05,997.65,150,234750
20231228,14:27:09,1000.7,50,234750
20231228,14:27:11,1000.8,250,234750
20231228,14:27:14,997.65,100,234750
20231228,14:27:19,997.2,250,234750
20231228,14:27:24,997.65,100,234750
20231228,14:27:25,997.8,100,234750
20231228,14:27:27,997.75,100,234750
20231228,14:27:29,997.85,100,234750
20231228,14:27:40,999.9,100,234750
20231228,14:27:42,1004.65,100,237350
20231228,14:27:49,1000.45,100,237350
20231228,14:27:50,1004.85,400,237350
20231228,14:27:58,1002.4,100,237350
20231228,14:28:08,1002.65,100,237350
20231228,14:28:18,1002.6,100,237350
20231228,14:28:20,1003.1,100,237350
20231228,14:28:28,1002.45,100,237350
20231228,14:28:37,1002.75,100,237350
20231228,14:28:45,1003.1,100,237350
20231228,14:28:55,1003.4,100,237350
20231228,14:29:29,999.2,50,237350
20231228,14:29:47,998.2,100,237350
20231228,14:29:52,996.6,50,237350
20231228,14:30:49,992.05,1200,238150
20231228,14:31:06,989.7,1200,238150
20231228,14:31:13,989.45,1200,238150
20231228,14:31:20,994.15,50,238150
20231228,14:31:27,988.9,1200,238150
20231228,14:31:28,994.2,100,238150
20231228,14:31:39,990.05,1200,238150
20231228,14:31:54,995.4,500,238150
20231228,14:31:55,993.65,500,238150
20231228,14:31:57,1000.1,50,238150
20231228,14:32:09,999.4,100,238150
20231228,14:32:10,999.85,50,238150
20231228,14:32:11,994.6,500,238150
20231228,14:32:15,1000.3,100,238150
20231228,14:32:16,997.1,250,238150
20231228,14:32:18,998.05,250,238150
20231228,14:32:31,1000.1,50,238150
20231228,14:32:46,1000.6,100,238150
20231228,14:33:20,999.5,200,238150
20231228,14:33:22,994.15,550,238150
20231228,14:33:34,1000.15,150,238150
20231228,14:33:47,993.2,500,246650
20231228,14:33:51,995.7,500,246650
20231228,14:33:57,995.6,250,246650
20231228,14:33:58,999.25,50,246650
20231228,14:34:00,996.1,100,246650
20231228,14:34:01,999.55,100,246650
20231228,14:34:05,997.3,100,246650
20231228,14:34:12,997.65,50,246650
20231228,14:34:38,997.1,50,246650
20231228,14:34:41,997.1,50,246650
20231228,14:34:45,996.8,150,246650
20231228,14:34:48,994.45,1000,246650
20231228,14:34:53,998.4,1550,246650
20231228,14:35:03,997.2,100,246650
20231228,14:35:04,998.4,1550,246650
20231228,14:35:07,998.45,200,246650
20231228,14:35:08,999.4,250,246650
20231228,14:35:12,997.8,50,246650
20231228,14:35:14,993.45,50,246650
20231228,14:35:15,992.75,1000,246650
20231228,14:35:17,997.4,200,246650
20231228,14:35:18,994.85,100,246650
20231228,14:35:26,998.8,200,246650
20231228,14:35:27,993.75,1000,246650
20231228,14:35:29,998.65,50,246650
20231228,14:35:30,998.6,100,246650
20231228,14:35:31,998.45,150,246650
20231228,14:35:32,993.5,1000,246650
20231228,14:35:36,995.45,850,246650
20231228,14:35:37,998.25,100,246650
20231228,14:35:38,993.4,1000,246650
20231228,14:35:41,995.65,100,246650
20231228,14:35:45,995.8,100,246650
20231228,14:35:54,999.85,150,246650
20231228,14:36:00,999.5,50,246650
20231228,14:36:13,999.15,600,246650
20231228,14:36:55,1000.75,400,256200
20231228,14:37:00,999.85,50,256200
20231228,14:37:01,1001.0,100,256200
20231228,14:37:14,999.8,200,256200
20231228,14:37:16,1000.15,300,256200
20231228,14:37:19,996.45,50,256200
20231228,14:37:24,998.5,50,256200
20231228,14:37:28,999.3,550,256200
20231228,14:37:30,998.6,50,256200
20231228,14:37:38,995.7,100,256200
20231228,14:37:39,999.2,450,256200
20231228,14:37:40,999.8,250,256200
20231228,14:37:46,995.2,50,256200
20231228,14:37:47,995.35,100,256200
20231228,14:37:49,993.7,50,256200
20231228,14:37:53,994.0,50,256200
20231228,14:37:56,994.25,100,256200
20231228,14:37:57,994.25,50,256200
20231228,14:38:04,997.95,300,256200
20231228,14:38:07,997.55,250,256200
20231228,14:38:10,993.7,100,256200
20231228,14:38:10,997.05,100,256200
20231228,14:38:14,992.6,100,256200
20231228,14:38:19,990.55,50,256200
20231228,14:38:20,995.5,50,256200
20231228,14:38:23,990.45,50,256200
20231228,14:38:38,990.7,100,256200
20231228,14:38:42,991.85,150,256200
20231228,14:38:45,989.6,50,256200
20231228,14:38:47,991.65,300,256200
20231228,14:38:49,989.65,50,256200
20231228,14:39:09,989.6,500,256200
20231228,14:39:11,989.7,500,256200
20231228,14:39:16,989.6,100,256200
20231228,14:39:17,989.0,100,256200
20231228,14:39:21,989.1,100,256200
20231228,14:39:25,986.9,550,256200
20231228,14:39:28,986.7,500,256200
20231228,14:39:29,987.75,50,256200
20231228,14:39:30,988.0,100,256200
20231228,14:39:36,987.2,500,256200
20231228,14:39:38,986.9,500,256200
20231228,14:39:49,988.6,100,260950
20231228,14:39:50,991.55,100,260950
20231228,14:39:52,988.8,100,260950
20231228,14:39:56,988.45,50,260950
20231228,14:40:00,986.9,50,260950
20231228,14:40:10,989.9,350,260950
20231228,14:40:14,989.95,250,260950
20231228,14:40:21,987.15,1800,260950
20231228,14:40:28,986.8,1100,260950
20231228,14:40:34,986.75,50,260950
20231228,14:40:48,986.8,50,260950
20231228,14:40:51,984.25,1800,260950
20231228,14:40:54,986.8,50,260950
20231228,14:41:02,985.9,50,260950
20231228,14:41:07,985.0,500,260950
20231228,14:41:13,983.9,1800,260950
20231228,14:41:14,983.4,100,260950
20231228,14:41:17,986.5,50,260950
20231228,14:41:18,983.6,50,260950
20231228,14:41:20,986.3,200,260950
20231228,14:41:22,983.8,50,260950
20231228,14:41:23,986.3,50,260950
20231228,14:41:25,985.9,50,260950
20231228,14:41:30,986.8,600,260950
20231228,14:41:31,988.1,50,260950
20231228,14:41:34,989.1,150,260950
20231228,14:41:38,987.25,200,260950
20231228,14:41:41,987.9,600,260950
20231228,14:41:45,987.55,100,260950
20231228,14:41:49,991.1,100,260950
20231228,14:41:52,991.0,50,260950
20231228,14:42:06,988.75,100,260950
20231228,14:42:09,989.75,100,260950
20231228,14:42:14,989.75,50,260950
20231228,14:42:17,990.15,50,260950
20231228,14:42:22,993.55,1000,260950
20231228,14:42:28,990.55,1800,260950
20231228,14:42:29,990.2,200,260950
20231228,14:42:32,990.2,1900,260950
20231228,14:42:39,990.4,100,260950
20231228,14:42:41,990.95,1000,260950
20231228,14:42:43,990.45,50,260950
20231228,14:42:51,990.55,900,272950
20231228,14:43:00,992.8,1000,272950
20231228,14:43:10,989.85,100,272950
20231228,14:43:14,989.7,100,272950
20231228,14:43:17,989.75,50,272950
20231228,14:43:20,989.45,50,272950
20231228,14:43:28,988.1,500,272950
20231228,14:43:33,991.35,100,272950
20231228,14:43:34,991.75,700,272950
20231228,14:43:37,988.45,550,272950
20231228,14:43:41,987.45,50,272950
20231228,14:43:43,986.1,500,272950
20231228,14:43:45,985.2,550,272950
20231228,14:43:48,986.3,50,272950
20231228,14:43:52,986.45,50,272950
20231228,14:43:56,990.85,500,272950
20231228,14:43:59,987.2,500,272950
20231228,14:44:01,984.8,500,272950
20231228,14:44:02,985.15,50,272950
20231228,14:44:05,986.4,50,272950
20231228,14:44:12,989.3,50,272950
20231228,14:44:13,989.3,50,272950
20231228,14:44:15,989.75,700,272950
20231228,14:44:17,986.7,200,272950
20231228,14:44:20,987.35,100,272950
20231228,14:44:22,990.55,250,272950
20231228,14:44:24,991.45,450,272950
20231228,14:44:30,987.2,50,272950
20231228,14:44:32,987.9,50,272950
20231228,14:44:46,988.75,200,272950
20231228,14:44:49,990.25,100,272950
20231228,14:44:53,990.35,100,272950
20231228,14:44:54,989.9,500,272950
20231228,14:44:55,989.9,500,272950
20231228,14:44:56,989.95,50,272950
20231228,14:45:10,990.25,250,272950
20231228,14:45:35,992.75,1050,272950
20231228,14:45:37,994.8,50,272950
20231228,14:46:00,994.1,50,272950
20231228,14:46:05,994.4,550,278250
20231228,14:47:05,984.0,50,278250
20231228,14:47:16,985.5,900,278250
20231228,14:47:37,987.25,900,278250
20231228,14:47:40,986.4,300,278250
20231228,14:47:45,985.4,100,278250
20231228,14:47:48,985.2,50,278250
20231228,14:47:52,984.55,50,278250
20231228,14:48:07,987.25,100,278250
20231228,14:48:13,983.85,400,278250
20231228,14:48:14,986.95,100,278250
20231228,14:48:17,983.45,300,278250
20231228,14:48:23,981.3,100,278250
20231228,14:48:26,980.55,100,278250
20231228,14:48:32,980.6,1800,278250
20231228,14:48:34,983.15,50,278250
20231228,14:48:36,980.4,1800,278250
20231228,14:48:46,975.95,100,285100
20231228,14:49:01,976.25,50,285100
20231228,14:49:07,971.3,1900,285100
20231228,14:49:12,973.85,300,285100
20231228,14:49:20,974.15,200,285100
20231228,14:49:24,978.45,50,285100
20231228,14:49:26,978.45,400,285100
20231228,14:49:30,976.05,100,285100
20231228,14:49:36,976.6,2250,285100
20231228,14:49:37,975.6,50,285100
20231228,14:49:40,977.3,1800,285100
20231228,14:49:41,976.3,50,285100
20231228,14:49:46,977.45,900,285100
20231228,14:50:31,978.3,900,285100
20231228,14:51:05,977.55,500,285100
20231228,14:51:08,981.95,50,285100
20231228,14:51:19,980.25,100,285100
20231228,14:51:20,978.15,1200,285100
20231228,14:51:23,979.5,50,285100
20231228,14:51:34,978.9,1200,285100
20231228,14:51:37,984.3,1500,285100
20231228,14:51:39,979.6,1200,285100
20231228,14:51:40,985.1,100,285100
20231228,14:51:44,979.9,1200,285100
20231228,14:51:45,985.3,50,285100
20231228,14:51:49,981.0,1200,297250
20231228,14:51:55,985.8,50,297250
20231228,14:52:03,979.7,1200,297250
20231228,14:52:05,985.1,50,297250
20231228,14:52:18,979.0,1200,297250
20231228,14:52:21,985.15,800,297250
20231228,14:52:25,981.1,50,297250
20231228,14:52:26,979.05,1200,297250
20231228,14:52:30,981.25,50,297250
20231228,14:52:31,982.3,1600,297250
20231228,14:52:32,978.6,1200,297250
20231228,14:52:33,984.85,600,297250
20231228,14:52:37,984.85,50,297250
20231228,14:52:56,979.95,1000,297250
20231228,14:53:01,982.1,50,297250
20231228,14:53:02,980.9,1000,297250
20231228,14:53:07,979.9,1500,297250
20231228,14:53:10,978.65,1050,297250
20231228,14:53:16,978.7,1000,297250
20231228,14:53:19,983.4,1250,297250
20231228,14:53:23,978.35,1000,297250
20231228,14:53:25,983.35,200,297250
20231228,14:53:28,983.35,1050,297250
20231228,14:53:29,980.0,500,297250
20231228,14:53:30,983.4,450,297250
20231228,14:53:34,982.9,1150,297250
20231228,14:53:35,983.0,100,297250
20231228,14:53:38,982.35,50,297250
20231228,14:53:52,974.85,1600,297250
20231228,14:54:12,975.5,1000,297250
20231228,14:54:17,974.15,1000,297250
20231228,14:54:19,979.55,100,297250
20231228,14:54:21,976.6,2250,297250
20231228,14:54:23,979.7,50,297250
20231228,14:54:26,981.2,500,297250
20231228,14:54:29,977.55,1000,297250
20231228,14:54:32,981.45,150,297250
20231228,14:54:33,976.2,1650,297250
20231228,14:54:42,983.2,500,297250
20231228,14:55:03,981.35,1550,297250
20231228,14:55:10,983.8,200,321750
20231228,14:55:17,986.8,50,321750
20231228,14:55:18,990.15,50,321750
20231228,14:55:22,991.85,100,321750
20231228,14:55:23,991.9,300,321750
20231228,14:55:28,993.9,1000,321750
20231228,14:55:39,993.3,150,321750
20231228,14:56:37,995.6,450,321750
20231228,14:57:20,1001.25,50,321750
20231228,14:57:25,1000.25,500,321750
20231228,14:58:35,1005.4,50,323200
20231228,15:00:08,1009.45,200,323200
20231228,15:00:12,1012.15,450,323200
20231228,15:00:25,1016.75,100,323200
20231228,15:00:31,1014.4,550,323200
20231228,15:01:50,999.7,50,323250
20231228,15:02:00,984.9,1800,323250
20231228,15:02:20,992.5,900,323250
20231228,15:02:58,998.65,500,323250
20231228,15:03:01,997.9,150,323250
20231228,15:03:12,993.95,100,323250
20231228,15:03:14,998.5,1000,323250
20231228,15:03:20,995.3,50,323250
20231228,15:03:24,995.2,50,323250
20231228,15:03:27,994.95,50,323250
20231228,15:03:32,999.5,1000,323250
20231228,15:03:45,1001.95,50,323250
20231228,15:03:49,1002.5,500,323550
20231228,15:03:50,1003.7,50,323550
20231228,15:04:08,1006.55,250,323550
20231228,15:04:29,1006.3,250,323550
20231228,15:04:50,1005.95,250,323550
20231228,15:05:29,1005.35,50,323550
20231228,15:05:43,1011.05,50,323550
20231228,15:05:59,1008.55,50,323550
20231228,15:07:47,1005.35,100,322300
20231228,15:08:11,1005.25,200,322300
20231228,15:08:14,1005.4,200,322300
20231228,15:08:22,1003.6,200,322300
20231228,15:08:32,1004.0,100,322300
20231228,15:09:09,1005.15,1050,322300
20231228,15:09:19,1006.75,200,322300
20231228,15:09:29,1007.35,50,322300
20231228,15:09:38,1011.65,300,322300
20231228,15:10:08,999.2,200,324050
20231228,15:10:19,999.8,750,324050
20231228,15:10:46,1000.65,250,324050
20231228,15:10:54,997.95,500,324050
20231228,15:11:03,998.0,100,324050
20231228,15:11:12,1002.95,650,324050
20231228,15:11:21,1003.2,150,324050
20231228,15:11:30,1004.3,1400,324050
20231228,15:11:39,999.2,2550,324050
20231228,15:11:47,997.95,2000,324050
20231228,15:11:56,1004.6,400,324050
20231228,15:12:05,1003.15,2550,324050
20231228,15:12:14,998.5,3250,324050
20231228,15:12:23,997.1,1000,324050
20231228,15:12:24,1002.1,200,324050
20231228,15:12:27,997.15,1000,324050
20231228,15:12:29,1001.85,400,324050
20231228,15:12:31,1001.35,1200,324050
20231228,15:12:33,1002.0,50,324050
20231228,15:12:35,996.85,1000,324050
20231228,15:12:36,1001.35,250,324050
20231228,15:12:41,1001.55,50,324050
20231228,15:12:42,1001.7,550,324050
20231228,15:12:44,1001.7,50,324050
20231228,15:12:47,1001.45,1850,324050
20231228,15:12:50,1001.55,1200,335800
20231228,15:13:09,995.65,1000,335800
20231228,15:13:15,994.6,1000,335800
20231228,15:13:26,993.0,1800,335800
20231228,15:13:37,990.25,1000,335800
20231228,15:13:50,990.45,500,335800
20231228,15:13:56,994.55,1200,335800
20231228,15:13:57,994.55,200,335800
20231228,15:13:59,994.6,950,335800
20231228,15:14:07,996.25,1400,335800
20231228,15:14:09,997.15,1000,335800
20231228,15:14:10,998.85,150,335800
20231228,15:14:12,996.8,300,335800
20231228,15:16:40,1009.95,1000,343300
20231228,15:17:02,1009.95,1000,343300
20231228,15:17:22,1006.5,1000,343300
20231228,15:17:41,1004.2,250,343300
20231228,15:17:50,1000.0,300,343300
20231228,15:17:59,1000.8,50,343300
20231228,15:18:08,1003.1,350,343300
20231228,15:18:17,998.9,200,343300
20231228,15:18:26,997.7,300,343300
20231228,15:18:37,997.35,100,343300
20231228,15:19:06,1003.6,450,340450
20231228,15:20:15,1002.45,150,340450
20231228,15:20:18,1002.4,50,340450
20231228,15:20:21,1000.75,50,340450
20231228,15:20:39,1001.55,200,340450
20231228,15:20:42,1001.25,200,340450
20231228,15:20:45,1001.55,100,340450
20231228,15:20:52,1001.7,50,340450
20231228,15:20:56,1001.7,50,340450
20231228,15:21:17,999.15,1800,340450
20231228,15:21:19,998.05,3200,340450
20231228,15:21:28,998.25,3600,340450
20231228,15:21:30,998.05,1000,340450
20231228,15:21:46,998.8,200,340450
20231228,15:21:50,998.2,100,350900
20231228,15:21:53,997.85,100,350900
20231228,15:21:55,1001.05,100,350900
20231228,15:21:57,1000.5,150,350900
20231228,15:22:00,997.7,50,350900
20231228,15:22:04,998.2,50,350900
20231228,15:22:50,993.9,200,350900
20231228,15:22:53,993.1,100,350900
20231228,15:22:56,992.25,100,350900
20231228,15:23:00,991.9,50,350900
20231228,15:23:04,991.5,50,350900
20231228,15:23:05,994.3,50,350900
20231228,15:23:07,994.1,50,350900
20231228,15:23:08,991.6,50,350900
20231228,15:23:10,994.65,150,350900
20231228,15:23:12,991.25,50,350900
20231228,15:23:16,991.3,50,350900
20231228,15:23:45,984.3,2050,350900
20231228,15:23:48,983.1,1000,350900
20231228,15:23:55,985.25,300,350900
20231228,15:23:59,982.6,100,350900
20231228,15:24:00,982.8,300,350900
20231228,15:24:03,982.55,200,350900
20231228,15:24:04,981.3,250,350900
20231228,15:24:05,981.2,850,350900
20231228,15:24:11,977.15,950,350900
20231228,15:24:14,975.15,500,350900
20231228,15:24:46,966.8,100,350900
20231228,15:24:48,966.45,500,350900
20231228,15:24:58,974.55,1100,354900
20231228,15:24:59,977.05,450,354900
20231228,15:25:55,989.0,250,354900
20231228,15:26:10,985.1,2250,354900
20231228,15:26:15,981.55,1800,354900
20231228,15:26:18,980.3,1800,354900
20231228,15:26:22,981.35,1950,354900
20231228,15:26:26,980.5,1800,354900
20231228,15:26:35,971.6,1000,354900
20231228,15:26:42,972.05,500,354900
20231228,15:27:07,975.6,250,354900
20231228,15:27:25,979.5,1000,354900
20231228,15:27:36,979.85,500,354900
20231228,15:27:43,980.6,250,354900
20231228,15:27:46,980.8,100,354900
20231228,15:29:25,980.65,500,367300
20231228,15:29:31,985.55,200,367300
20231228,15:29:37,980.95,50,367300
20231229,09:53:29,973.0,1,367850
20231229,09:53:29,945.95,1,367850
20231229,09:53:29,947.4,1600,367850
20231229,09:53:35,946.85,1200,367850
20231229,09:53:50,949.8,150,367850
20231229,09:53:52,949.65,200,367850
20231229,09:54:00,948.7,50,367850
20231229,09:54:02,949.25,100,367850
20231229,09:54:03,949.55,50,367850
20231229,09:54:07,951.25,1000,367850
20231229,09:54:20,949.6,50,367850
20231229,09:54:22,950.25,50,367850
20231229,09:54:23,949.5,50,367850
20231229,09:54:25,949.8,50,367850
20231229,09:54:27,949.9,50,367850
20231229,09:54:28,950.0,50,367850
20231229,09:54:30,950.9,50,367850
20231229,09:54:35,952.95,50,367850
20231229,09:54:42,955.1,50,367850
20231229,09:54:43,952.0,1100,367850
20231229,09:54:48,952.45,50,367850
20231229,09:54:51,952.75,150,367850
20231229,09:54:52,953.7,50,367850
20231229,09:55:13,947.85,1500,367850
20231229,09:55:43,945.25,1050,367850
20231229,09:55:51,946.65,50,367850
20231229,09:55:59,944.6,50,367850
20231229,09:56:09,944.6,200,367850
20231229,09:56:37,945.55,1000,363200
20231229,09:57:05,946.85,600,363200
20231229,09:57:37,943.55,900,363200
20231229,09:58:24,933.95,50,363200
20231229,09:58:28,933.9,50,363200
20231229,09:59:01,931.45,50,363200
20231229,09:59:08,926.1,1000,363200
20231229,09:59:26,926.1,150,361600
20231229,09:59:29,932.65,50,361600
20231229,09:59:31,929.8,850,361600
20231229,09:59:35,933.05,50,361600
20231229,09:59:38,931.95,50,361600
20231229,09:59:40,931.65,50,361600
20231229,09:59:53,927.5,50,361600
20231229,09:59:58,926.8,50,361600
20231229,10:00:01,927.35,50,361600
20231229,10:00:04,926.65,50,361600
20231229,10:00:06,926.6,50,361600
20231229,10:00:09,927.8,50,361600
20231229,10:00:11,929.0,100,361600
20231229,10:00:13,928.0,150,361600
20231229,10:00:14,926.85,100,361600
20231229,10:00:18,929.25,50,361600
20231229,10:00:23,929.25,100,361600
20231229,10:00:24,931.1,100,361600
20231229,10:00:33,932.0,100,361600
20231229,10:00:39,933.25,50,361600
20231229,10:01:02,931.95,100,361600
20231229,10:01:26,934.05,50,361600
20231229,10:01:46,935.15,700,361600
20231229,10:01:47,939.15,50,361600
20231229,10:01:49,939.1,50,361600
20231229,10:01:51,939.15,50,361600
20231229,10:01:56,938.6,50,361600
20231229,10:02:02,938.35,50,361600
20231229,10:02:04,939.25,50,361600
20231229,10:02:16,938.55,50,362700
20231229,10:02:22,939.0,50,362700
20231229,10:02:27,938.85,50,362700
20231229,10:02:37,932.3,100,362700
20231229,10:02:45,937.6,50,362700
20231229,10:02:50,938.75,50,362700
20231229,10:02:54,940.0,150,362700
20231229,10:02:57,941.5,50,362700
20231229,10:03:00,942.55,50,362700
20231229,10:03:02,943.95,50,362700
20231229,10:03:07,944.15,50,362700
20231229,10:03:17,946.1,100,362700
20231229,10:03:22,946.55,50,362700
20231229,10:03:32,945.6,50,362700
20231229,10:03:38,946.25,50,362700
20231229,10:03:40,947.1,50,362700
20231229,10:03:42,948.1,50,362700
20231229,10:03:43,948.95,50,362700
20231229,10:03:45,950.6,50,362700
20231229,10:03:48,950.4,100,362700
20231229,10:03:50,951.15,50,362700
20231229,10:03:51,951.3,50,362700
20231229,10:04:05,949.1,50,362700
20231229,10:04:12,945.8,50,362700
20231229,10:04:18,948.2,50,362700
20231229,10:04:20,947.9,50,362700
20231229,10:04:22,947.5,100,362700
20231229,10:04:25,948.05,50,362700
20231229,10:04:50,945.45,50,362700
20231229,10:05:00,942.25,50,362700
20231229,10:05:03,943.5,50,362700
20231229,10:05:16,940.75,50,362700
20231229,10:05:18,940.65,50,363000
20231229,10:05:35,938.8,50,363000
20231229,10:05:40,938.95,50,363000
20231229,10:05:43,939.1,150,363000
20231229,10:05:46,941.05,50,363000
20231229,10:05:48,942.1,50,363000
20231229,10:06:03,940.7,50,363000
20231229,10:06:05,942.3,150,363000
20231229,10:06:13,943.15,50,363000
20231229,10:06:16,943.2,50,363000
20231229,10:06:33,941.0,50,363000
20231229,10:06:35,939.4,50,363000
20231229,10:06:41,939.7,50,363000
20231229,10:06:48,940.5,50,363000
20231229,10:06:53,939.5,50,363000
20231229,10:07:01,937.15,50,363000
20231229,10:07:13,935.55,50,363000
20231229,10:07:16,937.9,100,363000
20231229,10:07:35,931.5,50,363000
20231229,10:07:36,931.55,50,363000
20231229,10:07:41,929.55,50,363000
20231229,10:07:53,921.15,50,363000
20231229,10:08:00,913.85,50,363000
20231229,10:08:05,913.85,50,363000
20231229,10:08:06,915.15,50,363000
20231229,10:08:11,913.75,50,363000
20231229,10:08:16,913.25,50,363200
20231229,10:08:18,913.25,50,363200
20231229,10:08:25,913.05,50,363200
20231229,10:08:28,910.05,50,363200
20231229,10:08:30,909.85,50,363200
20231229,10:08:35,907.6,50,363200
20231229,10:08:37,907.6,50,363200
20231229,10:08:38,908.1,50,363200
20231229,10:08:52,904.45,50,363200
20231229,10:08:55,904.45,50,363200
20231229,10:09:00,905.05,50,363200
20231229,10:09:08,907.1,50,363200
20231229,10:09:22,910.35,50,363200
20231229,10:09:47,905.55,50,363200
20231229,10:10:07,903.1,50,363200
20231229,10:10:18,898.85,50,363200
20231229,10:10:20,898.85,50,363200
20231229,10:10:32,900.2,50,363200
20231229,10:10:37,902.75,50,363200
20231229,10:10:38,904.65,50,363200
20231229,10:10:52,902.55,50,363200
20231229,10:10:55,902.45,50,363200
20231229,10:10:57,903.65,50,363200
20231229,10:11:00,906.4,100,363200
20231229,10:11:22,898.75,50,363100
20231229,10:11:29,898.75,50,363100
20231229,10:11:32,903.7,50,363100
20231229,10:11:39,904.35,50,363100
20231229,10:12:00,902.85,50,363100
20231229,10:12:06,904.45,50,363100
20231229,10:12:10,904.8,50,363100
20231229,10:12:23,899.25,50,363100
20231229,10:12:31,896.15,50,363100
20231229,10:12:43,896.15,50,363100
20231229,10:12:49,900.8,50,363100
20231229,10:13:02,899.25,50,363100
20231229,10:13:07,899.85,50,363100
20231229,10:14:00,896.8,50,363100
20231229,10:14:02,898.1,50,363100
20231229,10:14:30,893.25,100,363100
20231229,10:14:40,885.15,50,363100
20231229,10:15:04,875.4,50,363100
20231229,10:16:24,875.4,50,363100
20231229,10:16:26,884.65,50,363100
20231229,10:16:32,885.15,50,363100
20231229,10:16:47,885.0,50,363100
20231229,10:17:04,887.65,50,363100
20231229,10:17:07,887.65,50,363100
20231229,10:17:14,891.6,100,363100
20231229,10:17:36,893.85,50,363000
20231229,10:17:37,891.15,50,363000
20231229,10:17:47,890.3,100,363000
20231229,10:17:56,894.05,50,363000
20231229,10:18:06,894.2,50,363000
20231229,10:18:09,899.05,100,363000
20231229,10:18:14,893.85,50,363000
20231229,10:18:19,891.55,50,363000
20231229,10:18:27,895.75,50,363000
20231229,10:18:29,896.3,50,363000
20231229,10:18:34,896.4,50,363000
20231229,10:18:41,897.45,50,363000
20231229,10:18:44,898.45,50,363000
20231229,10:19:04,898.15,100,363000
20231229,10:19:06,897.45,100,363000
20231229,10:19:26,901.0,50,363000
20231229,10:19:37,901.45,50,363000
20231229,10:19:39,903.8,50,363000
20231229,10:20:02,904.55,100,363000
20231229,10:20:06,906.45,50,363000
20231229,10:20:49,895.6,50,363050
20231229,10:21:01,895.35,50,363050
20231229,10:21:04,897.05,50,363050
20231229,10:21:07,900.2,100,363050
20231229,10:21:11,897.55,250,363050
20231229,10:21:26,904.1,50,363050
20231229,10:21:31,906.0,150,363050
20231229,10:21:34,907.1,100,363050
20231229,10:21:39,910.0,50,363050
20231229,10:21:41,911.45,50,363050
20231229,10:21:43,913.05,50,363050
20231229,10:21:53,913.0,50,363050
20231229,10:22:06,915.5,50,363050
20231229,10:22:08,917.55,50,363050
20231229,10:22:11,918.2,50,363050
20231229,10:22:14,918.6,50,363050
20231229,10:22:47,910.85,50,363050
20231229,10:23:26,912.8,50,362550
20231229,10:23:27,916.3,100,362550
20231229,10:24:04,918.7,50,362550
20231229,10:24:06,922.35,50,362550
20231229,10:24:11,925.55,50,362550
20231229,10:24:14,928.25,50,362550
20231229,10:24:17,928.4,50,362550
20231229,10:24:34,919.9,50,362550
20231229,10:24:39,921.95,50,362550
20231229,10:24:41,925.15,50,362550
20231229,10:24:51,925.65,50,362550
20231229,10:25:29,927.8,50,362550
20231229,10:26:29,928.2,50,362550
20231229,10:26:31,928.8,500,362550
20231229,10:26:53,923.3,50,362550
20231229,10:27:01,923.1,50,362550
20231229,10:27:08,921.85,50,362550
20231229,10:27:09,923.25,50,362550
20231229,10:27:33,929.95,50,362550
20231229,10:27:39,931.35,50,362550
20231229,10:27:56,930.75,50,362550
20231229,10:28:28,926.2,50,362550
20231229,10:28:34,927.25,50,362550
20231229,10:28:43,927.85,50,362550
20231229,10:29:01,924.75,50,362550
20231229,10:29:04,926.45,50,362550
20231229,10:29:09,927.55,50,362550
20231229,10:29:13,928.15,50,362550
20231229,10:29:21,926.55,50,362050
20231229,10:29:53,926.4,50,362050
20231229,10:30:11,927.0,50,362050
20231229,10:31:13,935.4,50,362050
20231229,10:31:39,935.35,50,362050
20231229,10:32:04,935.7,1800,362050
20231229,10:32:12,933.6,50,362050
20231229,10:32:21,938.35,50,360250
20231229,10:32:39,943.9,50,360250
20231229,10:32:42,936.15,1800,360250
20231229,10:33:04,936.6,1800,360250
20231229,10:33:26,942.4,50,360250
20231229,10:33:28,944.65,2500,360250
20231229,10:33:59,940.85,200,360250
20231229,10:34:13,941.05,200,360250
20231229,10:34:21,946.15,50,360250
20231229,10:34:26,941.4,200,360250
20231229,10:34:31,945.45,50,360250
20231229,10:34:34,941.85,100,360250
20231229,10:34:39,942.75,100,360250
20231229,10:35:04,938.35,200,360250
20231229,10:35:14,944.4,50,360250
20231229,10:35:16,941.05,350,360250
20231229,10:35:19,942.4,50,362300
20231229,10:35:22,942.35,300,362300
20231229,10:35:41,941.1,50,362300
20231229,10:36:07,937.2,50,362300
20231229,10:36:08,937.9,50,362300
20231229,10:36:10,934.4,300,362300
20231229,10:36:12,937.9,50,362300
20231229,10:36:15,938.7,350,362300
20231229,10:36:18,938.85,50,362300
20231229,10:36:20,938.9,50,362300
20231229,10:36:32,936.75,100,362300
20231229,10:36:37,944.45,50,362300
20231229,10:36:45,945.95,50,362300
20231229,10:36:47,943.95,100,362300
20231229,10:36:48,947.05,50,362300
20231229,10:36:52,947.0,50,362300
20231229,10:36:55,948.85,50,362300
20231229,10:37:00,950.1,50,362300
20231229,10:37:04,950.8,50,362300
20231229,10:37:05,952.55,50,362300
20231229,10:37:09,948.35,500,362300
20231229,10:37:19,949.0,50,362300
20231229,10:37:24,950.15,50,362300
20231229,10:37:42,949.5,50,362300
20231229,10:38:06,946.35,50,362300
20231229,10:38:09,947.9,50,362300
20231229,10:38:11,949.15,50,362300
20231229,10:38:49,944.4,50,363900
20231229,10:39:04,947.25,50,363900
20231229,10:39:46,950.3,50,363900
20231229,10:40:02,948.9,50,363900
20231229,10:40:19,949.65,50,363900
20231229,10:40:24,949.2,50,363900
20231229,10:41:25,944.3,50,363900
20231229,10:43:12,947.05,50,363900
20231229,10:43:57,944.45,50,363900
20231229,10:44:04,945.4,50,363900
20231229,10:44:14,944.2,50,363900
20231229,10:44:47,944.75,50,363950
20231229,10:45:03,942.55,50,363950
20231229,10:45:28,941.9,50,363950
20231229,10:45:35,942.45,50,363950
20231229,10:46:02,949.2,50,363950
20231229,10:46:03,950.3,50,363950
20231229,10:46:10,950.15,50,363950
20231229,10:46:24,949.95,50,363950
20231229,10:46:32,950.35,50,363950
20231229,10:46:35,954.15,100,363950
20231229,10:47:20,954.75,50,364000
20231229,10:47:23,955.65,50,364000
20231229,10:47:27,956.95,50,364000
20231229,10:48:02,951.6,50,364000
20231229,10:49:25,938.95,50,364000
20231229,10:49:33,942.55,50,364000
20231229,10:50:02,946.4,50,364000
20231229,10:50:15,949.9,50,364000
20231229,10:50:53,944.7,50,364000
20231229,10:50:55,946.9,50,364000
20231229,10:53:43,938.0,50,364000
20231229,10:53:50,937.0,50,364000
20231229,10:53:55,938.55,50,364000
20231229,10:53:58,939.75,50,364000
20231229,10:54:17,932.1,50,364000
20231229,10:54:42,925.95,50,364000
20231229,10:54:47,928.45,50,364000
20231229,10:54:52,928.95,50,364000
20231229,10:54:57,930.75,50,364000
20231229,10:55:12,931.15,50,364000
20231229,10:55:24,933.85,50,364000
20231229,10:55:42,937.1,50,364000
20231229,10:56:05,937.4,50,364000
20231229,10:56:43,938.3,50,364000
20231229,10:57:15,938.85,50,364000
20231229,10:57:48,935.5,50,364000
20231229,10:58:03,935.6,50,364000
20231229,10:58:53,935.5,50,364000
20231229,11:00:01,935.8,50,364000
20231229,11:00:41,936.9,50,364000
20231229,11:01:56,938.1,50,364000
20231229,11:02:51,928.5,50,364000
20231229,11:03:47,931.75,50,364000
20231229,11:04:27,928.9,50,364000
20231229,11:04:33,928.9,50,364000
20231229,11:06:41,927.95,50,364000
20231229,11:09:45,928.25,50,364000
20231229,11:14:17,935.75,50,364000
20231229,11:15:18,937.55,50,364000
20231229,11:16:30,944.35,50,364000
20231229,11:21:00,948.9,50,364000
20231229,11:21:08,952.9,50,364000
20231229,11:22:08,945.5,250,364000
20231229,11:22:17,945.75,50,364000
20231229,11:22:24,945.5,50,364000
20231229,11:22:52,949.05,50,364000
20231229,11:24:16,947.95,100,364200
20231229,11:25:38,955.65,50,364200
20231229,11:26:08,948.9,200,364200
20231229,11:28:10,954.45,50,364400
20231229,11:29:14,957.75,200,364400
20231229,11:29:31,954.3,50,364600
20231229,11:33:05,955.4,50,364650
20231229,11:34:15,955.45,50,364650
20231229,11:34:27,956.5,50,364650
20231229,11:34:28,957.25,50,364650
20231229,11:34:32,961.65,50,364650
20231229,11:34:44,966.25,50,364650
20231229,11:34:45,968.8,50,364650
20231229,11:35:53,972.25,100,364650
20231229,11:36:07,967.65,100,364650
20231229,11:37:25,970.7,50,364650
20231229,11:39:56,964.7,50,364750
20231229,11:40:00,964.0,50,364750
20231229,11:40:10,959.55,50,364750
20231229,11:40:28,958.25,50,364750
20231229,11:40:36,959.65,100,364750
20231229,11:41:15,959.65,50,364750
20231229,11:45:17,949.95,50,364850
20231229,11:45:41,953.0,50,364850
20231229,12:03:35,959.8,50,364850
20231229,12:03:54,960.9,50,364850
20231229,12:09:32,965.25,50,364850
20231229,12:09:54,961.05,50,364850
20231229,12:11:00,957.9,50,364850
20231229,12:11:35,958.25,500,364850
20231229,12:11:44,962.0,250,364850
20231229,12:11:51,961.7,50,364850
20231229,12:11:54,961.25,250,364850
20231229,12:12:02,961.75,150,364850
20231229,12:12:11,963.35,50,364850
20231229,12:12:21,966.8,50,364850
20231229,12:12:26,967.3,150,364850
20231229,12:13:14,963.65,50,364850
20231229,12:14:39,963.85,50,364850
20231229,12:16:08,966.25,50,366250
20231229,12:16:13,962.7,50,366250
20231229,12:16:35,965.85,50,366250
20231229,12:16:47,968.35,50,366250
20231229,12:16:48,967.15,250,366250
20231229,12:16:59,963.8,250,366250
20231229,12:17:01,964.95,100,366250
20231229,12:18:09,962.5,50,367000
20231229,12:18:21,963.45,100,367000
20231229,12:18:32,963.45,100,367000
20231229,12:19:01,969.9,50,367000
20231229,12:19:03,970.5,50,367000
20231229,12:19:06,970.75,50,367000
20231229,12:19:13,968.3,50,367000
20231229,12:19:14,973.3,50,367000
20231229,12:19:26,974.15,100,367000
20231229,12:19:33,976.2,50,367000
20231229,12:20:02,976.2,50,367000
20231229,12:20:09,968.75,50,367000
20231229,12:20:14,974.9,50,367000
20231229,12:21:02,977.0,100,367400
20231229,12:21:14,977.0,50,367400
20231229,12:21:46,982.65,200,367400
20231229,12:21:59,982.65,50,367400
20231229,12:22:06,982.1,50,367400
20231229,12:24:56,976.65,50,367600
20231229,12:26:47,971.5,50,367650
20231229,12:27:02,973.65,100,367650
20231229,12:28:12,968.4,50,367650
20231229,12:28:58,968.6,100,367650
20231229,12:30:12,956.35,50,367850
20231229,12:30:51,949.0,50,367850
20231229,12:31:04,945.15,50,367850
20231229,12:31:09,947.85,50,367850
20231229,12:32:19,953.35,100,367850
20231229,12:33:12,954.75,50,367900
20231229,12:33:37,954.85,50,367900
20231229,12:34:12,947.5,50,367900
20231229,12:34:29,954.2,50,367900
20231229,12:35:49,952.25,50,367950
20231229,12:38:01,947.9,50,367950
20231229,12:38:04,952.25,50,367950
20231229,12:39:02,948.95,50,368000
20231229,12:39:58,935.0,1800,368000
20231229,12:40:04,942.5,50,368000
20231229,12:40:51,933.65,1800,368000
20231229,12:41:24,939.9,50,368000
20231229,12:41:37,936.45,50,371500
20231229,12:42:05,933.95,50,371500
20231229,12:42:23,933.9,50,371500
20231229,12:42:30,934.25,50,371500
20231229,12:44:03,929.85,1800,371500
20231229,12:44:12,930.85,50,371500
20231229,12:44:20,930.75,50,371500
20231229,12:44:28,930.55,50,371500
20231229,12:44:32,931.75,50,371500
20231229,12:44:35,932.5,50,373450
20231229,12:45:06,933.1,50,373450
20231229,12:45:15,929.8,1800,373450
20231229,12:45:52,932.0,50,373450
20231229,12:45:57,932.6,50,373450
20231229,12:46:04,933.8,50,373450
20231229,12:46:17,935.75,50,373450
20231229,12:46:24,930.6,1800,373450
20231229,12:46:30,934.25,50,373450
20231229,12:46:42,936.55,50,373450
20231229,12:46:45,937.45,50,373450
20231229,12:46:54,935.75,50,373450
20231229,12:47:12,929.4,1800,373450
20231229,12:47:20,936.0,50,373450
20231229,12:47:27,936.05,50,373450
20231229,12:47:30,936.5,50,373450
20231229,12:47:35,937.1,100,373450
20231229,12:47:37,936.15,50,378900
20231229,12:47:54,933.8,100,378900
20231229,12:48:01,934.65,50,378900
20231229,12:48:29,930.25,50,378900
20231229,12:48:36,923.6,550,378900
20231229,12:48:37,929.3,50,378900
20231229,12:48:46,931.55,300,378900
20231229,12:48:54,930.5,50,378900
20231229,12:48:59,932.8,50,378900
20231229,12:49:01,935.4,100,378900
20231229,12:49:02,935.7,50,378900
20231229,12:49:04,936.6,50,378900
20231229,12:49:07,936.15,50,378900
20231229,12:50:46,936.5,50,379700
20231229,12:51:23,934.85,50,379700
20231229,12:51:35,932.0,50,379700
20231229,12:51:38,930.5,50,379700
20231229,12:52:26,928.7,50,379700
20231229,12:53:03,925.8,50,379700
20231229,12:53:04,925.35,50,379700
20231229,12:53:39,931.95,50,379800
20231229,12:53:41,935.9,50,379800
20231229,12:53:51,933.25,50,379800
20231229,12:54:22,937.9,50,379800
20231229,12:54:32,938.2,50,379800
20231229,12:54:37,938.45,50,379800
20231229,12:56:05,932.85,100,379800
20231229,12:57:28,936.45,50,379900
20231229,13:01:32,937.3,100,379900
20231229,13:02:16,928.95,50,379900
20231229,13:04:03,939.45,50,379900
20231229,13:04:06,944.35,100,379900
20231229,13:04:11,941.0,50,379900
20231229,13:04:23,942.0,50,379900
20231229,13:04:41,941.1,50,379900
20231229,13:04:51,943.25,50,379900
20231229,13:05:16,946.3,50,379900
20231229,13:06:11,949.15,50,379900
20231229,13:12:12,945.0,50,379900
20231229,13:12:41,942.5,50,379900
20231229,13:24:42,946.75,50,379900
20231229,13:27:18,944.8,50,379900
20231229,13:27:33,947.55,50,379900
20231229,13:31:40,929.15,50,379900
20231229,13:33:05,939.6,50,379900
20231229,13:34:01,935.7,50,379900
20231229,13:35:33,937.8,50,379900
20231229,13:35:38,937.3,50,379900
20231229,13:43:56,939.2,50,379900
20231229,13:46:57,946.5,50,379900
20231229,13:49:27,936.25,50,379900
20231229,13:49:36,942.1,50,379900
20231229,13:49:49,945.95,50,379900
20231229,13:50:02,945.05,50,379900
20231229,13:59:42,942.85,50,379850
20231229,13:59:50,944.05,50,379850
20231229,13:59:52,944.2,100,379850
20231229,14:00:25,944.85,50,379850
20231229,14:00:42,945.4,50,379850
20231229,14:03:22,945.45,1800,379850
20231229,14:04:37,952.1,1000,379850
20231229,14:04:48,953.3,400,379850
20231229,14:06:42,949.25,50,376650
20231229,14:06:52,948.8,50,376650
20231229,14:07:42,940.2,50,376650
20231229,14:09:38,939.55,50,376500
20231229,14:11:37,935.65,50,376500
20231229,14:13:55,912.45,1800,376500
20231229,14:14:22,918.75,50,376500
20231229,14:15:00,910.0,50,378250
20231229,14:15:22,907.45,1800,378250
20231229,14:15:40,910.2,50,378250
20231229,14:15:53,910.75,50,378250
20231229,14:16:11,904.2,50,378250
20231229,14:16:15,902.95,50,378250
20231229,14:16:45,899.6,1850,378250
20231229,14:16:46,904.65,50,378250
20231229,14:16:50,905.85,50,378250
20231229,14:16:55,904.25,50,378250
20231229,14:17:02,904.0,50,378250
20231229,14:18:25,903.8,1800,381850
20231229,14:19:08,900.35,50,381850
20231229,14:20:08,905.4,1850,381850
20231229,14:20:25,906.25,50,381850
20231229,14:22:02,907.95,50,385400
20231229,14:22:12,906.15,150,385400
20231229,14:22:28,900.2,1800,385400
20231229,14:22:32,906.7,50,385400
20231229,14:23:00,903.55,50,385400
20231229,14:23:52,899.8,50,387250
20231229,14:23:55,898.6,50,387250
20231229,14:23:58,896.1,50,387250
20231229,14:24:03,894.5,50,387250
20231229,14:24:12,892.05,1800,387250
20231229,14:24:22,897.85,50,387250
20231229,14:24:25,897.5,50,387250
20231229,14:24:28,898.25,50,387250
20231229,14:24:30,896.05,50,387250
20231229,14:24:38,895.0,50,387250
20231229,14:24:43,894.95,50,387250
20231229,14:24:45,890.15,50,387250
20231229,14:24:47,889.8,100,387250
20231229,14:24:52,890.45,200,387250
20231229,14:24:53,889.9,50,387250
20231229,14:24:55,889.55,400,387250
20231229,14:24:57,887.6,100,387250
20231229,14:24:58,888.25,50,387250
20231229,14:25:00,886.7,150,387250
20231229,14:25:05,890.65,50,387250
20231229,14:25:20,891.95,50,387250
20231229,14:25:25,888.3,100,387250
20231229,14:25:40,892.25,50,387250
20231229,14:25:54,892.0,50,387250
20231229,14:25:59,892.75,50,387250
20231229,14:26:02,893.5,50,387250
20231229,14:26:05,894.55,50,387250
20231229,14:26:07,894.7,50,387250
20231229,14:26:09,895.3,50,387250
20231229,14:26:17,895.9,50,387250
20231229,14:26:27,892.85,50,387250
20231229,14:26:44,897.0,50,387250
20231229,14:26:45,898.75,50,387250
20231229,14:26:47,898.7,50,387250
20231229,14:26:49,898.65,50,387250
20231229,14:27:00,899.45,50,387250
20231229,14:27:30,901.2,50,389150
20231229,14:27:45,902.2,50,389150
20231229,14:27:52,903.9,50,389150
20231229,14:28:12,900.55,50,389150
20231229,14:29:39,902.75,50,389150
20231229,14:30:00,901.5,50,389150
20231229,14:30:14,907.25,50,389150
20231229,14:30:24,906.55,300,389150
20231229,14:31:51,916.35,500,389150
20231229,14:31:57,916.4,50,389150
20231229,14:32:04,914.75,50,389150
20231229,14:32:07,913.9,50,389150
20231229,14:32:59,916.35,50,388350
20231229,14:33:00,917.55,50,388350
20231229,14:33:22,915.85,1800,388350
20231229,14:33:51,915.1,1800,388350
20231229,14:34:04,919.5,500,388350
20231229,14:34:25,914.05,1800,388350
20231229,14:34:44,918.25,100,388350
20231229,14:34:49,923.55,50,388350
20231229,14:34:52,924.85,50,388350
20231229,14:34:54,925.2,50,388350
20231229,14:35:00,925.5,50,388350
20231229,14:35:17,929.15,50,388350
20231229,14:35:20,930.85,50,388350
20231229,14:35:22,932.4,50,388350
20231229,14:35:25,931.8,50,388350
20231229,14:35:29,925.85,1800,388350
20231229,14:35:30,929.65,50,388350
20231229,14:35:37,928.35,50,388350
20231229,14:35:40,927.85,50,388350
20231229,14:35:52,932.45,50,395100
20231229,14:36:01,933.7,50,395100
20231229,14:36:09,926.65,1800,395100
20231229,14:36:12,933.15,50,395100
20231229,14:36:17,933.45,50,395100
20231229,14:36:24,934.15,50,395100
20231229,14:36:34,935.2,50,395100
20231229,14:36:36,935.4,50,395100
20231229,14:36:42,936.65,50,395100
20231229,14:36:52,934.3,50,395100
20231229,14:36:57,935.55,50,395100
20231229,14:36:59,934.8,50,395100
20231229,14:37:00,940.05,50,395100
20231229,14:37:02,938.25,100,395100
20231229,14:37:07,941.65,1900,395100
20231229,14:37:09,941.95,50,395100
20231229,14:37:12,941.15,50,395100
20231229,14:37:14,940.55,50,395100
20231229,14:37:15,940.75,50,395100
20231229,14:37:17,941.15,50,395100
20231229,14:37:22,942.5,50,395100
20231229,14:37:24,943.0,50,395100
20231229,14:37:27,943.95,1850,395100
20231229,14:37:30,943.5,50,395100
20231229,14:37:35,943.55,50,395100
20231229,14:37:37,942.7,50,395100
20231229,14:37:39,942.25,50,395100
20231229,14:37:40,941.3,50,395100
20231229,14:37:45,941.15,50,395100
20231229,14:37:47,939.25,50,395100
20231229,14:37:54,938.15,50,395100
20231229,14:38:07,933.2,1800,395100
20231229,14:38:26,938.7,50,395100
20231229,14:38:34,937.75,50,395100
20231229,14:38:46,935.9,50,395100
20231229,14:38:52,930.35,1800,402350
20231229,14:38:54,935.45,100,402350
20231229,14:38:57,935.9,50,402350
20231229,14:39:24,936.2,50,402350
20231229,14:39:26,933.1,50,402350
20231229,14:39:29,932.45,50,402350
20231229,14:39:37,932.75,50,402350
20231229,14:39:54,935.6,50,402350
20231229,14:40:02,933.05,50,402350
20231229,14:40:06,934.05,50,402350
20231229,14:40:17,931.95,50,402350
20231229,14:40:23,933.05,50,402350
20231229,14:40:28,935.35,50,402350
20231229,14:40:29,936.7,50,402350
20231229,14:40:33,936.6,50,402350
20231229,14:40:38,937.3,50,402350
20231229,14:40:52,936.8,200,402350
20231229,14:40:56,939.3,50,402350
20231229,14:40:57,939.9,50,402350
20231229,14:40:59,941.45,50,402350
20231229,14:41:02,941.95,50,402350
20231229,14:41:46,934.1,50,402350
20231229,14:41:49,930.8,1800,402350
20231229,14:42:04,934.3,50,405850
20231229,14:42:11,930.4,1800,405850
20231229,14:42:12,933.0,50,405850
20231229,14:42:14,933.15,50,405850
20231229,14:42:19,934.1,50,405850
20231229,14:42:20,934.6,50,405850
20231229,14:42:39,933.6,50,405850
20231229,14:42:44,931.65,50,405850
20231229,14:42:47,932.55,50,405850
20231229,14:42:56,935.25,50,405850
20231229,14:43:01,935.95,50,405850
20231229,14:43:06,931.6,1800,405850
20231229,14:43:07,929.3,1800,405850
20231229,14:43:27,931.5,100,405850
20231229,14:43:32,931.4,50,405850
20231229,14:43:37,932.45,50,405850
20231229,14:43:39,933.25,50,405850
20231229,14:43:42,932.7,50,405850
20231229,14:43:47,931.5,50,405850
20231229,14:43:54,930.65,50,405850
20231229,14:44:04,928.65,50,405850
20231229,14:44:05,928.95,100,405850
20231229,14:44:14,928.8,50,405850
20231229,14:44:20,927.9,50,405850
20231229,14:44:30,925.95,50,405850
20231229,14:44:37,927.75,50,405850
20231229,14:44:39,927.65,50,405850
20231229,14:45:01,924.55,50,411500
20231229,14:45:02,926.3,50,411500
20231229,14:45:06,929.55,50,411500
20231229,14:45:09,931.4,50,411500
20231229,14:45:11,931.7,50,411500
20231229,14:45:16,931.95,50,411500
20231229,14:45:41,930.9,50,411500
20231229,14:45:47,930.55,50,411500
20231229,14:45:54,930.65,50,411500
20231229,14:45:59,933.25,50,411500
20231229,14:46:06,935.95,50,411500
20231229,14:46:11,934.9,50,411500
20231229,14:46:19,933.65,100,411500
20231229,14:46:39,933.65,50,411500
20231229,14:46:47,933.7,50,411500
20231229,14:46:52,933.75,50,411500
20231229,14:47:04,930.65,50,411500
20231229,14:47:26,932.75,50,411500
20231229,14:47:32,930.6,50,411500
20231229,14:48:35,936.15,50,411650
20231229,14:48:56,934.65,50,411650
20231229,14:48:59,934.35,1850,411650
20231229,14:49:09,932.7,1800,411650
20231229,14:49:23,937.75,3650,411650
20231229,14:49:26,939.35,50,411650
20231229,14:49:33,941.8,50,411650
20231229,14:49:38,943.5,50,411650
20231229,14:49:41,942.9,50,411650
20231229,14:49:43,941.75,100,411650
20231229,14:49:44,940.45,3700,411650
20231229,14:49:49,938.95,100,411650
20231229,14:49:51,938.95,50,411650
20231229,14:49:54,939.75,50,411650
20231229,14:49:59,935.0,3600,411650
20231229,14:50:02,937.95,50,411650
20231229,14:50:04,937.4,150,411650
20231229,14:50:06,939.85,250,411650
20231229,14:50:11,937.45,200,411650
20231229,14:50:19,939.05,50,411650
20231229,14:50:22,938.95,50,411650
20231229,14:50:26,938.8,50,411650
20231229,14:50:29,939.8,100,411650
20231229,14:50:44,937.2,50,411650
20231229,14:50:46,937.35,50,411650
20231229,14:50:47,939.85,50,411650
20231229,14:50:51,940.05,150,411650
20231229,14:50:53,940.2,50,411650
20231229,14:50:59,938.25,50,426000
20231229,14:51:06,938.95,50,426000
20231229,14:51:09,938.35,100,426000
20231229,14:51:16,933.15,1800,426000
20231229,14:51:19,937.5,50,426000
20231229,14:51:21,937.5,50,426000
20231229,14:51:26,938.85,100,426000
20231229,14:51:29,940.3,50,426000
20231229,14:51:33,942.6,100,426000
20231229,14:51:34,943.0,50,426000
20231229,14:51:36,941.5,100,426000
20231229,14:51:39,940.25,50,426000
20231229,14:51:41,940.15,50,426000
20231229,14:51:46,941.95,50,426000
20231229,14:51:48,942.55,50,426000
20231229,14:51:51,943.7,100,426000
20231229,14:51:53,944.35,50,426000
20231229,14:51:54,946.1,100,426000
20231229,14:51:56,946.45,100,426000
20231229,14:51:58,942.5,1800,426000
20231229,14:51:59,945.15,50,426000
20231229,14:52:04,946.7,150,426000
20231229,14:52:08,946.75,50,426000
20231229,14:52:09,947.85,50,426000
20231229,14:52:11,948.6,100,426000
20231229,14:52:13,948.4,50,426000
20231229,14:52:14,949.3,50,426000
20231229,14:52:18,950.35,50,426000
20231229,14:52:21,949.35,50,426000
20231229,14:52:23,950.35,50,426000
20231229,14:52:24,950.8,50,426000
20231229,14:52:26,950.15,50,426000
20231229,14:52:29,949.45,50,426000
20231229,14:52:33,950.25,50,426000
20231229,14:52:38,950.3,50,426000
20231229,14:52:39,952.65,50,426000
20231229,14:52:43,955.25,100,426000
20231229,14:52:44,954.75,50,426000
20231229,14:52:46,953.75,50,426000
20231229,14:52:48,953.4,100,426000
20231229,14:52:49,954.4,50,426000
20231229,14:52:51,952.95,50,426000
20231229,14:53:10,951.7,50,426000
20231229,14:53:23,947.05,50,426000
20231229,14:53:43,941.6,50,426000
20231229,14:53:45,941.25,200,426000
20231229,14:53:46,941.9,150,426000
20231229,14:53:48,943.0,2000,426000
20231229,14:53:50,942.2,550,426000
20231229,14:53:56,941.5,100,431400
20231229,14:54:00,941.85,50,431400
20231229,14:54:01,941.9,50,431400
20231229,14:54:05,939.95,50,431400
20231229,14:54:13,938.1,50,431400
20231229,14:54:15,939.1,50,431400
20231229,14:54:23,940.65,50,431400
20231229,14:54:31,938.6,50,431400
20231229,14:54:43,942.9,50,431400
20231229,14:54:46,943.0,50,431400
20231229,14:54:50,943.85,50,431400
20231229,14:54:58,941.0,100,431400
20231229,14:55:08,943.7,50,431400
20231229,14:55:18,944.7,50,431400
20231229,14:55:28,947.25,50,431400
20231229,14:55:31,950.4,50,431400
20231229,14:55:35,948.35,50,431400
20231229,14:55:45,948.6,50,431400
20231229,14:55:48,950.2,50,431400
20231229,14:56:02,948.4,50,431400
20231229,14:56:12,945.3,50,431400
20231229,14:56:20,944.95,50,431400
20231229,14:56:35,947.9,300,431400
20231229,14:56:52,951.3,50,431400
20231229,14:56:57,951.3,50,431450
20231229,14:57:07,948.85,50,431450
20231229,14:57:17,952.2,100,431450
20231229,14:57:22,952.9,50,431450
20231229,14:57:40,953.6,50,431450
20231229,14:57:43,954.75,50,431450
20231229,14:57:50,956.7,100,431450
20231229,14:58:22,959.7,350,431450
20231229,14:58:27,958.3,50,431450
20231229,14:58:32,960.4,50,431450
20231229,14:58:40,960.6,50,431450
20231229,14:58:55,956.9,50,431450
20231229,14:58:59,955.0,50,431450
20231229,14:59:07,951.4,50,431450
20231229,14:59:12,951.5,50,431450
20231229,14:59:14,952.35,50,431450
20231229,14:59:15,952.4,50,431450
20231229,14:59:29,956.15,50,431450
20231229,14:59:34,957.85,50,431450
20231229,14:59:35,958.05,50,431450
20231229,14:59:37,958.4,100,431450
20231229,15:00:03,963.45,50,431550
20231229,15:00:07,965.5,50,431550
20231229,15:00:08,966.45,50,431550
20231229,15:00:17,969.2,50,431550
20231229,15:00:27,967.3,50,431550
20231229,15:00:28,963.2,50,431550
20231229,15:00:30,965.0,50,431550
20231229,15:00:37,967.95,100,431550
20231229,15:00:45,965.4,2000,431550
20231229,15:00:52,966.2,50,431550
20231229,15:00:55,962.55,50,431550
20231229,15:00:58,963.1,50,431550
20231229,15:01:00,962.85,150,431550
20231229,15:01:02,966.85,50,431550
20231229,15:01:03,964.25,50,431550
20231229,15:01:05,965.65,200,431550
20231229,15:01:07,970.7,700,431550
20231229,15:01:08,967.9,100,431550
20231229,15:01:10,966.65,50,431550
20231229,15:01:12,970.4,50,431550
20231229,15:01:13,967.9,100,431550
20231229,15:01:15,968.3,100,431550
20231229,15:01:17,968.75,100,431550
20231229,15:01:18,969.2,100,431550
20231229,15:01:20,969.15,200,431550
20231229,15:01:22,971.7,100,431550
20231229,15:01:23,969.85,450,431550
20231229,15:01:25,972.3,600,431550
20231229,15:01:32,973.65,100,431550
20231229,15:01:33,977.1,100,431550
20231229,15:01:35,977.9,50,431550
20231229,15:01:37,978.25,50,431550
20231229,15:01:42,980.25,50,431550
20231229,15:01:43,982.25,50,431550
20231229,15:01:45,982.9,50,431550
20231229,15:01:48,983.1,50,431550
20231229,15:01:58,984.45,50,431550
20231229,15:02:23,984.45,100,431550
20231229,15:02:35,966.05,100,431550
20231229,15:02:42,964.95,50,431550
20231229,15:02:57,961.5,50,428800
20231229,15:03:24,967.15,50,428800
20231229,15:03:25,966.9,50,428800
20231229,15:03:30,963.65,50,428800
20231229,15:03:39,964.4,50,428800
20231229,15:04:12,961.2,50,428800
20231229,15:04:28,960.2,50,428800
20231229,15:04:38,963.85,50,428800
20231229,15:05:24,966.4,50,428800
20231229,15:06:46,953.65,50,428850
20231229,15:07:40,959.75,50,428850
20231229,15:07:45,958.65,50,428850
20231229,15:08:39,951.85,50,428850
20231229,15:08:40,953.55,100,428850
20231229,15:08:55,951.3,50,428850
20231229,15:08:57,951.15,50,428700
20231229,15:09:22,941.6,50,428700
20231229,15:09:57,945.9,50,428700
20231229,15:10:00,947.05,500,428700
20231229,15:11:33,950.4,100,428700
20231229,15:11:38,947.55,50,428700
20231229,15:11:40,946.85,50,428700
20231229,15:12:02,944.1,50,428700
20231229,15:12:19,946.0,50,428700
20231229,15:12:22,945.5,100,428700
20231229,15:12:31,937.35,550,428700
20231229,15:12:37,938.35,100,428700
20231229,15:12:39,937.85,50,428700
20231229,15:12:41,935.55,100,428700
20231229,15:12:42,935.05,50,428700
20231229,15:12:44,936.65,50,428700
20231229,15:12:46,933.5,100,428700
20231229,15:12:47,937.2,50,428700
20231229,15:12:49,936.95,50,428700
20231229,15:12:51,933.7,100,428700
20231229,15:12:57,933.9,50,428700
20231229,15:13:06,932.55,50,428700
20231229,15:13:09,929.2,50,428700
20231229,15:13:11,931.25,50,428700
20231229,15:13:26,934.6,50,428700
20231229,15:13:32,934.15,50,428700
20231229,15:13:42,937.9,50,428700
20231229,15:13:52,937.8,50,428700
20231229,15:13:57,937.9,50,428700
20231229,15:14:10,935.55,50,428700
20231229,15:14:13,931.65,50,428700
20231229,15:14:19,931.65,50,428700
20231229,15:14:27,932.15,100,428700
20231229,15:14:32,935.5,50,428700
20231229,15:14:35,934.05,50,428700
20231229,15:14:47,935.5,50,428700
20231229,15:14:54,936.7,50,428700
20231229,15:15:01,940.0,50,429500
20231229,15:15:09,943.35,100,429500
20231229,15:15:16,941.45,50,429500
20231229,15:15:47,946.75,50,429500
20231229,15:15:59,944.8,50,429500
20231229,15:16:01,943.5,50,429500
20231229,15:16:04,937.5,500,429500
20231229,15:16:14,942.2,50,429500
20231229,15:16:34,943.4,50,429500
20231229,15:16:41,943.05,50,429500
20231229,15:16:44,945.1,50,429500
20231229,15:17:03,941.45,50,429500
20231229,15:17:23,939.5,50,429500
20231229,15:17:28,938.6,50,429500
20231229,15:17:29,938.7,50,429500
20231229,15:17:49,936.15,50,429500
20231229,15:17:51,936.45,50,429500
20231229,15:17:53,937.45,50,429500
20231229,15:17:54,938.0,50,429500
20231229,15:17:59,938.05,50,430000
20231229,15:18:04,936.95,100,430000
20231229,15:18:23,938.35,50,430000
20231229,15:18:29,939.35,50,430000
20231229,15:18:33,938.2,50,430000
20231229,15:18:34,938.4,50,430000
20231229,15:18:41,938.5,50,430000
20231229,15:18:44,935.25,250,430000
20231229,15:18:53,937.9,50,430000
20231229,15:19:03,937.05,50,430000
20231229,15:19:11,934.35,150,430000
20231229,15:19:13,935.1,50,430000
20231229,15:19:14,935.7,50,430000
20231229,15:19:23,932.45,50,430000
20231229,15:19:29,933.05,50,430000
20231229,15:19:38,936.5,50,430000
20231229,15:19:46,932.05,100,430000
20231229,15:19:48,935.25,50,430000
20231229,15:19:53,932.5,100,430000
20231229,15:20:01,934.35,50,430000
20231229,15:20:11,933.6,50,430000
20231229,15:20:14,932.9,50,430000
20231229,15:20:23,930.25,100,430000
20231229,15:20:26,931.95,50,430000
20231229,15:20:29,930.35,50,430000
20231229,15:20:36,929.25,50,430000
20231229,15:20:39,928.0,100,430000
20231229,15:20:46,925.9,50,430000
20231229,15:20:49,925.1,50,430000
20231229,15:20:58,924.0,50,430600
20231229,15:20:59,923.3,50,430600
20231229,15:21:23,930.0,100,430600
20231229,15:21:31,934.4,50,430600
20231229,15:21:51,934.25,50,430600
20231229,15:21:53,934.95,50,430600
20231229,15:21:55,934.45,50,430600
20231229,15:22:05,931.45,350,430600
20231229,15:22:06,931.5,100,430600
20231229,15:22:10,931.75,50,430600
20231229,15:22:30,934.3,50,430600
20231229,15:24:00,927.0,50,430600
20231229,15:24:10,925.85,50,430600
20231229,15:24:23,923.85,50,430600
20231229,15:24:25,922.5,50,430600
20231229,15:24:33,922.0,50,430600
20231229,15:24:35,923.35,50,430600
20231229,15:24:38,923.45,50,430600
20231229,15:26:43,921.1,50,430600
20231229,15:27:43,927.45,150,430600
20231229,15:27:45,928.05,50,430600
20231229,15:28:01,929.75,200,430600
20231229,15:28:20,930.9,50,430600
20231229,15:28:21,931.0,50,430600
20231229,15:29:14,927.05,100,430600
20240101,09:20:06,866.7,1,430300
20240101,09:20:06,866.7,50,430300
20240101,09:20:13,874.7,50,430300
20240101,09:20:22,874.7,50,430400
20240101,09:20:31,871.9,100,430400
20240101,09:20:40,873.15,50,430400
20240101,09:24:40,880.6,500,430600
20240101,09:24:53,881.15,400,430600
20240101,09:24:57,881.1,50,430600
20240101,09:25:04,880.45,300,430600
20240101,09:25:06,884.0,50,430600
20240101,09:26:02,884.0,200,430600
20240101,09:26:11,881.3,100,430600
20240101,09:26:23,878.5,50,432200
20240101,09:27:05,880.0,100,432200
20240101,09:27:18,883.3,50,432200
20240101,09:29:22,872.55,200,432400
20240101,09:29:41,875.35,50,432400
20240101,09:30:05,871.95,200,432400
20240101,09:30:41,870.35,50,432400
20240101,09:30:44,872.0,1000,432400
20240101,09:30:53,868.15,1800,432400
20240101,09:31:40,865.55,50,432400
20240101,09:32:34,865.55,50,435750
20240101,09:33:06,875.65,50,435750
20240101,09:34:52,878.0,50,435750
20240101,09:35:05,880.15,100,435750
20240101,09:35:38,883.15,50,436000
20240101,09:36:57,882.7,50,436000
20240101,09:38:23,879.25,50,436100
20240101,09:39:07,867.1,150,436100
20240101,09:40:02,862.0,50,436100
20240101,09:40:09,859.35,100,436100
20240101,09:40:26,859.35,100,436100
20240101,09:40:39,865.15,100,436100
20240101,09:41:01,865.0,100,436100
20240101,09:41:14,871.75,50,436100
20240101,09:42:02,871.0,50,436600
20240101,09:42:31,875.1,100,436600
20240101,09:42:48,877.2,150,436600
20240101,09:43:03,878.5,50,436600
20240101,09:43:11,878.0,50,436600
20240101,09:45:06,881.25,50,436400
20240101,09:45:10,884.0,50,436400
20240101,09:45:39,879.0,100,436400
20240101,09:45:58,879.7,100,436400
20240101,09:46:10,876.4,100,436400
20240101,09:46:21,876.7,50,436400
20240101,09:46:45,890.7,50,436400
20240101,09:46:55,892.5,100,436400
20240101,09:47:05,890.85,50,436400
20240101,09:47:10,895.0,50,436400
20240101,09:48:54,895.0,250,436950
20240101,09:49:01,895.8,50,436950
20240101,09:49:02,895.8,250,436950
20240101,09:49:09,894.45,250,436950
20240101,09:49:41,898.65,50,436950
20240101,09:50:05,900.0,50,436950
20240101,10:01:07,910.8,50,437750
20240101,10:01:10,912.35,100,437750
20240101,10:01:25,915.9,100,437750
20240101,10:03:02,918.35,50,438000
20240101,10:03:07,918.35,50,438000
20240101,10:08:56,910.0,50,438000
20240101,10:16:40,887.05,50,438050
20240101,10:16:50,887.65,50,438050
20240101,10:17:00,886.95,50,438050
20240101,10:21:53,882.0,50,438200
20240101,10:25:39,880.35,50,438200
20240101,10:34:05,900.1,50,438150
20240101,10:42:01,905.9,50,438150
20240101,10:50:48,919.0,50,438200
20240101,10:59:41,919.0,50,438250
20240101,11:24:47,919.75,50,438300
20240101,12:07:00,919.75,50,438300
20240101,13:03:12,927.85,150,438350
20240101,13:05:30,930.2,350,438350
20240101,13:07:23,930.2,700,438500
20240101,13:07:27,922.8,50,438500
20240101,13:07:31,922.75,50,438500
20240101,13:07:34,922.1,50,438500
20240101,13:07:44,921.7,100,438500
20240101,13:07:50,922.3,100,438500
20240101,13:15:11,932.6,50,439550
20240101,13:50:12,934.95,1800,439550
20240101,13:50:36,941.3,1800,439550
20240101,13:50:58,939.75,1850,443150
20240101,13:50:59,939.85,50,443150
20240101,13:51:33,930.65,1800,443150
20240101,13:53:23,936.25,3600,443150
20240101,13:53:34,936.25,1000,443150
20240101,13:56:28,935.05,1800,442250
20240101,13:56:56,938.2,100,442250
20240101,13:57:03,939.7,1800,444050
20240101,13:57:08,943.45,50,444050
20240101,13:57:34,948.1,1800,444050
20240101,13:57:38,951.0,100,444050
20240101,13:57:39,951.0,50,444050
20240101,13:57:49,954.2,100,444050
20240101,13:58:12,960.1,50,444050
20240101,13:58:28,960.1,100,444050
20240101,13:59:41,953.8,150,444050
20240101,13:59:54,954.0,50,444050
20240101,14:00:16,955.6,50,448050
20240101,14:00:56,962.3,100,448050
20240101,14:01:53,969.3,50,448050
20240101,14:04:29,987.2,150,448100
20240101,14:04:35,990.0,50,448100
20240101,14:04:37,990.0,350,448100
20240101,14:04:45,990.0,350,448100
20240101,14:10:07,991.65,50,448050
20240101,14:22:57,997.1,50,448000
20240101,14:26:08,1005.1,1800,448000
20240101,14:28:53,1005.1,1000,446300
20240101,14:28:58,1000.2,500,446300
20240101,14:29:03,1001.55,300,446300
20240101,14:30:11,1001.9,500,448000
20240101,14:30:14,1000.7,250,448000
20240101,15:11:24,937.35,1800,448750
20240101,15:11:37,944.0,500,448750
20240101,15:12:20,946.8,200,451050
20240101,15:12:54,932.85,100,451050
20240101,15:12:59,938.45,500,451050
20240101,15:13:08,935.45,100,451050
20240101,15:13:28,923.4,100,451050
20240101,15:15:02,931.8,50,451050
20240101,15:16:20,935.25,100,452100
20240101,15:16:25,931.85,50,452100
20240101,15:16:34,935.95,100,452100
20240101,15:16:47,935.15,100,452100
20240101,15:17:21,934.75,50,452100
20240101,15:17:34,940.95,50,452100
20240101,15:22:10,892.7,50,452550
20240101,15:22:48,893.95,50,452550
20240101,15:25:39,881.65,50,452550
20240101,15:25:41,881.65,50,452550
20240101,15:28:01,879.6,50,452550
20240101,15:29:21,877.1,500,452550
20240102,09:27:15,865.05,1,452550
20240102,09:27:15,865.05,50,452550
20240102,09:27:44,885.55,500,452550
20240102,09:27:53,885.6,550,452550
20240102,09:28:01,889.0,500,452550
20240102,09:28:16,890.55,200,452550
20240102,09:28:19,890.55,250,452550
20240102,09:28:27,893.7,200,452550
20240102,09:28:29,899.2,100,452550
20240102,09:28:38,899.2,200,452550
20240102,09:28:58,898.8,50,452550
20240102,09:29:08,893.65,50,452550
20240102,09:29:27,894.15,50,452550
20240102,09:29:38,893.55,50,455100
20240102,09:31:44,886.5,50,455100
20240102,09:32:18,882.95,50,455100
20240102,09:32:48,878.1,50,455300
20240102,09:33:14,879.25,50,455300
20240102,09:33:45,877.5,50,455300
20240102,09:34:17,878.25,50,455300
20240102,09:34:48,880.75,50,455300
20240102,09:35:20,884.3,50,455300
20240102,09:37:00,876.05,250,455600
20240102,09:37:03,877.05,250,455600
20240102,09:37:07,880.25,250,455600
20240102,09:38:14,884.1,50,455600
20240102,09:38:46,888.35,250,456400
20240102,09:38:51,886.8,100,456400
20240102,09:38:54,886.75,50,456400
20240102,09:39:12,887.35,100,456400
20240102,09:39:47,893.15,50,456400
20240102,09:40:20,898.85,50,456400
20240102,09:40:55,898.05,50,456400
20240102,09:41:17,908.15,50,456400
20240102,09:41:22,908.15,50,456400
20240102,09:41:49,905.3,50,457100
20240102,09:43:01,910.05,50,457100
20240102,09:43:28,910.05,50,457100
20240102,09:44:28,905.3,50,457250
20240102,09:45:05,906.7,50,457250
20240102,09:45:32,901.7,50,457250
20240102,09:45:53,901.3,50,457250
20240102,09:46:43,902.0,350,457250
20240102,09:47:32,906.35,50,457800
20240102,09:48:20,899.8,50,457800
20240102,09:49:13,902.65,50,457800
20240102,09:49:42,903.5,50,457800
20240102,09:50:27,899.35,50,457800
20240102,09:50:44,902.9,50,458050
20240102,09:50:59,900.25,50,458050
20240102,09:51:31,896.2,50,458050
20240102,09:51:41,903.85,50,458050
20240102,09:52:00,899.85,50,458050
20240102,09:53:57,895.05,50,458200
20240102,09:54:10,895.5,50,458200
20240102,09:54:39,886.2,50,458200
20240102,09:54:42,885.25,50,458200
20240102,09:55:31,873.75,50,458200
20240102,09:56:02,864.85,50,458200
20240102,09:56:19,857.2,600,458200
20240102,09:56:31,859.95,50,458450
20240102,09:59:24,813.1,50,458450
20240102,10:00:10,805.15,50,458450
20240102,10:00:38,805.15,50,458450
20240102,10:01:06,805.45,50,458450
20240102,10:01:27,809.8,50,458450
20240102,10:01:29,810.0,250,458450
20240102,10:01:57,811.85,50,458450
20240102,10:02:24,813.45,50,458450
20240102,10:03:24,829.3,100,458950
20240102,10:07:35,834.6,50,459000
20240102,10:08:19,841.75,50,459000
20240102,10:08:22,839.35,50,459000
20240102,10:08:52,829.0,50,459000
20240102,10:10:33,827.7,50,459000
20240102,10:11:36,825.1,50,459000
20240102,10:12:17,819.9,50,459000
20240102,10:12:21,820.55,50,459000
20240102,10:12:32,819.4,50,459000
20240102,10:12:57,811.05,50,459000
20240102,10:13:30,823.7,50,459000
20240102,10:13:50,824.8,50,459000
20240102,10:14:00,822.6,200,459000
20240102,10:14:36,832.3,50,459100
20240102,10:15:04,832.55,250,459100
20240102,10:15:11,827.55,250,459100
20240102,10:15:14,826.35,250,459100
20240102,10:15:28,830.05,100,459100
20240102,10:15:29,828.45,100,459100
20240102,10:16:25,833.85,50,459100
20240102,10:17:00,825.4,50,459100
20240102,10:17:24,818.6,50,459100
20240102,10:21:04,825.6,50,460100
20240102,10:23:01,815.85,50,460100
20240102,10:23:33,810.6,50,460100
20240102,10:24:01,809.85,50,460100
20240102,10:24:25,808.6,50,460100
20240102,10:24:33,809.3,50,460100
20240102,10:26:15,792.05,50,460100
20240102,10:26:28,788.0,50,460100
20240102,10:27:44,788.0,50,460200
20240102,10:30:20,780.65,50,460200
20240102,10:33:04,780.65,50,460200
20240102,10:34:51,781.75,50,460200
20240102,10:36:17,776.25,50,460200
20240102,10:37:02,762.05,50,460200
20240102,10:39:36,749.6,50,460250
20240102,10:41:18,749.0,100,460250
20240102,10:44:18,749.0,50,460200
20240102,10:44:20,768.8,50,460200
20240102,10:44:58,766.95,50,460300
20240102,10:45:06,770.45,50,460300
20240102,10:49:09,786.25,50,460400
20240102,10:51:21,778.0,50,460400
20240102,10:52:26,775.8,50,460400
20240102,10:52:31,776.0,50,460400
20240102,10:52:44,778.2,50,460400
20240102,10:53:04,783.6,50,460400
20240102,10:53:50,782.6,50,460450
20240102,10:54:08,781.75,50,460450
20240102,10:55:05,785.75,50,460450
20240102,10:57:01,772.15,50,460450
20240102,10:57:32,773.0,50,460450
20240102,10:58:01,786.2,50,460450
20240102,11:01:47,782.1,50,460550
20240102,11:02:50,784.35,50,460550
20240102,11:04:04,782.2,50,460550
20240102,11:06:07,776.15,50,460550
20240102,11:09:15,777.2,50,460600
20240102,11:11:55,777.65,50,460600
20240102,11:15:06,768.0,50,460600
20240102,11:22:47,788.15,50,460550
20240102,11:25:20,789.8,100,460600
20240102,11:44:11,773.55,50,460500
20240102,11:50:48,762.0,50,460500
20240102,12:01:40,773.05,50,460450
20240102,12:05:50,772.3,50,460500
20240102,12:07:48,779.1,50,460500
20240102,12:07:53,781.45,50,460500
20240102,12:10:18,783.0,50,460500
20240102,12:10:25,784.35,50,460500
20240102,12:11:51,783.0,50,460550
20240102,12:16:14,800.0,50,460550
20240102,12:18:17,806.2,100,460600
20240102,12:18:24,805.45,100,460600
20240102,12:18:32,805.85,50,460600
20240102,12:18:43,804.75,100,460600
20240102,12:19:15,810.25,100,460600
20240102,12:19:22,808.1,100,460600
20240102,12:19:46,809.35,50,460600
20240102,12:19:48,807.1,50,460600
20240102,12:20:16,806.05,300,460600
20240102,12:21:22,796.6,50,461350
20240102,12:21:24,797.35,50,461350
20240102,12:22:29,791.8,50,461350
20240102,12:22:53,791.6,50,461350
20240102,12:23:02,794.1,50,461350
20240102,12:24:45,798.7,100,461450
20240102,12:24:58,801.1,100,461450
20240102,12:25:00,804.25,50,461450
20240102,12:25:10,800.7,100,461450
20240102,12:25:25,796.95,50,461450
20240102,12:25:36,797.7,50,461450
20240102,12:25:47,796.45,50,461450
20240102,12:28:06,793.7,100,461800
20240102,12:28:19,790.65,100,461800
20240102,12:28:37,791.3,100,461800
20240102,12:29:13,792.7,50,461800
20240102,12:39:22,805.6,150,462100
20240102,12:40:32,809.85,50,462100
20240102,12:41:33,811.7,50,462100
20240102,12:50:03,794.2,50,462100
20240102,12:58:07,791.75,50,462200
20240102,12:59:27,793.8,50,462200
20240102,13:04:54,775.85,50,462200
20240102,13:05:58,774.05,250,462150
20240102,13:07:50,785.7,50,462150
20240102,13:08:52,784.45,50,462150
20240102,13:13:50,774.75,50,462400
20240102,13:16:04,783.95,50,462400
20240102,13:23:47,773.15,50,462400
20240102,13:35:59,800.0,350,462400
20240102,13:50:53,811.0,50,462400
20240102,13:55:26,801.6,50,462400
20240102,14:04:45,804.35,50,462450
20240102,14:10:00,821.7,50,462450
20240102,14:10:25,827.55,100,462450
20240102,14:10:30,826.3,50,462450
20240102,14:11:04,832.5,150,462450
20240102,14:11:28,837.4,50,462450
20240102,14:11:39,839.1,50,462450
20240102,14:11:43,840.45,50,462450
20240102,14:11:51,839.4,50,462450
20240102,14:11:59,842.05,150,462450
20240102,14:12:58,843.7,50,462450
20240102,14:13:54,850.0,250,462450
20240102,14:17:50,832.5,500,462600
20240102,14:20:39,825.7,50,462600
20240102,14:21:48,831.8,50,462600
20240102,14:23:01,829.8,50,462600
20240102,14:24:49,827.75,50,462600
20240102,14:28:53,826.1,50,462600
20240102,14:29:18,826.95,50,462600
20240102,14:39:39,859.45,100,462600
20240102,14:39:49,864.8,100,462600
20240102,14:40:01,863.1,50,462600
20240102,14:40:22,860.95,50,462600
20240102,14:40:58,864.35,50,462600
20240102,14:41:12,861.95,50,462600
20240102,14:42:48,863.85,100,462650
20240102,14:44:28,844.9,50,462650
20240102,14:48:38,852.3,50,462650
20240102,14:50:17,846.9,50,462650
20240102,14:51:15,851.2,50,462650
20240102,14:54:27,827.95,50,462650
20240102,14:55:13,829.4,50,462650
20240102,14:55:30,830.95,50,462650
20240102,14:55:33,831.25,50,462650
20240102,14:58:21,831.8,650,462650
20240102,14:59:43,823.0,50,462650
20240102,15:00:03,822.8,50,462650
20240102,15:00:20,837.45,100,462650
20240102,15:00:31,847.6,100,462650
20240102,15:02:55,841.7,50,462650
20240102,15:03:54,842.05,100,462650
20240102,15:04:34,842.9,50,462650
20240102,15:04:50,842.2,50,462650
20240102,15:05:50,843.55,50,462650
20240102,15:06:44,831.5,100,462650
20240102,15:07:05,830.6,200,462650
20240102,15:07:15,825.8,200,462650
20240102,15:07:44,811.85,50,462650
20240102,15:12:10,786.0,50,462750
20240102,15:12:12,783.1,50,462750
20240102,15:12:32,785.45,50,462700
20240102,15:16:32,805.45,50,462750
20240102,15:25:37,794.35,100,462800
20240103,09:15:25,744.0,1,462700
20240103,09:15:25,744.05,150,462700
20240103,09:18:31,754.0,50,462650
20240103,09:18:41,756.0,50,462650
20240103,09:20:06,769.0,50,462650
20240103,09:22:21,769.0,50,462700
20240103,09:25:50,756.75,50,462650
20240103,09:25:58,751.45,50,462650
20240103,09:27:00,759.45,50,462650
20240103,09:28:19,769.0,50,462650
20240103,09:34:08,755.0,50,462700
20240103,09:36:55,744.0,50,462650
20240103,09:37:49,733.0,50,462650
20240103,09:38:05,732.4,250,462650
20240103,09:40:15,732.4,50,462550
20240103,09:41:35,726.0,50,462500
20240103,09:41:45,723.0,50,462500
20240103,09:42:20,721.65,50,462500
20240103,09:42:23,720.6,450,462500
20240103,09:42:30,720.6,50,462500
20240103,09:43:06,720.65,550,462500
20240103,09:43:28,721.0,50,462500
20240103,09:43:40,715.0,50,462500
20240103,09:43:53,713.95,100,462500
20240103,09:49:22,714.6,50,462400
20240103,09:51:00,719.35,50,462450
20240103,09:53:03,731.0,50,462450
20240103,09:57:54,739.0,50,462450
20240103,10:00:53,723.0,50,462600
20240103,10:04:21,739.0,50,462550
20240103,10:04:27,749.0,50,462550
20240103,10:04:54,733.0,50,462550
20240103,10:05:09,729.75,50,462550
20240103,10:05:16,723.0,50,462550
20240103,10:05:24,715.0,50,462550
20240103,10:07:19,730.0,50,462500
20240103,10:08:40,728.1,50,462550
20240103,10:12:14,728.1,50,462600
20240103,10:13:50,728.1,50,462600
20240103,10:16:25,734.4,50,462600
20240103,10:18:25,726.7,1500,462750
20240103,10:20:14,715.0,50,462750
20240103,10:20:32,715.0,50,462750
20240103,10:20:56,702.4,200,464250
20240103,10:24:26,700.0,100,464150
20240103,10:25:52,700.0,50,464150
20240103,10:25:54,710.0,50,464150
20240103,10:26:43,710.0,100,464350
20240103,10:34:02,728.8,50,464450
20240103,10:48:11,707.0,50,464500
20240103,10:56:20,712.0,50,464500
20240103,10:59:18,713.0,50,464550
20240103,10:59:28,715.0,100,464550
20240103,11:01:57,710.6,50,464700
20240103,11:05:53,713.75,50,464700
20240103,11:06:13,716.7,50,464700
20240103,11:08:44,720.35,50,464700
20240103,11:09:06,714.65,150,464700
20240103,11:10:30,713.2,50,464700
20240103,11:12:24,712.4,50,464700
20240103,11:13:42,713.95,50,464700
20240103,11:16:37,715.6,50,464700
20240103,11:18:57,716.0,50,464700
20240103,11:19:02,720.25,100,464700
20240103,11:19:04,721.15,50,464700
20240103,11:21:09,729.9,100,464650
20240103,11:23:40,729.75,50,464650
20240103,11:35:35,711.2,50,464600
20240103,11:38:50,714.75,50,464600
20240103,11:47:02,730.05,50,464650
20240103,11:50:07,748.4,50,464700
20240103,11:50:18,743.4,50,464700
20240103,11:51:46,747.25,50,464700
20240103,11:52:01,752.3,50,464700
20240103,11:52:15,752.5,50,464700
20240103,11:52:20,752.1,100,464700
20240103,11:52:23,751.45,50,464700
20240103,11:52:25,750.55,50,464700
20240103,11:57:24,741.85,150,464700
20240103,11:57:33,739.75,50,464700
20240103,11:59:14,741.0,150,464700
20240103,11:59:22,740.0,150,464700
20240103,12:00:39,731.5,50,464700
20240103,12:04:34,734.1,50,464750
20240103,12:06:28,721.0,50,464750
20240103,12:08:59,719.05,100,464750
20240103,12:19:17,728.35,50,464750
20240103,12:23:01,699.15,50,464750
20240103,12:26:55,675.0,50,464750
20240103,12:29:06,674.05,150,464750
20240103,12:34:31,674.05,1500,464750
20240103,12:34:59,682.9,500,464750
20240103,12:35:10,685.75,200,464750
20240103,12:36:27,683.1,100,462650
20240103,12:37:12,687.7,50,462650
20240103,12:44:38,690.0,200,462600
20240103,12:45:19,687.55,50,462800
20240103,12:48:15,685.7,100,462750
20240103,12:49:57,695.0,50,462750
20240103,13:11:41,710.0,50,462750
20240103,13:17:21,715.1,500,462750
20240103,13:20:30,716.85,1000,462250
20240103,13:21:48,711.0,1000,463150
20240103,13:23:38,711.5,1000,463150
20240103,13:29:07,710.2,1000,465150
20240103,13:38:53,720.7,50,466150
20240103,13:46:45,709.95,50,466150
20240103,13:47:05,712.3,50,466150
20240103,13:57:42,698.7,500,466150
20240103,14:02:02,710.95,50,466650
20240103,14:04:12,713.2,100,466650
20240103,14:04:59,712.35,500,466650
20240103,14:05:30,714.3,50,466650
20240103,14:06:10,718.3,250,466650
20240103,14:06:22,717.45,50,467300
20240103,14:06:39,715.6,50,467300
20240103,14:07:09,713.55,50,467300
20240103,14:09:29,718.2,50,467450
20240103,14:13:19,718.3,50,467450
20240103,14:18:01,699.0,450,467450
20240103,14:19:21,695.0,200,467900
20240103,14:19:37,690.0,50,467900
20240103,14:19:39,688.1,150,467900
20240103,14:20:01,686.65,50,467900
20240103,14:20:44,689.85,50,467900
20240103,14:21:49,698.2,50,468350
20240103,14:23:49,696.85,1000,468350
20240103,14:27:48,684.65,50,467350
20240103,14:31:11,690.3,200,467350
20240103,14:31:13,690.3,300,467350
20240103,14:31:53,683.0,50,467350
20240103,14:33:11,687.05,50,467350
20240103,14:35:35,675.0,50,467350
20240103,14:38:02,663.65,50,467300
20240103,14:41:29,663.65,250,467300
