date,time,tick_price,volume,open_interest
20240123,09:15:49,2.7,850,2000
20240123,09:16:00,2.7,750,2000
20240123,09:17:22,2.75,50,2000
20240123,09:17:33,2.8,350,2000
20240123,09:17:57,2.75,50,2000
20240123,09:18:07,2.75,150,2000
20240123,09:18:16,2.75,100,2000
20240123,09:19:01,2.75,50,2000
20240123,09:19:39,2.7,250,2000
20240123,09:19:50,2.7,950,2000
20240123,09:25:54,2.6,50,750
20240123,09:26:06,2.6,50,750
20240123,09:34:09,2.7,50,650
20240123,09:34:20,2.7,50,650
20240123,09:38:51,2.75,50,550
20240123,09:41:20,2.85,100,550
20240123,09:48:23,2.75,50,500
20240123,09:49:20,2.8,400,500
20240123,09:49:35,2.85,50,500
20240123,09:49:48,2.9,50,500
20240123,09:52:05,2.9,50,650
20240123,09:55:06,2.8,50,700
20240123,09:56:51,2.8,50,700
20240123,10:04:02,2.9,50,700
20240123,10:04:59,2.9,50,700
20240123,10:09:06,3.05,50,700
20240123,10:11:28,3.05,50,700
20240123,11:43:45,4.25,150,800
20240123,11:43:59,4.4,950,800
20240123,11:44:04,4.5,450,800
20240123,11:45:38,4.6,50,2150
20240123,11:46:03,4.55,600,2150
20240123,11:46:09,4.7,100,2150
20240123,11:46:22,4.8,50,2150
20240123,11:48:51,4.75,50,1950
20240123,11:49:05,4.65,50,1950
20240123,11:49:13,4.55,100,1950
20240123,11:49:23,4.5,50,1950
20240123,11:49:46,4.4,50,1950
20240123,11:49:53,4.45,350,1950
20240123,11:50:12,4.3,950,1950
20240123,11:50:20,4.3,100,1950
20240123,11:51:06,4.25,100,2050
20240123,11:51:25,4.25,100,2050
20240123,11:51:36,4.25,50,2050
20240123,11:51:58,4.3,200,2050
20240123,11:53:17,4.3,50,2050
20240123,11:54:07,4.45,50,2050
20240123,11:55:35,4.45,450,2050
20240123,11:55:51,4.35,250,2050
20240123,11:56:54,4.45,50,2050
20240123,11:57:18,4.55,50,2350
20240123,11:57:29,4.55,50,2350
20240123,11:59:15,4.75,150,2350
20240123,11:59:20,4.75,50,2350
20240123,11:59:43,4.6,100,2350
20240123,12:01:17,4.8,100,2200
20240123,12:01:24,4.95,50,2200
20240123,12:02:01,4.9,50,2200
20240123,12:02:59,5.15,50,2250
20240123,12:03:25,5.1,50,2250
20240123,12:03:37,5.25,100,2250
20240123,12:03:45,5.35,150,2250
20240123,12:04:04,5.2,100,2250
20240123,12:04:14,5.2,50,2250
20240123,12:04:27,5.3,50,2250
20240123,12:04:45,5.25,50,2250
20240123,12:05:09,5.1,100,2250
20240123,12:05:32,5.15,50,2250
20240123,12:06:17,5.05,100,2300
20240123,12:07:05,5.6,50,2300
20240123,12:07:11,5.7,100,2300
20240123,12:07:46,5.8,200,2300
20240123,12:08:12,5.9,50,2300
20240123,12:08:55,5.6,200,2300
20240123,12:11:40,5.7,50,2400
20240123,12:11:54,5.7,50,2400
20240123,12:12:09,5.9,250,2450
20240123,12:12:31,5.65,100,2450
20240123,12:16:02,5.25,100,2600
20240123,12:16:07,5.35,50,2600
20240123,12:16:47,4.8,200,2600
20240123,12:17:15,4.95,150,2600
20240123,12:18:40,5.15,50,2500
20240123,12:18:58,5.15,50,2500
20240123,12:20:52,5.45,100,2500
20240123,12:22:03,5.35,50,2500
20240123,12:23:13,5.1,50,2500
20240123,12:32:10,5.05,100,2500
20240123,12:32:17,5.0,1450,2500
20240123,12:32:28,5.0,50,2500
20240123,12:32:38,5.0,250,2500
20240123,12:33:28,5.2,50,3400
20240123,12:33:57,5.1,50,3400
20240123,12:34:16,5.1,50,3400
20240123,12:36:58,5.1,50,3400
20240123,12:37:14,5.1,1050,3400
20240123,12:39:18,5.25,100,4400
20240123,12:39:32,5.35,50,4400
20240123,12:39:37,5.35,50,4400
20240123,12:40:00,5.4,50,4400
20240123,12:40:36,5.45,50,4400
20240123,12:42:50,5.45,50,4550
20240123,12:45:44,5.5,50,4550
20240123,12:46:19,5.55,100,4550
20240123,12:46:25,5.65,300,4550
20240123,12:46:37,5.7,350,4550
20240123,12:47:29,6.0,100,4550
20240123,12:48:03,6.05,150,4950
20240123,12:48:12,6.05,50,4950
20240123,12:48:25,5.85,50,4950
20240123,12:49:18,5.35,250,4950
20240123,12:50:01,5.45,100,4950
20240123,12:55:26,5.85,350,5250
20240123,12:56:23,5.85,100,5250
20240123,12:58:08,6.05,250,5600
20240123,12:58:15,6.2,150,5600
20240123,13:01:05,6.15,50,5750
20240123,13:01:39,5.95,50,5750
20240123,13:02:06,6.1,100,5750
20240123,13:03:20,6.0,50,5750
20240123,13:05:19,6.0,50,5750
20240123,13:05:42,6.1,100,5750
20240123,13:07:04,6.15,100,5750
20240123,13:07:36,5.95,100,5750
20240123,13:08:13,6.2,150,5750
20240123,13:08:30,6.15,200,5750
20240123,13:08:40,6.15,50,5750
20240123,13:12:43,6.05,300,5750
20240123,13:12:46,6.0,150,5750
20240123,13:13:25,5.95,50,5750
20240123,13:14:00,6.1,50,5750
20240123,13:15:10,6.15,50,5700
20240123,13:15:15,6.2,100,5700
20240123,13:15:37,6.25,150,5700
20240123,13:16:06,6.15,100,5700
20240123,13:18:51,6.15,100,6000
20240123,13:19:10,6.05,50,6000
20240123,13:19:17,6.1,50,6000
20240123,13:19:34,6.0,300,6000
20240123,13:22:35,6.35,100,5950
20240123,13:25:06,6.35,800,6050
20240123,13:25:40,6.4,50,6050
20240123,13:27:18,6.6,100,6900
20240123,13:27:49,6.6,50,6900
20240123,13:28:00,6.6,200,6900
20240123,13:28:13,6.6,50,6900
20240123,13:28:45,6.5,50,6900
20240123,13:28:47,6.5,50,6900
20240123,13:29:05,6.4,100,6900
20240123,13:29:18,6.45,100,6900
20240123,13:33:08,6.65,50,6900
20240123,13:35:00,6.65,50,6900
20240123,13:35:27,6.65,350,6900
20240123,13:35:40,6.6,150,6900
20240123,13:45:17,6.5,50,7400
20240123,13:45:52,6.5,50,7400
20240123,13:46:22,6.3,100,7400
20240123,13:46:50,6.3,100,7400
20240123,13:47:16,6.15,50,7400
20240123,13:47:33,6.15,50,7400
20240123,13:49:33,6.0,100,7350
20240123,13:50:01,5.8,100,7350
20240123,13:50:34,6.05,50,7350
20240123,13:50:53,6.1,50,7350
20240123,13:51:10,6.2,1800,7350
20240123,13:51:20,6.25,1000,7150
20240123,13:51:34,6.25,50,7150
20240123,13:56:45,6.4,50,7150
20240123,13:58:13,6.35,50,7150
20240123,13:58:32,6.3,100,7150
20240123,14:01:39,6.25,50,7050
20240123,14:01:52,6.25,100,7050
20240123,14:02:13,6.15,100,7050
20240123,14:03:10,6.0,50,7050
20240123,14:04:17,6.0,100,6800
20240123,14:05:07,5.95,50,6800
20240123,14:05:23,5.85,50,6800
20240123,14:05:38,5.8,350,6800
20240123,14:05:47,5.65,100,6800
20240123,14:06:24,5.55,1000,6150
20240123,14:07:58,5.95,100,6150
20240123,14:09:52,5.9,100,6150
20240123,14:11:10,5.9,50,6150
20240123,14:12:50,6.0,50,6150
20240123,14:14:45,6.05,350,6150
20240123,14:15:53,6.0,150,6150
20240123,14:16:31,6.2,50,6150
20240123,14:16:38,6.2,50,6150
20240123,14:20:39,6.2,100,6150
20240123,14:21:01,6.25,200,6150
20240123,14:21:26,6.5,50,6350
20240123,14:21:46,6.55,100,6350
20240123,14:22:03,6.55,50,6350
20240123,14:22:17,6.5,100,6350
20240123,14:22:50,6.55,250,6350
20240123,14:26:00,7.0,50,6000
20240123,14:27:14,7.4,50,6000
20240123,14:27:16,7.3,50,5950
20240123,14:27:50,7.25,50,5950
20240123,14:28:07,7.4,50,5950
20240123,14:28:36,7.15,100,5950
20240123,14:29:07,7.2,150,5950
20240123,14:29:44,7.3,50,5950
20240123,14:30:09,7.4,50,5950
20240123,14:31:34,6.6,300,5900
20240123,14:34:29,7.1,200,5850
20240123,14:34:59,7.2,100,5850
20240123,14:35:23,7.3,150,5850
20240123,14:37:10,7.3,50,5700
20240123,14:39:35,7.75,200,5750
20240123,14:40:09,7.85,50,5750
20240123,14:40:24,7.7,200,5750
20240123,14:40:32,7.55,50,5750
20240123,14:40:49,7.8,50,5750
20240123,14:42:02,7.55,50,5750
20240123,14:42:43,7.6,50,5950
20240123,14:45:40,7.75,100,6000
20240123,14:46:02,7.8,100,6000
20240123,14:47:23,7.75,200,6000
20240123,14:47:30,7.7,50,6000
20240123,14:48:18,7.65,100,6000
20240123,14:48:56,7.05,250,6050
20240123,14:49:06,7.05,50,6050
20240123,14:49:27,7.1,500,6050
20240123,14:51:01,6.6,50,6050
20240123,14:51:17,6.5,100,6050
20240123,14:52:04,6.5,50,5750
20240123,14:55:02,7.2,100,5650
20240123,14:55:55,7.15,350,5650
20240123,14:57:48,7.25,50,6050
20240123,14:57:58,7.3,250,6050
20240123,14:59:29,7.6,1000,6050
20240123,14:59:44,7.3,50,6050
20240123,15:01:09,6.9,150,6950
20240123,15:01:20,7.0,50,6950
20240123,15:02:34,7.2,100,6950
20240123,15:03:23,7.2,50,6900
20240123,15:03:52,7.25,50,6900
20240123,15:04:50,7.2,400,6900
20240123,15:05:01,7.2,50,6900
20240123,15:07:05,7.1,50,6350
20240123,15:09:01,6.65,250,6350
20240123,15:09:16,6.75,250,6350
20240123,15:10:21,6.85,50,6350
20240123,15:10:28,6.85,100,6350
20240123,15:13:27,7.2,50,6350
20240123,15:15:47,7.35,50,6400
20240123,15:17:12,7.1,50,6400
20240123,15:17:20,7.05,50,6400
20240123,15:17:40,7.0,50,6400
20240123,15:17:54,7.0,50,6400
20240123,15:18:08,7.1,250,6400
20240123,15:18:57,7.1,100,6000
20240123,15:19:21,7.1,50,6000
20240123,15:19:27,7.05,100,6000
20240123,15:19:34,7.0,100,6000
20240123,15:19:45,7.0,50,6000
20240123,15:20:02,7.1,150,6000
20240123,15:20:28,7.0,150,6000
20240123,15:21:15,6.95,100,6000
20240123,15:21:30,6.85,50,6050
20240123,15:22:35,6.5,100,6050
20240123,15:23:09,6.55,50,6050
20240123,15:23:20,6.5,50,6050
20240123,15:23:33,6.55,350,6050
20240123,15:25:51,6.3,150,6050
20240123,15:26:35,6.2,100,6050
20240123,15:26:50,6.25,50,6050
20240123,15:27:50,6.75,500,6050
20240123,15:29:49,6.8,50,6050
20240123,15:29:59,6.9,1,5600
20240124,09:15:09,7.2,1,5600
20240124,09:15:09,7.2,150,5600
20240124,09:15:32,7.8,200,5600
20240124,09:15:53,7.2,50,5600
20240124,09:16:04,7.45,100,5600
20240124,09:17:16,8.35,50,5600
20240124,09:17:47,8.45,250,5600
20240124,09:18:15,8.75,1400,5800
20240124,09:18:24,8.85,1200,5800
20240124,09:19:08,9.75,300,5800
20240124,09:19:17,9.55,100,5800
20240124,09:19:26,9.55,50,5800
20240124,09:19:35,10.15,350,5800
20240124,09:19:45,10.1,350,5800
20240124,09:20:45,10.7,250,6450
20240124,09:20:55,10.15,300,6450
20240124,09:21:04,10.85,350,6450
20240124,09:21:12,11.15,250,6450
20240124,09:21:22,11.15,750,6450
20240124,09:21:31,11.0,750,6450
20240124,09:21:40,10.95,100,6450
20240124,09:21:49,10.65,200,6450
20240124,09:21:59,10.2,550,6450
20240124,09:22:08,9.5,100,6450
20240124,09:22:17,9.55,200,6450
20240124,09:22:27,9.55,150,6450
20240124,09:22:36,9.55,50,6450
20240124,09:22:55,9.65,50,6450
20240124,09:23:14,9.35,100,6450
20240124,09:23:23,9.6,50,6450
20240124,09:23:41,9.5,100,6450
20240124,09:23:50,9.35,50,7850
20240124,09:23:58,9.6,400,7850
20240124,09:24:08,9.45,200,7850
20240124,09:24:35,9.5,150,7850
20240124,09:24:53,9.45,100,7850
20240124,09:25:30,9.6,350,7850
20240124,09:25:39,9.85,300,7850
20240124,09:25:48,9.75,50,7850
20240124,09:26:17,9.6,150,7850
20240124,09:26:26,9.6,700,7850
20240124,09:26:45,9.3,50,7100
20240124,09:26:54,9.2,150,7100
20240124,09:27:22,9.0,50,7100
20240124,09:27:31,9.05,150,7100
20240124,09:27:41,9.1,700,7100
20240124,09:27:50,9.2,600,7100
20240124,09:28:00,9.05,550,7100
20240124,09:28:27,9.2,900,7100
20240124,09:29:38,8.8,50,7100
20240124,09:29:56,8.6,150,6750
20240124,09:30:05,8.5,50,6750
20240124,09:30:14,8.6,2000,6750
20240124,09:30:32,8.5,200,6750
20240124,09:30:50,8.6,50,6750
20240124,09:31:17,8.25,200,6750
20240124,09:31:25,8.3,300,6750
20240124,09:31:44,7.75,600,6750
20240124,09:31:53,7.8,200,6750
20240124,09:32:03,7.65,150,6750
20240124,09:32:12,7.65,100,6750
20240124,09:32:38,7.6,50,6750
20240124,09:33:15,7.45,700,8600
20240124,09:33:40,7.35,50,8600
20240124,09:33:48,7.35,250,8600
20240124,09:34:07,7.55,100,8600
20240124,09:34:16,7.6,350,8600
20240124,09:34:25,7.8,250,8600
20240124,09:35:18,7.8,50,8600
20240124,09:35:27,7.75,100,8600
20240124,09:35:54,8.2,100,8500
20240124,09:36:53,8.0,100,8500
20240124,09:37:18,8.0,100,8500
20240124,09:37:43,7.75,50,8500
20240124,09:37:52,7.65,250,8500
20240124,09:38:11,7.6,200,8500
20240124,09:38:28,7.4,200,8500
20240124,09:38:46,7.35,50,8100
20240124,09:38:54,7.4,100,8100
20240124,09:39:28,7.35,50,8100
20240124,09:39:38,7.2,50,8100
20240124,09:39:47,7.1,950,8100
20240124,09:39:56,6.95,300,8100
20240124,09:40:12,6.95,500,8100
20240124,09:40:21,6.8,450,8100
20240124,09:40:30,6.8,200,8100
20240124,09:40:40,6.8,400,8100
20240124,09:40:49,6.8,250,8100
20240124,09:40:57,6.85,250,8100
20240124,09:41:06,6.9,100,8100
20240124,09:41:15,6.9,1450,8100
20240124,09:41:25,6.8,250,8100
20240124,09:41:34,6.9,50,8100
20240124,09:41:42,6.8,1950,8100
20240124,09:41:51,6.9,50,9800
20240124,09:42:00,6.95,150,9800
20240124,09:42:09,6.9,350,9800
20240124,09:42:27,6.8,50,9800
20240124,09:43:02,6.8,50,9800
20240124,09:43:52,6.95,300,9800
20240124,09:44:01,6.95,200,9800
20240124,09:44:17,6.95,150,9800
20240124,09:44:25,6.95,50,9800
20240124,09:44:59,6.8,100,10400
20240124,09:45:17,6.6,50,10400
20240124,09:45:33,6.55,400,10400
20240124,09:45:42,6.5,50,10400
20240124,09:45:51,6.4,50,10400
20240124,09:46:10,6.4,150,10400
20240124,09:46:27,6.2,150,10400
20240124,09:47:21,6.0,50,10400
20240124,09:47:39,5.85,200,10400
20240124,09:48:15,5.85,50,11000
20240124,09:49:04,5.85,650,11000
20240124,09:49:14,6.1,250,11000
20240124,09:49:23,6.2,200,11000
20240124,09:50:15,6.1,50,11000
20240124,09:51:25,6.2,50,11150
20240124,09:51:41,6.25,100,11150
20240124,09:51:49,6.3,50,11150
20240124,09:51:58,6.3,100,11150
20240124,09:52:34,6.45,250,11150
20240124,09:52:43,6.35,200,11150
20240124,09:53:00,6.35,100,11150
20240124,09:54:21,6.25,150,11450
20240124,09:54:55,6.05,50,11450
20240124,09:55:13,6.1,50,11450
20240124,09:55:59,5.85,50,11450
20240124,09:57:19,5.65,150,11550
20240124,09:57:29,5.65,500,11550
20240124,09:57:37,5.95,1950,11550
20240124,09:57:46,6.0,200,11550
20240124,09:57:55,5.95,50,11550
20240124,09:58:03,6.05,400,11550
20240124,09:58:11,6.05,100,11550
20240124,09:58:28,6.1,100,11550
20240124,09:58:54,6.1,50,11550
20240124,09:59:03,6.15,350,11550
20240124,10:00:01,6.15,150,12000
20240124,10:00:56,5.65,50,12000
20240124,10:01:31,5.85,200,12000
20240124,10:02:07,6.15,150,12000
20240124,10:02:16,6.2,50,12000
20240124,10:02:33,6.3,50,12000
20240124,10:04:03,6.75,50,11850
20240124,10:04:57,6.85,50,11850
20240124,10:05:16,6.7,1950,11850
20240124,10:05:25,6.5,50,11850
20240124,10:05:35,6.75,900,11850
20240124,10:05:44,6.65,100,11850
20240124,10:06:02,6.35,200,10900
20240124,10:06:55,6.05,100,10900
20240124,10:07:13,5.9,650,10900
20240124,10:07:32,5.85,150,10900
20240124,10:07:41,5.95,100,10900
20240124,10:07:58,5.9,50,10900
20240124,10:08:23,5.95,100,10900
20240124,10:08:32,6.05,200,10900
20240124,10:08:41,6.15,50,10900
20240124,10:08:59,6.15,50,11100
20240124,10:09:27,6.25,100,11100
20240124,10:09:35,6.1,150,11100
20240124,10:09:51,6.05,150,11100
20240124,10:09:59,6.05,200,11100
20240124,10:10:08,6.05,400,11100
20240124,10:10:27,6.15,100,11100
20240124,10:10:35,6.35,250,11100
20240124,10:10:44,6.4,100,11100
20240124,10:10:53,6.7,1450,11100
20240124,10:11:02,6.95,550,11100
20240124,10:11:11,7.15,50,11100
20240124,10:11:20,7.3,550,11100
20240124,10:11:38,7.5,150,11100
20240124,10:11:55,7.7,100,9800
20240124,10:12:05,7.65,50,9800
20240124,10:12:14,7.55,350,9800
20240124,10:12:32,7.65,250,9800
20240124,10:12:41,7.7,50,9800
20240124,10:13:50,7.65,50,9800
20240124,10:13:58,7.65,100,9800
20240124,10:14:06,7.65,50,9800
20240124,10:14:14,7.55,350,9800
20240124,10:14:48,7.5,750,9800
20240124,10:15:40,6.8,200,9050
20240124,10:15:50,6.8,250,9050
20240124,10:16:07,6.75,50,9050
20240124,10:16:59,7.0,200,9050
20240124,10:17:07,6.95,150,9050
20240124,10:17:59,6.75,50,9300
20240124,10:18:48,6.75,50,9300
20240124,10:19:06,6.75,200,9300
20240124,10:20:29,6.3,50,9300
20240124,10:20:38,6.25,150,9300
20240124,10:21:57,6.0,50,9450
20240124,10:22:06,5.95,50,9450
20240124,10:22:58,5.95,50,9450
20240124,10:23:06,5.95,50,9450
20240124,10:24:10,6.0,50,9500
20240124,10:24:25,6.0,200,9500
20240124,10:24:50,6.1,50,9500
20240124,10:25:13,6.1,250,9500
20240124,10:25:38,6.05,250,9500
20240124,10:25:46,6.05,250,9500
20240124,10:26:27,6.1,100,9500
20240124,10:26:36,6.2,50,9500
20240124,10:26:45,6.2,800,9500
20240124,10:27:18,6.1,50,8500
20240124,10:28:11,5.75,500,8500
20240124,10:30:07,6.15,50,8500
20240124,10:30:15,6.2,250,8500
20240124,10:30:57,6.35,50,8500
20240124,10:31:15,6.2,550,8500
20240124,10:32:23,6.25,100,8500
20240124,10:32:46,6.25,50,8500
20240124,10:32:55,6.3,950,8500
20240124,10:33:26,6.35,50,9150
20240124,10:33:34,6.35,50,9150
20240124,10:35:41,5.95,250,9150
20240124,10:36:13,5.85,50,9000
20240124,10:36:28,5.8,250,9000
20240124,10:37:30,5.7,50,9000
20240124,10:37:39,5.7,50,9000
20240124,10:37:55,5.65,500,9000
20240124,10:38:27,5.7,50,9000
20240124,10:38:44,5.7,50,9000
20240124,10:39:07,5.7,50,8550
20240124,10:40:05,5.7,150,8550
20240124,10:40:13,5.75,50,8550
20240124,10:40:48,6.25,300,8550
20240124,10:41:05,6.3,100,8550
20240124,10:41:14,6.4,100,8550
20240124,10:41:30,6.4,250,8550
20240124,10:41:54,6.55,50,8550
20240124,10:42:01,6.55,50,9200
20240124,10:44:59,6.45,200,9150
20240124,10:45:26,6.65,100,9150
20240124,10:45:35,6.8,450,9150
20240124,10:46:03,6.4,300,9150
20240124,10:48:28,6.2,650,8700
20240124,10:49:23,6.2,1400,8700
20240124,10:49:32,6.2,100,8700
20240124,10:50:22,5.9,200,8700
20240124,10:50:56,5.95,250,8700
20240124,10:52:05,6.1,50,9650
20240124,10:53:17,6.35,250,9650
20240124,10:53:34,6.35,50,9650
20240124,10:54:09,6.05,200,9750
20240124,10:54:18,6.05,100,9750
20240124,10:55:01,5.9,50,9750
20240124,10:55:09,5.9,50,9750
20240124,10:55:41,5.95,200,9750
20240124,10:57:57,6.05,50,9750
20240124,10:59:08,6.25,50,9750
20240124,11:06:02,6.0,400,9750
20240124,11:08:18,6.0,50,9750
20240124,11:09:08,6.0,300,9750
20240124,11:10:24,5.95,50,9750
20240124,11:10:32,5.9,400,9750
20240124,11:11:12,5.85,50,9750
20240124,11:14:52,6.25,100,9450
20240124,11:15:26,6.15,250,9450
20240124,11:15:50,6.1,100,9450
20240124,11:21:06,6.05,1050,9500
20240124,11:22:43,6.25,50,9500
20240124,11:23:31,6.35,50,9500
20240124,11:25:05,6.5,750,10300
20240124,11:26:47,7.05,2250,10300
20240124,11:26:56,6.9,1000,10300
20240124,11:27:05,7.0,50,8750
20240124,11:27:29,7.3,1600,8750
20240124,11:27:46,7.35,100,8750
20240124,11:28:03,7.45,800,8750
20240124,11:28:12,7.2,400,8750
20240124,11:29:09,7.25,400,8750
20240124,11:29:18,7.15,50,8750
20240124,11:29:26,7.2,50,8750
20240124,11:29:35,7.25,400,8750
20240124,11:29:52,7.05,100,8750
20240124,11:30:18,7.1,50,8450
20240124,11:30:36,7.25,1150,8450
20240124,11:30:54,7.45,400,8450
20240124,11:31:11,7.65,600,8450
20240124,11:31:20,7.8,200,8450
20240124,11:32:21,8.2,50,8450
20240124,11:32:30,8.35,900,8450
20240124,11:32:40,8.35,50,8450
20240124,11:32:48,8.2,150,8450
20240124,11:33:07,8.25,450,8450
20240124,11:33:25,8.1,50,8450
20240124,11:33:34,7.95,50,8450
20240124,11:33:43,7.85,100,8450
20240124,11:34:08,7.65,250,8450
20240124,11:34:26,7.9,50,8450
20240124,11:34:36,8.05,100,8450
20240124,11:34:45,8.35,400,8450
20240124,11:34:53,8.45,50,8450
20240124,11:35:01,8.5,100,8450
20240124,11:35:09,8.45,50,8450
20240124,11:35:35,8.25,650,8450
20240124,11:35:52,8.2,100,8450
20240124,11:36:19,7.1,400,8050
20240124,11:36:47,6.95,200,8050
20240124,11:36:56,6.55,100,8050
20240124,11:37:15,6.8,100,8050
20240124,11:38:07,7.25,100,8050
20240124,11:38:15,7.45,150,8050
20240124,11:38:32,7.8,150,8050
20240124,11:38:41,7.8,50,8050
20240124,11:38:50,7.95,50,8050
20240124,11:39:08,7.85,50,8000
20240124,11:40:59,8.0,50,8000
20240124,11:41:43,7.85,50,8000
20240124,11:42:01,8.0,50,8000
20240124,11:42:18,7.65,50,8100
20240124,11:42:35,7.45,50,8100
20240124,11:44:03,7.3,50,8100
20240124,11:44:19,7.5,50,8100
20240124,11:44:36,7.35,450,8100
20240124,11:45:56,7.5,150,8350
20240124,11:46:40,7.45,50,8350
20240124,11:47:55,7.85,50,8350
20240124,11:49:11,7.85,50,8550
20240124,11:49:27,7.9,50,8550
20240124,11:49:35,7.95,100,8550
20240124,11:49:43,7.95,50,8550
20240124,11:50:52,7.55,50,8550
20240124,11:51:41,7.5,150,8850
20240124,11:52:06,7.5,50,8850
20240124,11:52:14,7.55,50,8850
20240124,11:52:45,7.55,50,8850
20240124,11:54:34,7.4,50,8950
20240124,11:54:42,7.3,600,8950
20240124,11:54:51,7.3,50,8950
20240124,11:58:13,7.65,50,9350
20240124,11:59:35,7.25,100,9350
20240124,11:59:43,7.35,50,9350
20240124,12:02:55,7.5,100,9350
20240124,12:06:03,8.0,50,9350
20240124,12:08:19,7.5,250,9400
20240124,12:08:28,7.7,100,9400
20240124,12:10:01,7.7,50,9250
20240124,12:11:42,7.6,200,9250
20240124,12:11:58,7.6,50,9250
20240124,12:12:06,7.65,400,9250
20240124,12:12:29,7.9,50,9500
20240124,12:12:45,8.15,300,9500
20240124,12:12:54,8.2,250,9500
20240124,12:13:20,8.1,200,9500
20240124,12:13:57,8.2,300,9500
20240124,12:14:20,8.15,200,9500
20240124,12:14:37,7.95,250,9500
20240124,12:15:18,7.85,200,10550
20240124,12:15:25,7.85,50,10550
20240124,12:15:41,7.9,650,10550
20240124,12:15:57,7.9,100,10550
20240124,12:16:05,7.95,50,10550
20240124,12:16:46,8.0,250,10550
20240124,12:17:35,7.85,100,10550
20240124,12:18:50,7.75,200,10450
20240124,12:19:06,7.9,50,10450
20240124,12:20:08,7.1,300,10450
20240124,12:20:35,7.4,150,10450
20240124,12:20:44,7.5,50,10450
20240124,12:20:52,7.45,250,10450
20240124,12:21:01,7.45,150,10450
20240124,12:21:33,7.75,50,10700
20240124,12:23:05,8.15,50,10700
20240124,12:24:32,7.9,50,10650
20240124,12:24:40,8.0,50,10650
20240124,12:24:57,8.2,200,10650
20240124,12:25:05,8.25,100,10650
20240124,12:25:59,8.3,50,10650
20240124,12:26:15,8.4,50,10650
20240124,12:27:21,8.4,50,11100
20240124,12:28:00,8.8,50,11100
20240124,12:28:24,8.8,950,11100
20240124,12:28:31,8.85,700,11100
20240124,12:28:49,8.85,50,11100
20240124,12:29:06,8.4,200,11100
20240124,12:29:15,8.2,200,11100
20240124,12:29:32,8.15,600,11100
20240124,12:29:41,8.0,50,11100
20240124,12:29:50,7.9,100,11100
20240124,12:30:16,7.75,100,10800
20240124,12:30:33,7.9,150,10800
20240124,12:30:41,7.85,350,10800
20240124,12:30:57,7.75,100,10800
20240124,12:32:24,8.3,50,10800
20240124,12:34:06,8.6,900,10650
20240124,12:36:05,8.3,100,10650
20240124,12:36:45,8.7,900,10800
20240124,12:37:01,8.65,50,10800
20240124,12:37:41,8.65,50,10800
20240124,12:38:04,8.7,200,10800
20240124,12:39:06,8.8,50,10800
20240124,12:39:36,8.9,50,10550
20240124,12:40:25,8.6,50,10550
20240124,12:41:51,8.65,50,10550
20240124,12:41:59,8.4,50,10550
20240124,12:45:09,8.4,50,10600
20240124,12:47:24,7.85,150,10650
20240124,12:47:39,7.85,50,10650
20240124,12:48:17,7.75,100,10600
20240124,12:50:34,7.05,50,10600
20240124,12:50:43,7.1,50,10600
20240124,12:51:00,6.9,50,10600
20240124,12:51:34,6.85,50,10600
20240124,12:53:33,7.05,50,10600
20240124,12:53:58,7.2,50,10600
20240124,12:54:30,7.45,150,10550
20240124,12:54:55,7.6,500,10550
20240124,12:55:11,7.5,50,10550
20240124,12:55:18,7.55,200,10550
20240124,12:55:59,7.45,50,10550
20240124,12:58:19,7.1,250,10700
20240124,12:58:27,7.0,100,10700
20240124,12:58:36,6.95,200,10700
20240124,13:00:28,7.0,50,10850
20240124,13:00:53,6.8,200,10850
20240124,13:01:02,6.7,50,10850
20240124,13:01:45,6.25,50,10850
20240124,13:02:17,6.45,50,10850
20240124,13:02:50,6.4,50,10850
20240124,13:03:21,6.4,50,10900
20240124,13:03:29,6.4,50,10900
20240124,13:05:44,6.75,300,10900
20240124,13:06:18,7.0,200,10900
20240124,13:07:01,6.7,50,10900
20240124,13:07:24,7.15,500,10900
20240124,13:07:40,7.25,150,10900
20240124,13:07:49,7.3,50,10900
20240124,13:07:57,7.35,50,10900
20240124,13:09:05,7.4,50,10900
20240124,13:09:13,7.35,50,10900
20240124,13:09:55,7.45,50,11350
20240124,13:10:34,7.3,50,11350
20240124,13:10:43,7.2,50,11350
20240124,13:10:52,6.9,100,11350
20240124,13:11:35,7.25,150,11350
20240124,13:12:08,7.15,100,11350
20240124,13:13:20,7.2,800,11250
20240124,13:13:58,7.3,1100,11250
20240124,13:14:28,7.15,100,11250
20240124,13:14:42,7.2,50,11250
20240124,13:14:57,7.2,50,11250
20240124,13:15:40,7.2,150,12500
20240124,13:15:55,7.2,400,12500
20240124,13:16:24,7.2,400,12500
20240124,13:16:56,7.25,700,12500
20240124,13:17:20,7.25,50,12500
20240124,13:18:52,6.95,150,10950
20240124,13:19:01,6.9,300,10950
20240124,13:19:09,6.85,150,10950
20240124,13:19:24,6.6,300,10950
20240124,13:19:33,6.75,50,10950
20240124,13:19:42,6.65,50,10950
20240124,13:19:51,6.7,50,10950
20240124,13:20:24,6.75,50,10950
20240124,13:20:49,6.6,150,10950
20240124,13:21:16,6.75,50,10950
20240124,13:22:16,6.8,50,11000
20240124,13:22:40,6.9,50,11000
20240124,13:22:48,6.95,50,11000
20240124,13:23:36,6.95,50,11000
20240124,13:24:00,6.85,50,11000
20240124,13:25:20,6.9,50,11100
20240124,13:27:27,6.85,50,11100
20240124,13:27:35,6.8,50,11100
20240124,13:30:53,6.8,50,11150
20240124,13:33:00,6.95,700,11150
20240124,13:33:37,7.0,400,11800
20240124,13:34:05,6.9,700,11800
20240124,13:37:31,6.95,500,11250
20240124,13:40:18,6.6,50,11300
20240124,13:42:34,6.85,50,11350
20240124,13:43:50,6.85,50,11350
20240124,13:44:24,6.85,1800,11350
20240124,13:44:50,6.75,100,11350
20240124,13:46:10,6.7,400,13000
20240124,13:48:10,6.5,400,13000
20240124,13:49:25,6.3,1800,12200
20240124,13:49:34,6.45,50,12200
20240124,13:49:49,6.55,50,12200
20240124,13:50:25,6.45,750,12200
20240124,13:50:51,6.5,200,12200
20240124,13:52:02,6.6,50,11900
20240124,13:52:52,6.7,150,11900
20240124,13:53:39,6.6,50,11900
20240124,13:58:47,6.45,50,11700
20240124,13:59:03,6.4,50,11700
20240124,13:59:59,6.55,850,11700
20240124,14:04:20,6.2,50,10850
20240124,14:04:34,6.05,50,10850
20240124,14:05:47,5.8,50,10850
20240124,14:05:56,5.7,150,10850
20240124,14:06:03,5.8,50,10850
20240124,14:06:50,5.7,1000,10750
20240124,14:07:06,5.75,50,10750
20240124,14:08:15,6.05,50,10750
20240124,14:09:50,6.05,50,10650
20240124,14:15:37,5.85,50,10600
20240124,14:15:51,5.9,50,10600
20240124,14:16:05,5.75,100,10600
20240124,14:16:13,5.85,50,10600
20240124,14:18:46,5.75,50,10650
20240124,14:22:16,5.8,300,10600
20240124,14:23:06,6.05,750,10600
20240124,14:23:22,5.85,150,10600
20240124,14:25:00,5.9,50,11000
20240124,14:27:04,5.95,50,11000
20240124,14:27:51,5.85,50,10900
20240124,14:27:59,5.8,100,10900
20240124,14:28:17,5.75,50,10900
20240124,14:28:25,5.75,50,10900
20240124,14:28:42,5.75,200,10900
20240124,14:29:24,5.65,50,10900
20240124,14:29:33,5.65,250,10900
20240124,14:29:41,5.65,100,10900
20240124,14:29:49,5.65,100,10900
20240124,14:30:53,5.5,100,10200
20240124,14:31:02,5.45,100,10200
20240124,14:31:11,5.45,50,10200
20240124,14:31:19,5.45,100,10200
20240124,14:31:36,5.45,50,10200
20240124,14:32:16,5.5,100,10200
20240124,14:33:19,5.5,50,10200
20240124,14:34:06,5.5,50,10000
20240124,14:34:55,5.35,50,10000
20240124,14:35:20,5.3,50,10000
20240124,14:35:28,5.3,50,10000
20240124,14:35:45,5.25,150,10000
20240124,14:36:04,5.15,100,10000
20240124,14:36:21,5.15,50,10000
20240124,14:36:30,5.3,50,9550
20240124,14:36:46,5.3,50,9550
20240124,14:39:16,5.25,50,9550
20240124,14:39:25,5.2,50,9550
20240124,14:40:53,5.0,100,9550
20240124,14:41:01,5.0,400,9550
20240124,14:41:36,4.85,100,9550
20240124,14:42:18,4.85,50,9550
20240124,14:43:33,4.65,50,9450
20240124,14:45:30,4.65,50,9450
20240124,14:45:38,4.7,50,9450
20240124,14:45:55,4.7,50,9450
20240124,14:46:11,4.8,50,9450
20240124,14:46:55,4.75,150,9450
20240124,14:47:04,4.8,50,9450
20240124,14:47:20,4.85,50,9450
20240124,14:47:45,4.9,100,9450
20240124,14:48:27,5.05,250,9450
20240124,14:49:02,5.1,300,9850
20240124,14:49:11,5.1,250,9850
20240124,14:49:46,5.0,50,9850
20240124,14:50:14,4.9,50,9850
20240124,14:53:44,4.8,300,10200
20240124,14:56:11,4.8,150,9900
20240124,14:57:37,4.85,50,10000
20240124,14:58:08,4.85,50,10000
20240124,14:58:49,4.8,50,10000
20240124,14:59:54,4.5,50,10000
20240124,15:00:03,3.5,2000,10000
20240124,15:00:11,4.55,300,10000
20240124,15:00:20,4.4,600,10000
20240124,15:00:28,4.5,50,10000
20240124,15:00:37,4.25,200,9350
20240124,15:00:47,4.35,50,9350
20240124,15:01:21,4.35,50,9350
20240124,15:01:29,4.3,150,9350
20240124,15:01:38,4.3,200,9350
20240124,15:01:54,4.25,50,9350
20240124,15:02:02,4.35,100,9350
20240124,15:02:20,4.25,50,9350
20240124,15:02:28,4.25,50,9350
20240124,15:02:36,4.3,50,9350
20240124,15:02:46,4.3,50,9350
20240124,15:03:05,4.35,150,9350
20240124,15:03:23,4.45,50,9350
20240124,15:03:40,4.4,450,9550
20240124,15:03:49,4.55,50,9550
20240124,15:03:58,4.55,100,9550
20240124,15:05:42,4.3,50,9550
20240124,15:05:50,4.3,50,9550
20240124,15:06:06,4.15,100,9550
20240124,15:10:13,4.2,300,9350
20240124,15:11:46,4.1,100,9350
20240124,15:12:47,4.1,50,9000
20240124,15:13:34,4.05,50,9000
20240124,15:15:50,3.8,100,8950
20240124,15:16:48,3.7,50,8950
20240124,15:17:13,3.75,50,8950
20240124,15:17:59,3.6,50,8950
20240124,15:19:09,3.6,100,8950
20240124,15:19:57,3.45,1050,8950
20240124,15:20:05,3.45,200,8950
20240124,15:23:08,3.5,50,8900
20240124,15:25:07,3.4,50,8900
20240124,15:25:54,3.3,450,8900
20240124,15:26:09,3.15,1000,8900
20240124,15:26:23,3.25,50,8900
20240124,15:27:36,3.2,150,8900
20240124,15:27:45,3.2,200,8300
20240124,15:27:54,3.2,100,8300
20240124,15:28:10,3.2,300,8300
20240124,15:28:27,3.2,200,8300
20240124,15:28:43,3.2,50,8300
20240124,15:29:33,3.15,50,8300
20240125,09:15:18,3.35,1,8150
20240125,09:15:18,3.45,300,8150
20240125,09:16:41,3.2,150,8150
20240125,09:18:37,3.3,50,8100
20240125,09:18:54,3.3,200,8100
20240125,09:19:23,3.45,200,8100
20240125,09:19:32,3.55,50,8100
20240125,09:19:41,3.55,100,8100
20240125,09:22:31,3.75,50,8150
20240125,09:23:29,4.0,50,8150
20240125,09:23:38,4.25,400,8150
20240125,09:23:47,4.25,300,8150
20240125,09:23:57,4.25,200,8450
20240125,09:24:16,4.45,150,8450
20240125,09:25:26,4.7,250,8450
20240125,09:25:36,4.7,200,8450
20240125,09:26:09,4.7,50,8450
20240125,09:26:18,4.5,300,8450
20240125,09:26:27,4.45,50,8450
20240125,09:26:36,4.45,50,8450
20240125,09:26:54,4.5,100,8450
20240125,09:27:04,4.45,100,9350
20240125,09:27:13,4.45,100,9350
20240125,09:27:49,4.3,50,9350
20240125,09:27:58,4.15,150,9350
20240125,09:28:27,4.2,350,9350
20240125,09:29:04,4.1,50,9350
20240125,09:29:30,4.1,100,9350
20240125,09:29:37,4.1,50,9350
20240125,09:29:44,4.05,250,9350
20240125,09:29:52,4.05,250,9350
20240125,09:30:32,4.1,50,10050
20240125,09:30:40,4.1,50,10050
20240125,09:30:48,4.05,100,10050
20240125,09:32:12,4.25,150,10050
20240125,09:32:29,4.15,300,10050
20240125,09:32:38,4.15,100,10050
20240125,09:33:36,4.35,500,10050
20240125,09:33:52,4.45,300,10050
20240125,09:33:59,4.55,150,10050
20240125,09:34:07,4.55,50,10050
20240125,09:34:15,4.6,200,10050
20240125,09:34:24,4.7,100,10050
20240125,09:34:33,4.65,150,10050
20240125,09:34:42,4.65,50,10050
20240125,09:34:51,4.65,50,10050
20240125,09:35:18,4.65,50,10050
20240125,09:35:37,4.6,100,10050
20240125,09:35:45,4.6,200,10050
20240125,09:35:53,4.5,100,10050
20240125,09:36:25,4.45,50,10600
20240125,09:37:08,4.35,50,10600
20240125,09:37:41,4.25,100,10600
20240125,09:37:49,4.3,50,10600
20240125,09:37:56,4.3,100,10600
20240125,09:38:29,4.25,100,10600
20240125,09:39:43,4.4,400,10850
20240125,09:39:52,4.4,100,10850
20240125,09:41:06,4.3,100,10850
20240125,09:42:30,4.4,1400,11100
20240125,09:42:40,4.45,1450,11100
20240125,09:42:48,4.4,750,11100
20240125,09:42:56,4.3,50,11100
20240125,09:43:18,4.4,50,11100
20240125,09:43:33,4.35,50,11100
20240125,09:43:41,4.4,250,11100
20240125,09:43:58,4.4,50,11100
20240125,09:44:06,4.4,50,11100
20240125,09:44:13,4.4,200,11100
20240125,09:44:21,4.4,50,11100
20240125,09:44:30,4.5,250,11100
20240125,09:44:40,4.5,50,11100
20240125,09:45:08,4.55,200,13400
20240125,09:45:52,4.65,50,13400
20240125,09:46:38,4.5,150,13400
20240125,09:46:47,4.45,150,13400
20240125,09:46:57,4.4,1350,13400
20240125,09:47:05,4.4,150,13400
20240125,09:47:41,4.55,50,13400
20240125,09:47:50,4.65,50,13400
20240125,09:47:59,4.65,50,13400
20240125,09:49:27,4.35,50,14650
20240125,09:49:36,4.55,50,14650
20240125,09:50:01,4.6,250,14650
20240125,09:50:10,4.6,50,14650
20240125,09:50:25,4.6,100,14650
20240125,09:50:33,4.6,50,14650
20240125,09:50:41,4.65,50,14650
20240125,09:50:49,4.65,50,14650
20240125,09:50:57,4.75,50,14550
20240125,09:51:20,4.75,250,14550
20240125,09:52:01,4.75,100,14550
20240125,09:52:41,4.75,800,14550
20240125,09:52:58,4.7,300,14550
20240125,09:53:23,4.75,100,14550
20240125,09:53:40,4.8,150,14550
20240125,09:56:07,4.85,50,15050
20240125,09:56:15,4.9,350,15050
20240125,09:57:24,4.85,100,15150
20240125,09:57:40,4.85,50,15150
20240125,09:58:03,4.85,100,15150
20240125,09:58:11,4.85,100,15150
20240125,09:58:25,4.85,50,15150
20240125,09:58:49,4.9,150,15150
20240125,09:58:57,4.85,50,15150
20240125,09:59:05,4.8,100,15150
20240125,09:59:22,4.85,100,15150
20240125,09:59:54,4.95,50,15150
20240125,10:01:44,4.95,100,15200
20240125,10:03:44,4.75,50,15300
20240125,10:04:30,4.65,50,15300
20240125,10:05:58,4.6,150,15300
20240125,10:07:38,4.65,50,15300
20240125,10:07:44,4.6,250,15300
20240125,10:13:42,4.55,250,14850
20240125,10:13:50,4.55,100,14850
20240125,10:14:13,4.5,200,14850
20240125,10:16:03,4.55,400,14750
20240125,10:16:31,4.55,150,14750
20240125,10:16:49,4.5,350,14750
20240125,10:17:16,4.5,100,14750
20240125,10:17:50,4.45,1150,14750
20240125,10:18:38,4.4,350,15050
20240125,10:18:46,4.4,550,15050
20240125,10:19:56,4.65,50,15050
20240125,10:20:31,4.7,100,15050
20240125,10:20:40,4.7,150,15050
20240125,10:20:58,4.55,200,15050
20240125,10:21:25,4.6,50,15200
20240125,10:21:44,4.5,50,15200
20240125,10:25:12,4.4,50,15250
20240125,10:25:53,4.45,200,15250
20240125,10:28:35,4.15,50,15200
20240125,10:30:08,3.9,750,15200
20240125,10:31:07,3.95,50,15200
20240125,10:33:40,3.9,50,14950
20240125,10:34:24,4.0,50,14950
20240125,10:34:33,4.0,50,14950
20240125,10:34:41,4.05,250,14950
20240125,10:36:06,4.2,500,15000
20240125,10:37:46,4.3,50,15000
20240125,10:38:12,4.15,1400,15000
20240125,10:39:26,4.35,1150,15150
20240125,10:39:57,4.3,300,15150
20240125,10:40:55,4.3,50,15150
20240125,10:43:13,4.6,450,15450
20240125,10:43:56,4.7,100,15450
20240125,10:45:56,4.6,50,15500
20240125,10:46:12,4.6,1000,15500
20240125,10:46:30,4.65,50,15500
20240125,10:50:01,4.5,50,15500
20240125,10:50:46,4.55,50,15500
20240125,10:52:00,4.6,250,15450
20240125,10:53:11,4.55,50,15450
20240125,10:54:24,4.65,50,15450
20240125,10:54:33,4.65,400,15450
20240125,10:56:43,4.8,50,15450
20240125,10:57:22,4.85,500,15850
20240125,10:57:38,4.9,300,15850
20240125,10:58:09,4.9,850,15850
20240125,10:58:58,5.0,5200,15850
20240125,10:59:06,4.95,250,15850
20240125,10:59:29,5.05,100,15850
20240125,10:59:46,5.05,250,15850
20240125,11:00:11,5.0,150,19450
20240125,11:00:19,5.0,50,19450
20240125,11:00:34,5.0,50,19450
20240125,11:00:52,5.0,50,19450
20240125,11:01:08,4.95,50,19450
20240125,11:01:16,4.95,50,19450
20240125,11:01:32,4.9,50,19450
20240125,11:01:58,5.0,50,19450
20240125,11:02:06,5.0,50,19450
20240125,11:02:42,4.95,650,19450
20240125,11:03:17,4.85,300,19300
20240125,11:03:26,4.75,150,19300
20240125,11:03:35,4.8,450,19300
20240125,11:07:15,4.95,50,19350
20240125,11:07:23,4.95,50,19350
20240125,11:07:38,4.9,50,19350
20240125,11:07:54,4.95,50,19350
20240125,11:09:02,4.85,50,19350
20240125,11:09:33,4.8,700,19450
20240125,11:10:28,4.7,500,19450
20240125,11:10:43,4.7,50,19450
20240125,11:12:02,4.45,50,19450
20240125,11:12:11,4.35,50,19400
20240125,11:14:33,4.7,400,19400
20240125,11:14:41,4.7,50,19400
20240125,11:15:48,4.7,50,19450
20240125,11:16:59,4.55,200,19450
20240125,11:17:14,4.6,50,19450
20240125,11:18:17,4.55,50,19500
20240125,11:21:16,4.25,50,19500
20240125,11:23:12,4.2,150,19500
20240125,11:23:22,4.15,100,19500
20240125,11:28:11,4.55,200,19550
20240125,11:29:32,4.45,50,19550
20240125,11:30:05,4.45,50,19550
20240125,11:32:09,4.35,800,19500
20240125,11:33:28,4.3,50,19600
20240125,11:33:35,4.3,50,19600
20240125,11:33:43,4.35,150,19600
20240125,11:34:08,4.3,1100,19600
20240125,11:34:25,4.3,50,19600
20240125,11:34:58,4.25,200,19600
20240125,11:35:13,4.3,350,19600
20240125,11:35:22,4.3,50,19600
20240125,11:38:45,3.95,150,19300
20240125,11:39:01,3.95,50,19300
20240125,11:39:11,3.75,100,19300
20240125,11:39:20,3.75,50,19350
20240125,11:39:29,3.85,50,19350
20240125,11:40:25,3.8,50,19350
20240125,11:40:34,3.75,50,19350
20240125,11:41:28,3.6,100,19350
20240125,11:41:37,3.65,50,19350
20240125,11:41:45,3.65,100,19350
20240125,11:42:11,3.75,50,19350
20240125,11:42:38,3.6,100,19250
20240125,11:42:47,3.6,100,19250
20240125,11:43:10,3.55,50,19250
20240125,11:43:19,3.55,50,19250
20240125,11:43:28,3.55,50,19250
20240125,11:43:37,3.5,50,19250
20240125,11:43:55,3.35,200,19250
20240125,11:44:04,3.35,200,19250
20240125,11:45:12,3.4,50,19250
20240125,11:46:20,3.45,50,19250
20240125,11:47:10,3.5,300,19250
20240125,11:47:52,3.55,100,19250
20240125,11:49:34,3.6,50,19250
20240125,11:50:07,3.5,100,19250
20240125,11:50:16,3.55,50,19250
20240125,11:50:25,3.55,150,19250
20240125,11:50:34,3.55,150,19250
20240125,11:50:42,3.5,200,19250
20240125,11:50:51,3.55,150,19250
20240125,11:51:00,3.55,100,19250
20240125,11:51:17,3.55,100,19250
20240125,11:51:25,3.55,100,19300
20240125,11:51:34,3.55,50,19300
20240125,11:51:50,3.55,100,19300
20240125,11:52:07,3.6,50,19300
20240125,11:53:52,3.5,150,19300
20240125,11:54:01,3.5,300,19300
20240125,11:55:39,3.55,100,19300
20240125,11:55:47,3.5,100,19300
20240125,11:55:54,3.5,100,19300
20240125,11:56:33,3.45,50,19300
20240125,11:56:41,3.55,200,19300
20240125,11:56:49,3.55,50,19300
20240125,11:56:58,3.55,400,19300
20240125,11:59:02,3.5,50,19300
20240125,12:01:19,3.45,100,19300
20240125,12:01:53,3.35,100,19300
20240125,12:02:01,3.4,50,19300
20240125,12:02:26,3.35,250,19300
20240125,12:02:42,3.3,750,19300
20240125,12:04:33,3.4,50,19300
20240125,12:05:49,3.35,50,19300
20240125,12:06:33,3.3,50,19300
20240125,12:06:41,3.35,200,19300
20240125,12:06:50,3.3,100,19300
20240125,12:07:05,3.3,50,19300
20240125,12:07:13,3.3,300,19300
20240125,12:07:36,3.3,350,19300
20240125,12:07:45,3.3,400,19300
20240125,12:07:53,3.3,100,19300
20240125,12:08:00,3.35,100,19300
20240125,12:08:09,3.3,100,19300
20240125,12:08:17,3.35,50,19300
20240125,12:08:26,3.35,350,19300
20240125,12:08:43,3.3,350,19300
20240125,12:08:51,3.2,400,19300
20240125,12:08:58,3.2,50,19300
20240125,12:09:53,3.2,100,20000
20240125,12:10:02,3.2,150,20000
20240125,12:10:17,3.2,50,20000
20240125,12:10:25,3.25,50,20000
20240125,12:10:41,3.3,250,20000
20240125,12:10:48,3.15,1000,20000
20240125,12:10:56,3.2,200,20000
20240125,12:11:04,3.15,250,20000
20240125,12:11:33,3.15,50,20000
20240125,12:11:41,3.1,50,20000
20240125,12:12:41,3.1,1900,20700
20240125,12:13:04,3.2,800,20700
20240125,12:13:38,3.2,50,20700
20240125,12:13:45,3.2,100,20700
20240125,12:13:52,3.2,100,20700
20240125,12:13:58,3.2,50,20700
20240125,12:15:09,3.2,50,20700
20240125,12:15:40,3.25,50,23150
20240125,12:15:57,3.3,100,23150
20240125,12:16:04,3.3,200,23150
20240125,12:16:11,3.35,100,23150
20240125,12:16:18,3.35,50,23150
20240125,12:16:56,3.35,50,23150
20240125,12:18:00,3.4,250,23150
20240125,12:18:58,3.3,100,23350
20240125,12:19:14,3.3,150,23350
20240125,12:20:09,3.25,100,23350
20240125,12:20:17,3.2,100,23350
20240125,12:20:24,3.2,50,23350
20240125,12:21:04,3.25,50,23350
20240125,12:21:20,3.2,50,23350
20240125,12:22:42,3.3,50,23300
20240125,12:23:10,3.25,100,23300
20240125,12:24:39,3.2,400,23300
20240125,12:25:40,3.1,50,23300
20240125,12:25:47,3.1,50,23300
20240125,12:26:11,3.05,400,23300
20240125,12:27:20,3.0,100,23300
20240125,12:27:59,2.9,400,23550
20240125,12:28:22,2.9,350,23550
20240125,12:28:44,2.9,50,23550
20240125,12:30:17,2.9,250,23550
20240125,12:30:25,3.0,200,23350
20240125,12:30:39,2.95,150,23350
20240125,12:30:46,3.0,200,23350
20240125,12:30:54,2.95,300,23350
20240125,12:31:01,3.0,100,23350
20240125,12:31:08,3.0,50,23350
20240125,12:31:23,2.95,550,23350
20240125,12:31:31,2.95,150,23350
20240125,12:32:29,3.0,200,23350
20240125,12:33:35,3.1,350,22250
20240125,12:33:44,3.1,50,22250
20240125,12:33:59,3.1,100,22250
20240125,12:34:15,3.1,100,22250
20240125,12:34:22,3.1,200,22250
20240125,12:34:29,3.1,450,22250
20240125,12:34:36,3.05,150,22250
20240125,12:34:44,3.05,50,22250
20240125,12:34:51,3.1,100,22250
20240125,12:34:58,3.05,100,22250
20240125,12:35:44,2.95,50,22250
20240125,12:36:07,3.0,50,22250
20240125,12:36:22,2.95,400,21700
20240125,12:36:42,3.0,400,21700
20240125,12:36:49,3.0,200,21700
20240125,12:37:55,2.9,100,21700
20240125,12:38:31,2.8,50,21700
20240125,12:39:25,2.8,50,21700
20240125,12:39:53,2.95,50,21800
20240125,12:40:01,2.9,50,21800
20240125,12:40:17,2.9,50,21800
20240125,12:40:54,2.95,400,21800
20240125,12:41:10,3.0,50,21800
20240125,12:41:25,3.05,250,21800
20240125,12:41:33,3.05,250,21800
20240125,12:41:41,3.05,250,21800
20240125,12:41:48,3.0,250,21800
20240125,12:42:02,2.95,350,21800
20240125,12:42:08,2.95,100,21800
20240125,12:42:31,2.95,50,22350
20240125,12:42:54,2.95,50,22350
20240125,12:43:16,2.95,50,22350
20240125,12:44:02,2.9,50,22350
20240125,12:45:05,2.9,50,22350
20240125,12:45:52,3.0,50,22350
20240125,12:46:46,2.9,600,22350
20240125,12:46:53,2.9,400,22350
20240125,12:48:54,2.85,50,22350
20240125,12:49:23,2.9,50,22350
20240125,12:49:58,2.9,50,22350
20240125,12:50:55,2.85,50,22350
20240125,12:51:01,2.85,50,22350
20240125,12:51:29,2.9,150,22450
20240125,12:51:36,2.9,50,22450
20240125,12:51:43,2.9,100,22450
20240125,12:51:50,2.9,50,22450
20240125,12:52:05,2.9,300,22450
20240125,12:52:25,2.9,200,22450
20240125,12:55:01,2.9,100,22500
20240125,12:55:08,2.9,50,22500
20240125,12:56:32,2.9,150,22500
20240125,12:56:39,2.9,50,22500
20240125,12:57:01,2.85,50,22500
20240125,12:57:08,2.85,50,22500
20240125,12:58:37,2.85,50,22450
20240125,12:59:11,2.9,100,22450
20240125,12:59:19,2.9,150,22450
20240125,12:59:36,2.9,100,22450
20240125,12:59:59,2.9,100,22450
20240125,13:00:15,2.95,50,22450
20240125,13:01:26,2.95,100,22450
20240125,13:02:43,2.85,50,22450
20240125,13:06:06,2.75,100,22400
20240125,13:06:50,2.75,100,22450
20240125,13:07:06,2.85,150,22450
20240125,13:07:20,2.85,100,22450
20240125,13:07:26,2.85,50,22450
20240125,13:09:34,2.8,50,22500
20240125,13:11:49,2.8,50,22500
20240125,13:11:55,3.05,800,22500
20240125,13:14:14,3.15,100,22100
20240125,13:14:41,3.1,350,22100
20240125,13:15:10,3.0,50,22100
20240125,13:15:18,3.0,150,22100
20240125,13:15:25,3.05,350,21900
20240125,13:15:49,3.0,100,21900
20240125,13:16:02,3.0,500,21900
20240125,13:16:24,3.0,100,21900
20240125,13:16:31,3.0,100,21900
20240125,13:16:51,2.95,50,21900
20240125,13:20:01,2.85,50,22200
20240125,13:22:37,2.85,50,22250
20240125,13:25:13,2.9,400,22250
20240125,13:26:12,2.9,50,22250
20240125,13:26:46,3.0,100,22250
20240125,13:28:05,3.0,150,22350
20240125,13:29:55,3.05,50,22350
20240125,13:31:39,2.95,550,22450
20240125,13:32:19,3.05,100,22450
20240125,13:34:22,2.95,250,22900
20240125,13:34:29,2.95,50,22900
20240125,13:35:36,2.95,50,22900
20240125,13:35:56,3.05,50,22900
20240125,13:36:02,3.1,100,22900
20240125,13:36:49,3.05,50,22450
20240125,13:36:55,3.0,50,22450
20240125,13:37:36,2.95,50,22450
20240125,13:38:04,2.95,500,22450
20240125,13:38:31,3.0,550,22450
20240125,13:38:50,3.05,100,22450
20240125,13:38:56,3.05,100,22450
20240125,13:39:03,3.05,250,22450
20240125,13:39:10,3.0,100,22450
20240125,13:39:17,2.95,50,22450
20240125,13:39:25,2.95,400,22450
20240125,13:39:54,3.0,1650,21250
20240125,13:40:32,3.0,50,21250
20240125,13:40:39,3.05,400,21250
20240125,13:41:06,3.05,100,21250
20240125,13:41:58,3.05,50,21250
20240125,13:42:04,3.05,750,21250
20240125,13:42:24,3.05,50,21250
20240125,13:42:43,3.05,50,22200
20240125,13:43:01,3.05,150,22200
20240125,13:43:07,3.05,50,22200
20240125,13:43:41,3.1,1100,22200
20240125,13:44:41,3.05,250,22200
20240125,13:45:07,3.05,50,22200
20240125,13:46:48,3.05,250,22000
20240125,13:48:19,3.05,200,22000
20240125,13:49:12,3.1,50,21950
20240125,13:49:52,3.05,350,21950
20240125,13:50:00,3.1,200,21950
20240125,13:50:16,3.1,100,21950
20240125,13:50:31,3.1,350,21950
20240125,13:50:39,3.15,400,21950
20240125,13:50:46,3.15,50,21950
20240125,13:50:53,3.15,100,21950
20240125,13:51:24,3.05,250,21950
20240125,13:52:06,3.15,1800,21550
20240125,13:54:00,3.35,600,21550
20240125,13:55:34,3.25,100,22750
20240125,13:56:37,3.2,50,22750
20240125,13:56:45,3.2,350,22750
20240125,13:57:06,3.2,50,22750
20240125,13:57:38,3.2,50,22550
20240125,13:58:31,3.15,100,22550
20240125,13:59:03,3.15,50,22550
20240125,13:59:33,3.2,600,22550
20240125,13:59:41,3.25,1800,22550
20240125,13:59:57,3.25,100,22550
20240125,14:00:04,3.3,50,22550
20240125,14:01:06,3.2,250,22600
20240125,14:01:52,3.15,50,22600
20240125,14:02:08,3.15,100,22600
20240125,14:02:16,3.15,50,22600
20240125,14:03:02,3.3,300,22600
20240125,14:03:10,3.25,50,22600
20240125,14:05:10,3.25,50,22200
20240125,14:05:25,3.2,200,22200
20240125,14:05:32,3.25,350,22200
20240125,14:05:54,3.2,150,22200
20240125,14:06:01,3.2,150,22200
20240125,14:06:15,3.2,550,22200
20240125,14:06:29,3.25,1800,22200
20240125,14:07:00,3.25,50,21950
20240125,14:10:06,3.2,100,21900
20240125,14:10:13,3.2,50,21900
20240125,14:11:34,3.25,50,21900
20240125,14:11:40,3.25,100,21900
20240125,14:11:59,3.25,50,21900
20240125,14:12:20,3.25,50,21900
20240125,14:12:42,3.25,50,21900
20240125,14:18:09,3.55,100,21850
20240125,14:18:25,3.5,100,21850
20240125,14:19:00,3.5,200,21900
20240125,14:19:07,3.55,100,21900
20240125,14:20:19,3.55,400,21900
20240125,14:21:11,3.55,300,21900
20240125,14:21:43,3.55,50,21550
20240125,14:21:56,3.55,500,21550
20240125,14:22:15,3.55,50,21550
20240125,14:22:22,3.6,1900,21550
20240125,14:22:37,3.6,50,21550
20240125,14:22:51,3.55,1050,21550
20240125,14:23:24,3.55,50,21550
20240125,14:25:05,3.5,50,22800
20240125,14:25:44,3.5,100,22800
20240125,14:26:47,3.45,200,22800
20240125,14:27:08,3.45,100,22800
20240125,14:28:26,3.3,450,22750
20240125,14:28:33,3.3,50,22750
20240125,14:28:39,3.25,500,22750
20240125,14:28:58,3.25,250,22750
20240125,14:29:05,3.3,50,22750
20240125,14:30:16,3.2,50,22750
20240125,14:30:38,3.2,50,22750
20240125,14:30:51,3.25,50,22650
20240125,14:30:58,3.2,300,22650
20240125,14:31:04,3.2,50,22650
20240125,14:31:25,3.25,250,22650
20240125,14:31:32,3.15,300,22650
20240125,14:32:14,3.1,100,22650
20240125,14:32:27,3.15,150,22650
20240125,14:32:34,3.15,50,22650
20240125,14:32:55,3.15,100,22650
20240125,14:34:04,3.15,750,23150
20240125,14:34:17,3.1,50,23150
20240125,14:34:31,3.15,50,23150
20240125,14:34:50,3.2,100,23150
20240125,14:35:03,3.1,50,23150
20240125,14:35:10,3.2,100,23150
20240125,14:35:23,3.2,1800,23150
20240125,14:35:31,3.2,100,23150
20240125,14:36:52,3.15,50,25400
20240125,14:36:58,3.1,100,25400
20240125,14:38:37,3.2,2800,25400
20240125,14:38:59,3.2,50,25400
20240125,14:39:06,3.25,50,25400
20240125,14:39:27,3.25,200,25400
20240125,14:42:04,3.2,100,27250
20240125,14:42:39,3.25,1900,27300
20240125,14:43:10,3.2,100,27300
20240125,14:44:45,3.25,2050,27300
20240125,14:45:48,3.2,50,28200
20240125,14:46:21,3.15,50,28200
20240125,14:46:34,3.2,2300,28200
20240125,14:46:41,3.25,2550,28200
20240125,14:48:15,3.1,50,28200
20240125,14:48:51,3.1,50,29950
20240125,14:48:57,3.1,350,29950
20240125,14:49:03,3.1,50,29950
20240125,14:49:15,3.1,50,29950
20240125,14:49:21,3.15,300,29950
20240125,14:49:27,3.1,50,29950
20240125,14:49:39,3.1,300,29950
20240125,14:50:20,3.2,3050,29950
20240125,14:50:41,3.3,50,29950
20240125,14:51:28,3.25,250,29950
20240125,14:52:03,3.25,50,32700
20240125,14:53:29,3.2,50,32700
20240125,14:53:34,3.2,50,32700
20240125,14:53:57,3.2,150,32700
20240125,14:54:10,3.2,1800,32700
20240125,14:54:43,3.15,50,33250
20240125,14:55:16,3.2,350,33250
20240125,14:57:14,3.15,200,33250
20240125,14:57:39,3.15,250,33400
20240125,14:58:17,3.15,150,33400
20240125,15:00:06,3.1,100,33400
20240125,15:00:22,3.1,200,33400
20240125,15:00:51,3.05,250,33300
20240125,15:00:58,3.05,50,33300
20240125,15:01:06,3.05,100,33300
20240125,15:01:15,3.05,450,33300
20240125,15:01:38,3.0,300,33300
20240125,15:01:46,3.0,50,33300
20240125,15:01:54,3.0,300,33300
20240125,15:02:02,2.95,150,33300
20240125,15:02:10,2.95,150,33300
20240125,15:02:18,2.95,300,33300
20240125,15:02:25,2.95,100,33300
20240125,15:02:47,3.0,100,33300
20240125,15:03:01,3.0,150,33300
20240125,15:03:09,3.0,150,33300
20240125,15:03:25,3.0,50,33300
20240125,15:03:47,3.05,200,32250
20240125,15:04:03,3.0,50,32250
20240125,15:04:35,3.05,200,32250
20240125,15:05:17,2.95,100,32250
20240125,15:05:26,2.9,150,32250
20240125,15:05:52,2.9,50,32250
20240125,15:06:00,2.9,450,32250
20240125,15:06:09,2.9,400,32250
20240125,15:06:17,2.95,100,32250
20240125,15:06:49,2.95,350,32350
20240125,15:07:04,2.95,200,32350
20240125,15:07:28,2.9,50,32350
20240125,15:07:43,2.95,50,32350
20240125,15:07:58,2.95,150,32350
20240125,15:08:05,2.95,150,32350
20240125,15:08:19,2.95,150,32350
20240125,15:08:26,2.95,50,32350
20240125,15:08:34,3.0,50,32350
20240125,15:09:32,2.9,350,32350
20240125,15:09:41,2.9,50,32350
20240125,15:09:48,2.9,100,33000
20240125,15:09:57,2.9,150,33000
20240125,15:10:05,2.9,100,33000
20240125,15:10:12,2.95,50,33000
20240125,15:10:20,2.9,100,33000
20240125,15:10:27,2.8,100,33000
20240125,15:10:42,2.8,100,33000
20240125,15:11:06,2.9,50,33000
20240125,15:11:21,2.85,50,33000
20240125,15:11:30,2.8,450,33000
20240125,15:11:37,2.7,1550,33000
20240125,15:11:44,2.7,300,33000
20240125,15:11:52,2.8,100,33000
20240125,15:12:00,2.8,300,33000
20240125,15:12:08,2.8,250,33000
20240125,15:12:34,2.8,50,33000
20240125,15:13:17,2.85,100,34200
20240125,15:13:25,2.75,300,34200
20240125,15:13:33,2.8,100,34200
20240125,15:14:22,2.8,900,34200
20240125,15:14:50,2.85,600,34200
20240125,15:15:06,2.85,600,34200
20240125,15:15:15,2.85,150,34200
20240125,15:15:39,2.85,50,34200
20240125,15:16:07,2.8,1000,34700
20240125,15:16:16,2.75,3050,34700
20240125,15:16:40,2.75,3150,34700
20240125,15:16:48,2.7,250,34700
20240125,15:17:10,2.65,500,34700
20240125,15:17:17,2.6,850,34700
20240125,15:18:06,2.6,2050,34700
20240125,15:18:13,2.55,500,34700
20240125,15:18:19,2.65,400,34700
20240125,15:18:55,2.55,50,36800
20240125,15:19:09,2.55,50,36800
20240125,15:19:39,2.55,1200,36800
20240125,15:19:45,2.55,50,36800
20240125,15:19:53,2.6,50,36800
20240125,15:20:00,2.5,500,36800
20240125,15:20:07,2.5,100,36800
20240125,15:20:19,2.55,400,36800
20240125,15:20:33,2.5,250,36800
20240125,15:20:46,2.55,250,36800
20240125,15:20:58,2.45,950,36800
20240125,15:21:05,2.45,500,36800
20240125,15:21:11,2.5,1200,36800
20240125,15:21:18,2.45,700,36800
20240125,15:21:25,2.5,1300,36800
20240125,15:21:31,2.6,500,36800
20240125,15:22:04,2.55,100,37600
20240125,15:22:24,2.45,650,37600
20240125,15:22:30,2.5,50,37600
20240125,15:22:42,2.55,300,37600
20240125,15:22:50,2.5,200,37600
20240125,15:22:56,2.55,1300,37600
20240125,15:23:15,2.55,500,37600
20240125,15:23:36,2.6,50,37600
20240125,15:23:44,2.55,300,37600
20240125,15:23:51,2.55,600,37600
20240125,15:23:58,2.5,750,37600
20240125,15:24:12,2.5,850,37600
20240125,15:24:17,2.5,50,37600
20240125,15:24:27,2.5,150,37600
20240125,15:24:32,2.5,50,37600
20240125,15:24:48,2.55,900,40450
20240125,15:24:54,2.65,500,40450
20240125,15:25:13,2.5,200,40450
20240125,15:25:21,2.5,250,40450
20240125,15:25:28,2.5,650,40450
20240125,15:25:35,2.5,100,40450
20240125,15:25:41,2.45,150,40450
20240125,15:25:49,2.4,400,40450
20240125,15:25:57,2.55,1550,40450
20240125,15:26:04,2.55,50,40450
20240125,15:26:25,2.6,150,40450
20240125,15:26:41,2.65,650,40450
20240125,15:26:48,2.55,700,40450
20240125,15:26:56,2.65,800,40450
20240125,15:27:03,2.65,450,40450
20240125,15:27:11,2.75,550,40450
20240125,15:27:18,2.65,650,40450
20240125,15:27:27,2.65,50,40450
20240125,15:27:36,2.8,1750,40450
20240125,15:27:45,2.85,200,40450
20240125,15:27:53,2.85,150,43550
20240125,15:28:01,2.9,1350,43550
20240125,15:28:09,2.95,2150,43550
20240125,15:28:18,3.3,2150,43550
20240125,15:28:27,4.05,5950,43550
20240125,15:28:35,3.75,750,43550
20240125,15:28:43,3.8,450,43550
20240125,15:28:51,3.6,1600,43550
20240125,15:28:58,3.55,100,43550
20240125,15:29:12,3.35,500,43550
20240125,15:29:20,3.5,850,43550
20240125,15:29:28,3.35,850,43550
20240125,15:29:35,3.35,450,43550
20240125,15:29:41,3.35,950,43550
20240125,15:29:49,8.7,1350,43550
20240125,15:29:58,2.9,1150,43550
20240129,09:15:01,4.6,1,45150
20240129,09:15:01,4.6,350,45150
20240129,09:15:02,2.95,600,45150
20240129,09:15:03,2.95,250,45150
20240129,09:15:04,2.9,150,45150
20240129,09:15:05,2.9,500,45150
20240129,09:15:06,2.9,150,45150
20240129,09:15:07,2.9,1050,45150
20240129,09:15:08,2.9,50,45150
20240129,09:15:09,2.9,1550,45150
20240129,09:15:10,2.9,3200,45150
20240129,09:15:11,2.9,3200,45150
20240129,09:15:12,2.9,800,45150
20240129,09:15:14,2.8,350,45150
20240129,09:15:14,2.8,100,45150
20240129,09:15:15,2.75,100,45150
20240129,09:15:16,2.65,850,45150
20240129,09:15:17,2.5,200,45150
20240129,09:15:18,2.5,150,45150
20240129,09:15:20,2.5,350,45150
20240129,09:15:22,2.45,100,45150
20240129,09:15:23,2.4,900,45150
20240129,09:15:24,2.4,100,45150
20240129,09:15:25,2.7,650,45150
20240129,09:15:26,2.8,50,45150
20240129,09:15:29,2.4,200,45150
20240129,09:15:30,2.45,250,45150
20240129,09:15:31,2.45,50,45150
20240129,09:15:32,2.1,900,45150
20240129,09:15:33,2.1,200,45150
20240129,09:15:35,2.4,600,45150
20240129,09:15:36,2.35,750,45150
20240129,09:15:37,2.45,300,45150
20240129,09:15:38,2.4,250,45150
20240129,09:15:39,2.4,450,45150
20240129,09:15:40,2.45,150,45150
20240129,09:15:42,2.4,150,45150
20240129,09:15:44,2.4,600,45150
20240129,09:15:45,2.45,150,45150
20240129,09:15:47,2.45,50,45150
20240129,09:15:48,2.5,2300,45150
20240129,09:15:49,2.5,250,45150
20240129,09:15:54,2.5,1050,45150
20240129,09:15:55,2.55,1550,45150
20240129,09:16:09,2.45,700,45150
20240129,09:16:10,2.5,600,45150
20240129,09:16:11,2.55,150,45150
20240129,09:16:12,2.55,500,45150
20240129,09:16:13,2.55,300,45150
20240129,09:16:15,2.55,50,45150
20240129,09:16:17,2.55,650,45150
20240129,09:16:18,2.5,50,45150
20240129,09:16:19,2.45,900,45150
20240129,09:16:23,2.5,150,45150
20240129,09:16:39,2.45,100,45150
20240129,09:16:40,2.45,200,45150
20240129,09:16:40,2.45,700,45150
20240129,09:16:44,2.5,50,45150
20240129,09:16:48,2.4,250,45150
20240129,09:16:49,2.4,50,45150
20240129,09:16:50,2.4,50,45150
20240129,09:16:55,2.45,2350,45150
20240129,09:17:03,2.5,100,45150
20240129,09:17:09,2.5,500,45150
20240129,09:17:10,2.55,350,55400
20240129,09:17:11,2.5,6150,55400
20240129,09:17:13,2.55,150,55400
20240129,09:17:15,2.55,300,55400
20240129,09:17:17,2.6,800,55400
20240129,09:17:19,2.6,750,55400
20240129,09:17:21,2.65,500,55400
20240129,09:17:22,2.6,50,55400
20240129,09:17:24,2.65,150,55400
20240129,09:17:30,2.6,100,55400
20240129,09:17:37,2.6,100,55400
20240129,09:17:38,2.65,300,55400
20240129,09:17:50,2.6,50,55400
20240129,09:17:52,2.6,50,55400
20240129,09:17:55,2.6,50,55400
20240129,09:17:58,2.65,5000,55400
20240129,09:17:59,2.6,50,55400
20240129,09:18:04,2.65,2800,55400
20240129,09:18:06,2.6,50,55400
20240129,09:18:12,2.65,500,55400
20240129,09:18:15,2.65,50,55400
20240129,09:18:20,2.6,2550,55400
20240129,09:18:24,2.65,1350,55400
20240129,09:18:25,2.65,400,55400
20240129,09:18:30,2.7,6000,55400
20240129,09:18:31,2.65,50,55400
20240129,09:18:35,2.65,100,55400
20240129,09:18:43,2.6,350,55400
20240129,09:18:50,2.65,100,55400
20240129,09:19:15,2.6,250,55400
20240129,09:19:20,2.6,250,55400
20240129,09:19:20,2.6,50,55400
20240129,09:19:22,2.6,550,55400
20240129,09:19:24,2.6,1500,55400
20240129,09:19:26,2.65,100,55400
20240129,09:19:27,2.6,50,55400
20240129,09:19:29,2.65,350,55400
20240129,09:19:31,2.6,1500,55400
20240129,09:19:34,2.6,1150,55400
20240129,09:19:38,2.6,1250,55400
20240129,09:19:44,2.55,1500,55400
20240129,09:19:55,2.6,500,55400
20240129,09:19:58,2.6,100,55400
20240129,09:19:59,2.55,1500,55400
20240129,09:20:01,2.55,150,55400
20240129,09:20:05,2.6,1200,55400
20240129,09:20:17,2.6,100,66950
20240129,09:20:22,2.65,650,66950
20240129,09:20:32,2.65,850,66950
20240129,09:20:42,2.7,150,66950
20240129,09:20:43,2.75,3750,66950
20240129,09:20:43,2.8,550,66950
20240129,09:20:45,2.8,50,66950
20240129,09:20:46,2.85,1600,66950
20240129,09:20:48,2.9,50,66950
20240129,09:20:52,2.9,4550,66950
20240129,09:20:53,2.95,7950,66950
20240129,09:20:55,2.95,300,66950
20240129,09:20:55,2.95,700,66950
20240129,09:20:56,3.0,3000,66950
20240129,09:20:57,2.95,2050,66950
20240129,09:20:58,2.95,300,66950
20240129,09:21:00,2.95,1500,66950
20240129,09:21:02,3.0,300,66950
20240129,09:21:03,2.95,150,66950
20240129,09:21:07,2.95,1300,66950
20240129,09:21:09,3.0,50,66950
20240129,09:21:11,3.0,50,66950
20240129,09:21:11,3.0,1900,66950
20240129,09:21:13,3.05,2000,66950
20240129,09:21:14,3.05,50,66950
20240129,09:21:16,3.0,1000,66950
20240129,09:21:18,3.05,150,66950
20240129,09:21:26,3.0,550,66950
20240129,09:21:28,3.05,50,66950
20240129,09:21:32,3.05,150,66950
20240129,09:21:32,3.05,500,66950
20240129,09:21:35,3.05,50,66950
20240129,09:21:37,3.05,50,66950
20240129,09:21:38,3.0,50,66950
20240129,09:21:39,3.0,750,66950
20240129,09:21:43,2.95,450,66950
20240129,09:21:45,2.95,50,66950
20240129,09:21:45,2.95,100,66950
20240129,09:22:05,2.95,200,66950
20240129,09:22:07,2.85,2750,66950
20240129,09:22:09,2.9,300,66950
20240129,09:22:10,2.9,1800,66950
20240129,09:22:11,2.9,50,66950
20240129,09:22:12,2.9,50,66950
20240129,09:22:13,2.9,550,66950
20240129,09:22:14,2.9,50,66950
20240129,09:22:15,2.9,50,66950
20240129,09:22:16,2.9,50,66950
20240129,09:22:17,2.9,50,66950
20240129,09:22:18,2.9,50,66950
20240129,09:22:19,2.9,50,66950
20240129,09:22:20,2.9,150,66950
20240129,09:22:21,2.9,450,66950
20240129,09:22:22,2.9,50,66950
20240129,09:22:23,2.9,50,66950
20240129,09:22:24,2.9,50,66950
20240129,09:22:25,2.9,250,66950
20240129,09:22:26,2.9,200,66950
20240129,09:22:27,2.9,200,66950
20240129,09:22:28,2.9,200,66950
20240129,09:22:29,2.9,50,66950
20240129,09:22:30,2.9,50,66950
20240129,09:22:31,2.9,50,66950
20240129,09:22:32,2.9,50,66950
20240129,09:22:33,2.9,500,66950
20240129,09:22:34,2.9,250,66950
20240129,09:22:35,2.9,200,66950
20240129,09:22:36,2.9,200,66950
20240129,09:22:37,2.95,9500,66950
20240129,09:22:38,2.95,200,66950
20240129,09:22:39,2.95,50,66950
20240129,09:22:40,2.95,550,66950
20240129,09:22:41,2.95,200,66950
20240129,09:22:42,2.95,200,66950
20240129,09:22:43,2.95,200,66950
20240129,09:22:44,2.95,200,66950
20240129,09:22:45,2.95,200,66950
20240129,09:22:46,2.95,750,66950
20240129,09:22:47,2.95,200,66950
20240129,09:22:48,2.95,200,66950
20240129,09:22:49,2.95,200,66950
20240129,09:22:50,2.95,200,66950
20240129,09:22:51,2.95,50,66950
20240129,09:22:52,2.95,50,66950
20240129,09:22:53,2.95,50,66950
20240129,09:22:54,2.95,50,66950
20240129,09:22:55,2.95,50,66950
20240129,09:22:56,2.95,200,66950
20240129,09:22:57,2.95,4750,66950
20240129,09:22:58,2.95,200,66950
20240129,09:22:59,2.95,200,66950
20240129,09:23:00,2.95,50,66950
20240129,09:23:01,2.95,50,66950
20240129,09:23:02,2.95,50,66950
20240129,09:23:03,2.95,50,66950
20240129,09:23:04,2.95,50,66950
20240129,09:23:07,2.95,100,91850
20240129,09:23:08,2.95,50,91850
20240129,09:23:09,2.95,50,91850
20240129,09:23:11,2.95,50,91850
20240129,09:23:17,2.95,300,91850
20240129,09:23:22,2.95,50,91850
20240129,09:23:23,2.95,50,91850
20240129,09:23:41,3.0,18000,91850
20240129,09:23:42,2.95,250,91850
20240129,09:23:43,2.95,250,91850
20240129,09:23:49,2.95,50,91850
20240129,09:23:53,2.95,50,91850
20240129,09:24:01,2.95,100,91850
20240129,09:24:03,2.95,5650,91850
20240129,09:24:04,2.95,50,91850
20240129,09:24:05,3.0,300,91850
20240129,09:24:07,2.95,50,91850
20240129,09:24:09,3.0,50,91850
20240129,09:24:11,3.0,1800,91850
20240129,09:24:12,3.0,8250,91850
20240129,09:24:13,3.0,1350,91850
20240129,09:24:17,3.0,300,91850
20240129,09:24:18,3.0,200,91850
20240129,09:24:21,3.0,200,91850
20240129,09:24:24,3.05,100,91850
20240129,09:24:28,3.0,350,91850
20240129,09:24:29,3.0,50,91850
20240129,09:24:30,2.95,400,91850
20240129,09:24:34,3.0,250,91850
20240129,09:24:35,3.05,50,91850
20240129,09:24:37,3.0,300,91850
20240129,09:24:39,2.95,400,91850
20240129,09:24:40,2.95,500,91850
20240129,09:24:41,3.0,1600,91850
20240129,09:24:46,2.95,50,91850
20240129,09:24:47,2.95,50,91850
20240129,09:24:48,2.95,50,91850
20240129,09:24:49,2.95,450,91850
20240129,09:24:50,2.95,50,91850
20240129,09:24:51,2.95,50,91850
20240129,09:24:52,2.95,50,91850
20240129,09:25:01,3.0,250,91850
20240129,09:25:09,3.05,50,91850
20240129,09:25:11,3.05,50,91850
20240129,09:25:13,3.05,650,91850
20240129,09:25:14,3.1,500,91850
20240129,09:25:18,3.1,400,91850
20240129,09:25:20,3.2,50,91850
20240129,09:25:22,3.1,50,91850
20240129,09:25:23,3.15,500,91850
20240129,09:25:24,3.1,650,91850
20240129,09:25:29,3.15,50,91850
20240129,09:25:32,3.15,100,91850
20240129,09:25:36,3.15,50,91850
20240129,09:25:38,3.1,50,91850
20240129,09:25:41,3.15,250,91850
20240129,09:25:46,3.1,250,91850
20240129,09:25:48,3.1,50,91850
20240129,09:25:50,3.1,950,91850
20240129,09:25:51,3.1,150,91850
20240129,09:25:53,3.1,150,91850
20240129,09:25:54,3.1,50,91850
20240129,09:25:55,3.1,100,91850
20240129,09:25:57,3.1,50,91850
20240129,09:25:59,3.1,50,91850
20240129,09:26:01,3.1,50,91850
20240129,09:26:02,3.1,550,91850
20240129,09:26:03,3.05,100,91850
20240129,09:26:08,3.05,500,117200
20240129,09:26:11,3.05,100,117200
20240129,09:26:12,3.1,50,117200
20240129,09:26:22,3.1,50,117200
20240129,09:26:35,3.1,50,117200
20240129,09:26:43,3.05,500,117200
20240129,09:26:49,3.05,300,117200
20240129,09:26:57,3.05,200,117200
20240129,09:27:00,3.05,150,117200
20240129,09:27:08,3.05,250,117200
20240129,09:27:10,3.0,100,117200
20240129,09:27:19,3.05,100,117200
20240129,09:27:23,3.05,50,117200
20240129,09:27:23,3.05,250,117200
20240129,09:27:26,3.0,6000,117200
20240129,09:27:27,3.05,50,117200
20240129,09:27:28,3.05,50,117200
20240129,09:27:29,3.05,50,117200
20240129,09:27:30,3.05,200,117200
20240129,09:27:31,3.05,200,117200
20240129,09:27:32,3.05,200,117200
20240129,09:27:33,3.05,200,117200
20240129,09:27:34,3.05,1000,117200
20240129,09:27:36,3.05,50,117200
20240129,09:27:37,3.05,50,117200
20240129,09:27:38,3.05,100,117200
20240129,09:27:39,3.05,50,117200
20240129,09:27:40,3.05,50,117200
20240129,09:27:41,3.05,50,117200
20240129,09:27:42,3.05,50,117200
20240129,09:27:43,3.05,50,117200
20240129,09:27:44,3.05,200,117200
20240129,09:27:45,3.05,200,117200
20240129,09:27:46,3.05,200,117200
20240129,09:27:47,3.05,50,117200
20240129,09:27:48,3.05,50,117200
20240129,09:27:49,3.05,50,117200
20240129,09:27:50,3.05,200,117200
20240129,09:27:51,3.05,200,117200
20240129,09:27:52,3.05,200,117200
20240129,09:27:53,3.05,200,117200
20240129,09:27:54,3.05,200,117200
20240129,09:27:55,3.05,200,117200
20240129,09:27:56,3.05,200,117200
20240129,09:27:57,3.05,200,117200
20240129,09:27:58,3.0,50,117200
20240129,09:27:59,3.05,50,117200
20240129,09:28:00,3.05,50,117200
20240129,09:28:01,3.05,50,117200
20240129,09:28:02,3.05,50,117200
20240129,09:28:03,3.05,50,117200
20240129,09:28:04,3.05,50,117200
20240129,09:28:05,3.0,2900,117200
20240129,09:28:06,3.05,50,117200
20240129,09:28:07,3.05,50,117200
20240129,09:28:08,3.05,50,117200
20240129,09:28:09,3.0,3200,117200
20240129,09:28:10,3.05,200,117200
20240129,09:28:11,3.05,200,117200
20240129,09:28:12,3.0,700,117200
20240129,09:28:13,3.0,1700,117200
20240129,09:28:16,3.05,50,117200
20240129,09:28:17,3.0,750,117200
20240129,09:28:18,2.95,1050,117200
20240129,09:28:19,3.0,200,117200
20240129,09:28:20,3.0,200,117200
20240129,09:28:22,3.0,50,117200
20240129,09:28:23,3.0,50,117200
20240129,09:28:25,3.0,100,117200
20240129,09:28:29,2.95,750,117200
20240129,09:28:30,2.95,500,117200
20240129,09:28:45,2.95,50,117200
20240129,09:28:48,2.95,150,117200
20240129,09:28:57,2.95,1800,117200
20240129,09:28:57,2.95,1150,117200
20240129,09:29:04,2.95,100,117200
20240129,09:29:07,2.95,350,117200
20240129,09:29:10,2.9,450,129700
20240129,09:29:12,2.95,100,129700
20240129,09:29:18,2.85,2750,129700
20240129,09:29:21,2.85,150,129700
20240129,09:29:22,2.85,100,129700
20240129,09:29:26,2.9,100,129700
20240129,09:29:29,2.9,50,129700
20240129,09:29:33,2.9,50,129700
20240129,09:29:39,2.85,200,129700
20240129,09:29:40,2.85,200,129700
20240129,09:29:41,2.85,3550,129700
20240129,09:29:44,2.85,1800,129700
20240129,09:29:53,2.8,750,129700
20240129,09:29:58,2.75,50,129700
20240129,09:30:02,2.75,50,129700
20240129,09:30:03,2.8,50,129700
20240129,09:30:15,2.8,250,129700
20240129,09:30:29,2.75,2100,129700
20240129,09:30:29,2.75,50,129700
20240129,09:30:34,2.75,100,129700
20240129,09:30:35,2.8,50,129700
20240129,09:30:40,2.75,50,129700
20240129,09:30:47,2.75,50,129700
20240129,09:30:51,2.75,50,129700
20240129,09:31:06,2.75,50,129700
20240129,09:31:23,2.75,100,129700
20240129,09:31:33,2.75,50,129700
20240129,09:31:35,2.75,50,129700
20240129,09:31:36,2.75,50,129700
20240129,09:31:37,2.75,50,129700
20240129,09:31:38,2.75,50,129700
20240129,09:31:39,2.75,650,129700
20240129,09:31:41,2.75,100,129700
20240129,09:31:42,2.75,50,129700
20240129,09:31:43,2.75,50,129700
20240129,09:31:45,2.75,650,129700
20240129,09:31:46,2.75,50,129700
20240129,09:31:47,2.75,50,129700
20240129,09:31:49,2.75,100,129700
20240129,09:31:50,2.75,50,129700
20240129,09:31:52,2.75,100,129700
20240129,09:31:53,2.7,150,129700
20240129,09:31:55,2.75,100,129700
20240129,09:31:56,2.75,50,129700
20240129,09:31:57,2.7,100,129700
20240129,09:31:59,2.75,100,129700
20240129,09:32:00,2.75,50,129700
20240129,09:32:02,2.75,250,129700
20240129,09:32:03,2.75,200,129700
20240129,09:32:04,2.75,200,129700
20240129,09:32:06,2.7,1400,129700
20240129,09:32:06,2.7,50,129700
20240129,09:32:10,2.7,50,129850
20240129,09:32:11,2.7,50,129850
20240129,09:32:13,2.7,3050,129850
20240129,09:32:14,2.7,200,129850
20240129,09:32:15,2.7,200,129850
20240129,09:32:17,2.7,200,129850
20240129,09:32:18,2.7,850,129850
20240129,09:32:19,2.7,50,129850
20240129,09:32:22,2.75,50,129850
20240129,09:32:24,2.75,100,129850
20240129,09:32:25,2.75,50,129850
20240129,09:32:26,2.75,50,129850
20240129,09:32:27,2.75,50,129850
20240129,09:32:29,2.75,100,129850
20240129,09:32:30,2.75,50,129850
20240129,09:32:31,2.75,50,129850
20240129,09:32:32,2.75,50,129850
20240129,09:32:34,2.7,1500,129850
20240129,09:32:35,2.75,50,129850
20240129,09:32:36,2.75,50,129850
20240129,09:32:37,2.75,50,129850
20240129,09:32:39,2.75,100,129850
20240129,09:32:40,2.75,50,129850
20240129,09:32:42,2.75,100,129850
20240129,09:32:42,2.7,5600,129850
20240129,09:32:43,2.7,150,129850
20240129,09:32:44,2.7,50,129850
20240129,09:32:45,2.75,50,129850
20240129,09:32:46,2.7,1550,129850
20240129,09:32:49,2.7,1600,129850
20240129,09:32:51,2.7,1400,129850
20240129,09:32:52,2.7,50,129850
20240129,09:32:53,2.7,50,129850
20240129,09:32:54,2.7,50,129850
20240129,09:32:55,2.7,50,129850
20240129,09:32:56,2.7,900,129850
20240129,09:32:57,2.7,200,129850
20240129,09:32:58,2.7,200,129850
20240129,09:33:00,2.7,100,129850
20240129,09:33:10,2.65,50,129850
20240129,09:33:12,2.7,300,129850
20240129,09:33:13,2.7,250,129850
20240129,09:33:20,2.65,100,129850
20240129,09:33:31,2.65,50,129850
20240129,09:33:46,2.7,1800,129850
20240129,09:33:56,2.65,50,129850
20240129,09:33:58,2.7,50,129850
20240129,09:34:00,2.65,100,129850
20240129,09:34:01,2.65,200,129850
20240129,09:34:02,2.65,200,129850
20240129,09:34:03,2.65,150,129850
20240129,09:34:04,2.7,1350,129850
20240129,09:34:06,2.7,500,129850
20240129,09:34:07,2.7,5150,129850
20240129,09:34:08,2.75,1700,129850
20240129,09:34:09,2.75,300,129850
20240129,09:34:14,2.75,50,129850
20240129,09:34:18,2.75,50,129850
20240129,09:34:19,2.75,50,129850
20240129,09:34:20,2.75,50,129850
20240129,09:34:21,2.75,100,129850
20240129,09:34:22,2.75,200,129850
20240129,09:34:23,2.75,200,129850
20240129,09:34:24,2.75,200,129850
20240129,09:34:25,2.75,250,129850
20240129,09:34:26,2.75,50,129850
20240129,09:34:27,2.75,50,129850
20240129,09:34:28,2.75,200,129850
20240129,09:34:29,2.8,700,129850
20240129,09:34:30,2.75,200,129850
20240129,09:34:31,2.75,50,129850
20240129,09:34:32,2.75,50,129850
20240129,09:34:33,2.75,50,129850
20240129,09:34:34,2.75,50,129850
20240129,09:34:35,2.75,50,129850
20240129,09:34:36,2.75,50,129850
20240129,09:34:37,2.75,50,129850
20240129,09:34:38,2.75,50,129850
20240129,09:34:39,2.75,50,129850
20240129,09:34:40,2.75,50,129850
20240129,09:34:41,2.75,50,129850
20240129,09:34:42,2.75,50,129850
20240129,09:34:43,2.75,50,129850
20240129,09:34:44,2.75,200,129850
20240129,09:34:45,2.75,200,129850
20240129,09:34:46,2.75,200,129850
20240129,09:34:50,2.75,50,129850
20240129,09:34:51,2.75,50,129850
20240129,09:34:53,2.75,50,129850
20240129,09:34:56,2.75,50,129850
20240129,09:34:58,2.75,50,129850
20240129,09:35:00,2.75,50,129850
20240129,09:35:02,2.75,50,129850
20240129,09:35:03,2.75,50,129850
20240129,09:35:04,2.75,50,129850
20240129,09:35:10,2.8,1600,130200
20240129,09:35:15,2.75,250,130200
20240129,09:35:20,2.75,200,130200
20240129,09:36:04,2.75,50,130200
20240129,09:36:15,2.7,700,130200
20240129,09:36:16,2.7,5400,130200
20240129,09:36:21,2.7,600,130200
20240129,09:36:25,2.7,150,130200
20240129,09:36:37,2.65,100,130200
20240129,09:36:38,2.65,300,130200
20240129,09:36:40,2.65,100,130200
20240129,09:36:41,2.65,50,130200
20240129,09:36:51,2.6,200,130200
20240129,09:36:53,2.65,600,130200
20240129,09:36:55,2.65,250,130200
20240129,09:36:57,2.65,1400,130200
20240129,09:36:59,2.7,50,130200
20240129,09:37:01,2.65,100,130200
20240129,09:37:16,2.6,50,130200
20240129,09:37:22,2.65,750,130200
20240129,09:37:42,2.65,150,130200
20240129,09:38:05,2.6,50,130200
20240129,09:38:45,2.65,250,128650
20240129,09:38:46,2.6,50,128650
20240129,09:39:05,2.65,250,128650
20240129,09:39:06,2.65,50,128650
20240129,09:39:07,2.65,250,128650
20240129,09:39:09,2.6,50,128650
20240129,09:39:10,2.65,150,128650
20240129,09:39:12,2.6,50,128650
20240129,09:39:19,2.65,550,128650
20240129,09:40:23,2.65,2750,128650
20240129,09:40:24,2.65,9200,128650
20240129,09:40:26,2.7,100,128650
20240129,09:40:39,2.65,300,128650
20240129,09:40:46,2.65,50,128650
20240129,09:40:48,2.65,50,128650
20240129,09:40:50,2.65,50,128650
20240129,09:40:51,2.7,1200,128650
20240129,09:40:52,2.7,1000,128650
20240129,09:40:53,2.7,350,128650
20240129,09:40:54,2.65,100,128650
20240129,09:40:56,2.65,200,128650
20240129,09:40:57,2.7,100,128650
20240129,09:40:58,2.7,50,128650
20240129,09:41:01,2.7,50,128650
20240129,09:41:19,2.7,50,141650
20240129,09:41:21,2.65,100,141650
20240129,09:41:49,2.7,100,141650
20240129,09:42:03,2.7,100,141650
20240129,09:42:05,2.7,50,141650
20240129,09:42:14,2.7,150,141650
20240129,09:42:15,2.7,100,141650
20240129,09:43:00,2.7,400,141650
20240129,09:43:00,2.7,250,141650
20240129,09:43:05,2.7,1850,141650
20240129,09:43:15,2.7,100,141650
20240129,09:43:30,2.75,3650,141650
20240129,09:43:37,2.75,50,141650
20240129,09:43:43,2.75,100,141650
20240129,09:43:48,2.75,250,141650
20240129,09:43:55,2.75,100,141650
20240129,09:44:01,2.8,50,141650
20240129,09:44:02,2.8,50,141650
20240129,09:44:03,2.8,50,141650
20240129,09:44:04,2.8,50,141650
20240129,09:44:05,2.8,50,141650
20240129,09:44:06,2.8,150,141650
20240129,09:44:07,2.8,50,141650
20240129,09:44:08,2.8,200,141650
20240129,09:44:09,2.8,200,141650
20240129,09:44:10,2.8,200,141650
20240129,09:44:11,2.8,50,143650
20240129,09:44:12,2.8,50,143650
20240129,09:44:13,2.8,50,143650
20240129,09:44:14,2.8,50,143650
20240129,09:44:15,2.8,50,143650
20240129,09:44:16,2.75,200,143650
20240129,09:44:17,2.8,1800,143650
20240129,09:44:18,2.8,50,143650
20240129,09:44:19,2.8,50,143650
20240129,09:44:20,2.8,50,143650
20240129,09:44:23,2.75,1200,143650
20240129,09:44:24,2.75,1600,143650
20240129,09:44:25,2.8,4000,143650
20240129,09:44:30,2.8,2450,143650
20240129,09:44:31,2.8,400,143650
20240129,09:44:34,2.8,500,143650
20240129,09:44:36,2.85,300,143650
20240129,09:44:37,2.85,300,143650
20240129,09:44:38,2.85,50,143650
20240129,09:44:39,2.85,50,143650
20240129,09:44:40,2.85,50,143650
20240129,09:44:41,2.85,50,143650
20240129,09:44:42,2.85,50,143650
20240129,09:44:43,2.85,50,143650
20240129,09:44:44,2.85,50,143650
20240129,09:44:45,2.85,250,143650
20240129,09:44:46,2.85,150,143650
20240129,09:44:47,2.85,150,143650
20240129,09:44:48,2.85,50,143650
20240129,09:44:49,2.85,50,143650
20240129,09:44:50,2.85,50,143650
20240129,09:44:51,2.8,800,143650
20240129,09:44:52,2.85,100,143650
20240129,09:44:53,2.85,50,143650
20240129,09:44:54,2.85,50,143650
20240129,09:44:55,2.85,50,143650
20240129,09:44:56,2.85,50,143650
20240129,09:44:57,2.85,50,143650
20240129,09:44:58,2.85,50,143650
20240129,09:44:59,2.8,550,143650
20240129,09:45:00,2.8,1650,143650
20240129,09:45:01,2.8,400,143650
20240129,09:45:02,2.8,600,143650
20240129,09:45:03,2.8,400,143650
20240129,09:45:05,2.8,3000,143650
20240129,09:45:10,2.8,200,143650
20240129,09:45:18,2.85,5250,143650
20240129,09:45:20,2.9,500,143650
20240129,09:45:21,2.85,250,143650
20240129,09:46:10,2.85,50,143650
20240129,09:46:11,2.85,50,143650
20240129,09:46:12,2.85,250,143650
20240129,09:46:25,2.85,50,143650
20240129,09:46:29,2.8,1000,143650
20240129,09:46:46,2.8,100,143650
20240129,09:46:47,2.85,50,143650
20240129,09:46:50,2.8,1500,143650
20240129,09:47:00,2.85,50,143650
20240129,09:47:11,2.8,100,157850
20240129,09:47:17,2.85,150,157850
20240129,09:47:18,2.85,100,157850
20240129,09:47:19,2.85,50,157850
20240129,09:47:20,2.85,150,157850
20240129,09:47:21,2.85,200,157850
20240129,09:47:23,2.85,50,157850
20240129,09:47:24,2.85,1000,157850
20240129,09:47:26,2.85,1600,157850
20240129,09:47:27,2.8,100,157850
20240129,09:47:29,2.8,500,157850
20240129,09:47:30,2.85,400,157850
20240129,09:47:32,2.85,700,157850
20240129,09:47:35,2.85,1000,157850
20240129,09:47:44,2.85,800,157850
20240129,09:47:51,2.9,3600,157850
20240129,09:47:52,2.9,1800,157850
20240129,09:48:01,2.85,400,157850
20240129,09:48:02,2.85,200,157850
20240129,09:48:03,2.85,250,157850
20240129,09:48:08,2.85,100,157850
20240129,09:48:15,2.9,1350,157850
20240129,09:48:16,2.85,100,157850
20240129,09:48:18,2.85,500,157850
20240129,09:48:19,2.9,1000,157850
20240129,09:48:24,2.9,1800,157850
20240129,09:48:37,2.85,200,157850
20240129,09:48:40,2.9,1800,157850
20240129,09:49:09,2.85,700,157850
20240129,09:49:10,2.85,500,157850
20240129,09:49:23,2.9,1800,157850
20240129,09:49:51,2.85,50,157850
20240129,09:50:12,2.9,2800,167450
20240129,09:50:13,2.9,900,167450
20240129,09:50:15,2.9,100,167450
20240129,09:50:20,2.95,1800,167450
20240129,09:50:22,2.95,50,167450
20240129,09:50:32,2.95,900,167450
20240129,09:50:36,2.95,50,167450
20240129,09:50:45,2.95,50,167450
20240129,09:50:48,2.9,100,167450
20240129,09:50:49,2.9,400,167450
20240129,09:50:56,2.95,50,167450
20240129,09:50:59,2.95,50,167450
20240129,09:51:01,2.95,250,167450
20240129,09:51:05,2.9,650,167450
20240129,09:51:06,2.95,100,167450
20240129,09:51:16,2.95,1800,167450
20240129,09:51:18,2.9,2700,167450
20240129,09:51:19,2.9,800,167450
20240129,09:51:37,3.0,50,167450
20240129,09:51:48,3.0,1800,167450
20240129,09:51:49,3.0,200,167450
20240129,09:52:02,2.95,50,167450
20240129,09:52:15,3.0,500,167450
20240129,09:52:17,3.0,2000,167450
20240129,09:52:21,3.0,1800,167450
20240129,09:52:22,3.0,1800,167450
20240129,09:52:56,2.95,500,167450
20240129,09:53:00,3.0,250,167450
20240129,09:53:02,3.0,150,167450
20240129,09:53:06,3.0,1000,167450
20240129,09:53:09,2.95,250,167450
20240129,09:53:10,3.0,3600,167450
20240129,09:53:11,2.95,250,167450
20240129,09:53:15,2.95,500,183000
20240129,09:53:16,3.0,50,183000
20240129,09:53:17,2.95,1700,183000
20240129,09:53:26,3.0,50,183000
20240129,09:53:32,3.0,1000,183000
20240129,09:53:37,2.95,50,183000
20240129,09:53:38,2.95,250,183000
20240129,09:53:39,3.0,250,183000
20240129,09:53:51,3.0,50,183000
20240129,09:53:53,2.95,1000,183000
20240129,09:54:02,3.0,100,183000
20240129,09:54:09,3.0,200,183000
20240129,09:54:11,3.0,100,183000
20240129,09:54:22,2.95,150,183000
20240129,09:54:25,2.95,300,183000
20240129,09:54:26,3.0,50,183000
20240129,09:54:33,3.0,50,183000
20240129,09:54:39,3.0,50,183000
20240129,09:54:43,3.0,50,183000
20240129,09:54:45,3.0,50,183000
20240129,09:54:55,3.0,50,183000
20240129,09:54:57,3.0,50,183000
20240129,09:55:00,3.0,50,183000
20240129,09:55:05,3.0,1800,183000
20240129,09:55:06,3.0,50,183000
20240129,09:55:12,3.0,50,183000
20240129,09:55:17,3.0,5100,183000
20240129,09:55:28,3.1,200,183000
20240129,09:55:39,3.1,200,183000
20240129,09:55:42,3.05,750,183000
20240129,09:55:52,3.1,50,183000
20240129,09:56:01,3.1,50,183000
20240129,09:56:06,3.1,50,183000
20240129,09:56:14,3.1,50,183000
20240129,09:56:18,3.1,50,184550
20240129,09:56:29,3.05,800,184550
20240129,09:56:31,3.1,1800,184550
20240129,09:56:32,3.1,50,184550
20240129,09:56:38,3.05,250,184550
20240129,09:56:40,3.05,700,184550
20240129,09:56:41,3.05,100,184550
20240129,09:56:42,3.05,50,184550
20240129,09:56:45,3.05,50,184550
20240129,09:56:49,3.1,50,184550
20240129,09:56:50,3.05,300,184550
20240129,09:56:51,3.05,50,184550
20240129,09:56:53,3.05,800,184550
20240129,09:56:54,3.05,50,184550
20240129,09:56:55,3.05,100,184550
20240129,09:56:57,3.05,100,184550
20240129,09:57:04,3.1,50,184550
20240129,09:57:05,3.1,50,184550
20240129,09:57:18,3.05,50,184550
20240129,09:57:21,3.05,50,184550
20240129,09:57:24,3.1,1800,184550
20240129,09:57:36,3.05,1550,184550
20240129,09:57:37,3.05,300,184550
20240129,09:57:38,3.05,1650,184550
20240129,09:57:39,3.05,1450,184550
20240129,09:57:40,3.05,3850,184550
20240129,09:57:41,3.05,2700,184550
20240129,09:57:45,3.0,50,184550
20240129,09:57:49,3.05,50,184550
20240129,09:57:51,3.05,50,184550
20240129,09:57:55,3.05,50,184550
20240129,09:57:57,3.05,150,184550
20240129,09:58:05,3.05,300,184550
20240129,09:58:14,3.0,50,184550
20240129,09:58:15,3.0,50,184550
20240129,09:58:16,3.0,200,184550
20240129,09:58:17,3.0,200,184550
20240129,09:58:18,3.0,200,184550
20240129,09:58:19,3.0,200,184550
20240129,09:58:20,3.0,200,184550
20240129,09:58:21,3.0,200,184550
20240129,09:58:22,3.0,200,184550
20240129,09:58:23,3.0,1000,184550
20240129,09:58:24,3.05,250,184550
20240129,09:58:25,3.0,200,184550
20240129,09:58:26,3.0,200,184550
20240129,09:58:27,3.0,200,184550
20240129,09:58:28,3.0,200,184550
20240129,09:58:29,3.0,200,184550
20240129,09:58:30,3.0,200,184550
20240129,09:58:31,3.0,600,184550
20240129,09:58:32,2.95,200,184550
20240129,09:58:33,2.95,200,184550
20240129,09:58:34,2.95,200,184550
20240129,09:58:35,2.95,250,184550
20240129,09:58:36,2.95,200,184550
20240129,09:58:37,2.95,200,184550
20240129,09:58:38,2.95,1200,184550
20240129,09:58:39,2.9,200,184550
20240129,09:58:40,2.9,200,184550
20240129,09:58:41,2.9,600,184550
20240129,09:58:42,2.95,300,184550
20240129,09:58:43,2.9,200,184550
20240129,09:58:44,2.9,200,184550
20240129,09:58:45,2.95,300,184550
20240129,09:58:46,2.9,200,184550
20240129,09:58:47,2.9,200,184550
20240129,09:58:52,2.9,3150,184550
20240129,09:58:54,2.9,300,184550
20240129,09:58:55,2.9,100,184550
20240129,09:58:57,2.9,750,184550
20240129,09:59:00,2.85,50,184550
20240129,09:59:01,2.85,50,184550
20240129,09:59:02,2.85,50,184550
20240129,09:59:03,2.85,200,184550
20240129,09:59:04,2.85,200,184550
20240129,09:59:05,2.85,200,184550
20240129,09:59:06,2.85,50,184550
20240129,09:59:07,2.85,50,184550
20240129,09:59:08,2.85,250,184550
20240129,09:59:09,2.85,50,184550
20240129,09:59:10,2.85,200,184550
20240129,09:59:11,2.85,200,184550
20240129,09:59:12,2.85,400,193600
20240129,09:59:13,2.85,450,193600
20240129,09:59:14,2.85,200,193600
20240129,09:59:15,2.85,50,193600
20240129,09:59:16,2.85,300,193600
20240129,09:59:17,2.85,100,193600
20240129,09:59:18,2.85,200,193600
20240129,09:59:19,2.9,700,193600
20240129,09:59:20,2.85,200,193600
20240129,09:59:21,2.85,200,193600
20240129,09:59:22,2.85,200,193600
20240129,09:59:23,2.85,200,193600
20240129,09:59:24,2.85,100,193600
20240129,09:59:25,2.85,150,193600
20240129,09:59:26,2.85,50,193600
20240129,09:59:27,2.85,50,193600
20240129,09:59:28,2.85,100,193600
20240129,09:59:29,2.85,50,193600
20240129,09:59:30,2.85,50,193600
20240129,09:59:33,2.85,50,193600
20240129,09:59:34,2.85,1200,193600
20240129,09:59:35,2.85,50,193600
20240129,09:59:36,2.85,50,193600
20240129,09:59:37,2.85,50,193600
20240129,09:59:38,2.85,50,193600
20240129,09:59:39,2.85,50,193600
20240129,09:59:40,2.85,200,193600
20240129,09:59:41,2.85,50,193600
20240129,09:59:42,2.85,50,193600
20240129,09:59:43,2.85,250,193600
20240129,09:59:44,2.8,200,193600
20240129,09:59:45,2.8,200,193600
20240129,09:59:52,2.8,200,193600
20240129,09:59:53,2.8,200,193600
20240129,09:59:54,2.8,200,193600
20240129,10:00:02,2.8,200,193600
20240129,10:00:03,2.8,200,193600
20240129,10:00:04,2.8,250,193600
20240129,10:00:05,2.8,300,193600
20240129,10:00:06,2.8,250,193600
20240129,10:00:07,2.8,150,193600
20240129,10:00:08,2.8,150,193600
20240129,10:00:09,2.8,150,193600
20240129,10:00:10,2.8,150,193600
20240129,10:00:12,2.85,250,193600
20240129,10:00:38,2.95,50,193600
20240129,10:00:39,2.95,150,193600
20240129,10:00:53,2.95,100,193600
20240129,10:00:56,2.95,50,193600
20240129,10:01:01,2.95,100,193600
20240129,10:01:06,3.0,3650,193600
20240129,10:01:14,2.9,100,193600
20240129,10:01:17,2.95,600,193600
20240129,10:01:24,2.95,750,193600
20240129,10:01:29,2.95,50,193600
20240129,10:01:35,3.0,1950,193600
20240129,10:01:43,3.0,50,193600
20240129,10:01:49,3.05,50,193600
20240129,10:01:50,3.05,100,193600
20240129,10:02:01,3.05,550,193600
20240129,10:02:06,3.05,50,193600
20240129,10:02:07,3.05,50,193600
20240129,10:02:08,3.05,100,193600
20240129,10:02:09,3.05,100,193600
20240129,10:02:10,3.05,150,193600
20240129,10:02:11,3.05,150,193600
20240129,10:02:12,3.05,150,193600
20240129,10:02:13,3.05,700,194600
20240129,10:02:14,3.1,300,194600
20240129,10:02:15,3.1,150,194600
20240129,10:02:17,3.1,4600,194600
20240129,10:02:18,3.1,250,194600
20240129,10:02:21,3.1,50,194600
20240129,10:02:22,3.15,50,194600
20240129,10:02:23,3.15,50,194600
20240129,10:02:24,3.15,50,194600
20240129,10:02:25,3.15,50,194600
20240129,10:02:26,3.15,50,194600
20240129,10:02:27,3.15,50,194600
20240129,10:02:28,3.15,50,194600
20240129,10:02:29,3.15,50,194600
20240129,10:02:30,3.15,50,194600
20240129,10:02:31,3.15,100,194600
20240129,10:02:32,3.15,50,194600
20240129,10:02:33,3.1,800,194600
20240129,10:02:34,3.1,1350,194600
20240129,10:02:35,3.1,50,194600
20240129,10:02:36,3.1,100,194600
20240129,10:02:37,3.1,50,194600
20240129,10:02:38,3.1,50,194600
20240129,10:02:39,3.1,50,194600
20240129,10:02:40,3.1,50,194600
20240129,10:02:41,3.1,50,194600
20240129,10:02:42,3.1,50,194600
20240129,10:02:43,3.1,50,194600
20240129,10:02:44,3.1,50,194600
20240129,10:02:45,3.1,50,194600
20240129,10:02:46,3.1,100,194600
20240129,10:02:47,3.1,50,194600
20240129,10:02:48,3.1,50,194600
20240129,10:02:50,3.05,750,194600
20240129,10:02:51,3.05,350,194600
20240129,10:02:53,3.1,50,194600
20240129,10:02:54,3.1,50,194600
20240129,10:02:55,3.1,50,194600
20240129,10:02:56,3.1,50,194600
20240129,10:02:58,3.1,50,194600
20240129,10:03:02,3.1,50,194600
20240129,10:03:03,3.1,50,194600
20240129,10:03:04,3.1,50,194600
20240129,10:03:05,3.1,50,194600
20240129,10:03:06,3.1,100,194600
20240129,10:03:07,3.1,50,194600
20240129,10:03:08,3.1,50,194600
20240129,10:03:09,3.1,150,194600
20240129,10:03:10,3.1,50,194600
20240129,10:03:11,3.1,50,194600
20240129,10:03:12,3.1,50,194600
20240129,10:03:15,3.1,50,194600
20240129,10:03:16,3.1,50,194600
20240129,10:03:19,3.1,50,194600
20240129,10:03:26,3.1,50,194600
20240129,10:03:27,3.1,50,194600
20240129,10:03:28,3.1,150,194600
20240129,10:03:29,3.1,50,194600
20240129,10:03:30,3.1,50,194600
20240129,10:03:31,3.1,50,194600
20240129,10:03:32,3.1,50,194600
20240129,10:03:33,3.1,50,194600
20240129,10:03:34,3.1,50,194600
20240129,10:03:35,3.1,50,194600
20240129,10:03:36,3.1,100,194600
20240129,10:03:37,3.1,50,194600
20240129,10:03:38,3.05,450,194600
20240129,10:03:39,3.1,50,194600
20240129,10:03:40,3.1,50,194600
20240129,10:03:41,3.1,50,194600
20240129,10:03:42,3.1,50,194600
20240129,10:03:43,3.1,50,194600
20240129,10:03:44,3.1,50,194600
20240129,10:03:45,3.1,50,194600
20240129,10:03:47,3.1,100,194600
20240129,10:03:48,3.1,100,194600
20240129,10:03:49,3.1,100,194600
20240129,10:03:51,3.1,200,194600
20240129,10:03:52,3.1,50,194600
20240129,10:03:53,3.05,100,194600
20240129,10:03:54,3.1,50,194600
20240129,10:03:55,3.1,50,194600
20240129,10:03:57,3.1,100,194600
20240129,10:03:58,3.1,50,194600
20240129,10:04:02,3.05,100,194600
20240129,10:04:05,3.05,300,194600
20240129,10:04:07,3.05,50,194600
20240129,10:04:09,3.1,100,194600
20240129,10:04:12,3.1,50,194600
20240129,10:04:14,3.1,50,194600
20240129,10:04:15,3.1,50,194600
20240129,10:04:16,3.1,100,194600
20240129,10:04:18,3.1,50,194600
20240129,10:04:19,3.05,50,194600
20240129,10:04:22,3.1,50,194600
20240129,10:04:22,3.05,750,194600
20240129,10:04:23,3.05,600,194600
20240129,10:04:26,3.1,300,194600
20240129,10:04:27,3.05,50,194600
20240129,10:04:29,3.05,1050,194600
20240129,10:04:30,3.05,150,194600
20240129,10:04:32,3.05,4650,194600
20240129,10:04:39,3.05,50,194600
20240129,10:04:42,3.05,750,194600
20240129,10:04:50,3.05,800,194600
20240129,10:04:52,3.05,250,194600
20240129,10:04:53,3.05,1000,194600
20240129,10:04:56,3.05,4400,194600
20240129,10:04:57,3.05,50,194600
20240129,10:05:03,3.0,600,194600
20240129,10:05:04,3.0,3000,194600
20240129,10:05:32,3.05,1800,211550
20240129,10:05:34,3.05,1900,211550
20240129,10:05:35,3.05,1800,211550
20240129,10:05:36,3.05,2500,211550
20240129,10:05:37,3.05,600,211550
20240129,10:05:42,3.05,50,211550
20240129,10:05:46,3.0,850,211550
20240129,10:05:51,3.05,100,211550
20240129,10:05:53,3.05,100,211550
20240129,10:06:00,3.0,3000,211550
20240129,10:06:08,3.05,50,211550
20240129,10:06:09,3.05,50,211550
20240129,10:06:10,3.05,50,211550
20240129,10:06:11,3.05,50,211550
20240129,10:06:12,3.05,50,211550
20240129,10:06:13,3.05,50,211550
20240129,10:06:14,3.05,150,211550
20240129,10:06:15,3.05,50,211550
20240129,10:06:16,3.05,50,211550
20240129,10:06:17,3.05,200,211550
20240129,10:06:18,3.05,50,211550
20240129,10:06:19,3.05,50,211550
20240129,10:06:20,3.05,50,211550
20240129,10:06:21,3.05,50,211550
20240129,10:06:22,3.05,50,211550
20240129,10:06:49,3.05,100,211550
20240129,10:06:50,3.05,50,211550
20240129,10:06:52,3.05,1500,211550
20240129,10:07:28,3.0,3000,211550
20240129,10:07:39,3.0,200,211550
20240129,10:07:40,3.05,50,211550
20240129,10:07:47,3.05,950,211550
20240129,10:07:49,3.05,50,211550
20240129,10:08:05,3.05,2000,211550
20240129,10:08:09,3.0,2900,211550
20240129,10:08:12,3.05,1450,211550
20240129,10:08:13,3.05,50,211550
20240129,10:08:20,3.05,50,222950
20240129,10:08:23,3.0,950,222950
20240129,10:08:24,3.0,1000,222950
20240129,10:08:29,3.0,150,222950
20240129,10:08:34,3.0,500,222950
20240129,10:08:38,3.0,250,222950
20240129,10:08:40,3.0,250,222950
20240129,10:08:41,3.0,1400,222950
20240129,10:08:46,2.95,50,222950
20240129,10:08:51,3.0,250,222950
20240129,10:09:05,3.0,50,222950
20240129,10:09:31,2.95,1100,222950
20240129,10:09:41,2.95,1800,222950
20240129,10:09:43,2.95,50,222950
20240129,10:09:50,2.95,100,222950
20240129,10:09:52,3.0,50,222950
20240129,10:09:53,2.95,50,222950
20240129,10:09:56,3.0,50,222950
20240129,10:09:57,3.0,300,222950
20240129,10:10:02,2.95,100,222950
20240129,10:10:10,2.95,450,222950
20240129,10:10:24,3.0,50,222950
20240129,10:10:25,2.95,50,222950
20240129,10:10:37,2.95,150,222950
20240129,10:10:37,2.95,1800,222950
20240129,10:10:38,2.95,500,222950
20240129,10:10:45,3.0,50,222950
20240129,10:10:46,3.0,50,222950
20240129,10:10:47,2.95,2050,222950
20240129,10:10:48,2.95,50,222950
20240129,10:10:49,2.95,2300,222950
20240129,10:10:50,3.0,50,222950
20240129,10:10:51,3.0,50,222950
20240129,10:10:52,2.95,100,222950
20240129,10:10:53,2.95,50,222950
20240129,10:10:54,2.95,50,222950
20240129,10:10:55,2.95,50,222950
20240129,10:10:56,2.95,50,222950
20240129,10:10:57,2.95,50,222950
20240129,10:10:58,2.95,100,222950
20240129,10:10:59,2.95,50,222950
20240129,10:11:00,2.95,50,222950
20240129,10:11:01,2.95,50,222950
20240129,10:11:02,2.95,50,222950
20240129,10:11:03,2.95,50,222950
20240129,10:11:04,2.95,50,222950
20240129,10:11:05,2.95,50,222950
20240129,10:11:06,2.95,50,222950
20240129,10:11:07,2.95,50,222950
20240129,10:11:08,2.95,50,222950
20240129,10:11:09,2.95,50,222950
20240129,10:11:10,2.95,100,222950
20240129,10:11:11,2.95,50,222950
20240129,10:11:12,2.95,50,222950
20240129,10:11:13,2.95,50,222950
20240129,10:11:14,2.95,50,224500
20240129,10:11:15,2.95,50,224500
20240129,10:11:16,2.95,50,224500
20240129,10:11:19,2.95,50,224500
20240129,10:11:23,2.95,50,224500
20240129,10:11:28,2.95,50,224500
20240129,10:11:29,2.95,50,224500
20240129,10:11:30,2.9,2750,224500
20240129,10:11:34,2.9,50,224500
20240129,10:11:35,2.9,50,224500
20240129,10:11:36,2.9,50,224500
20240129,10:11:38,2.95,50,224500
20240129,10:11:39,2.95,50,224500
20240129,10:11:42,2.9,100,224500
20240129,10:11:43,2.9,50,224500
20240129,10:11:44,2.9,50,224500
20240129,10:11:47,2.95,50,224500
20240129,10:11:49,2.9,50,224500
20240129,10:11:50,2.95,50,224500
20240129,10:11:51,2.95,50,224500
20240129,10:11:52,2.95,50,224500
20240129,10:11:53,2.95,50,224500
20240129,10:11:54,2.95,50,224500
20240129,10:11:55,2.95,50,224500
20240129,10:11:56,2.95,200,224500
20240129,10:11:57,2.95,200,224500
20240129,10:11:58,2.95,200,224500
20240129,10:11:59,2.95,50,224500
20240129,10:12:00,2.95,50,224500
20240129,10:12:01,2.95,50,224500
20240129,10:12:02,2.95,50,224500
20240129,10:12:03,2.95,50,224500
20240129,10:12:04,2.95,50,224500
20240129,10:12:05,2.95,50,224500
20240129,10:12:06,2.95,250,224500
20240129,10:12:07,2.95,50,224500
20240129,10:12:08,2.9,50,224500
20240129,10:12:10,2.95,50,224500
20240129,10:12:12,2.9,50,224500
20240129,10:12:13,2.95,50,224500
20240129,10:12:14,2.9,50,224500
20240129,10:12:17,2.95,200,224500
20240129,10:12:18,2.9,50,224500
20240129,10:12:19,2.9,50,224500
20240129,10:12:22,2.95,50,224500
20240129,10:12:23,2.95,50,224500
20240129,10:12:24,2.9,2600,224500
20240129,10:12:25,2.9,1550,224500
20240129,10:12:28,2.95,50,224500
20240129,10:12:45,2.95,50,224500
20240129,10:12:50,2.85,100,224500
20240129,10:13:02,2.9,100,224500
20240129,10:13:05,2.9,300,224500
20240129,10:13:07,2.9,750,224500
20240129,10:13:12,2.9,100,224500
20240129,10:13:17,2.9,250,224500
20240129,10:13:18,2.9,300,224500
20240129,10:13:52,2.9,50,224500
20240129,10:13:57,2.85,200,224500
20240129,10:14:02,2.9,50,224500
20240129,10:14:05,2.9,100,224500
20240129,10:14:31,2.85,1100,227900
20240129,10:14:47,2.85,850,227900
20240129,10:14:52,2.85,300,227900
20240129,10:14:58,2.85,700,227900
20240129,10:15:16,2.85,1200,227900
20240129,10:15:18,2.85,1450,227900
20240129,10:15:19,2.85,400,227900
20240129,10:15:21,2.8,50,227900
20240129,10:15:23,2.8,50,227900
20240129,10:15:24,2.8,50,227900
20240129,10:15:25,2.8,50,227900
20240129,10:15:27,2.8,100,227900
20240129,10:15:28,2.8,50,227900
20240129,10:15:28,2.75,3200,227900
20240129,10:15:29,2.75,100,227900
20240129,10:15:30,2.75,50,227900
20240129,10:15:32,2.75,100,227900
20240129,10:15:33,2.75,50,227900
20240129,10:15:36,2.75,1650,227900
20240129,10:15:37,2.75,1650,227900
20240129,10:15:40,2.75,1100,227900
20240129,10:15:41,2.75,300,227900
20240129,10:15:43,2.75,350,227900
20240129,10:15:43,2.75,1000,227900
20240129,10:15:44,2.75,100,227900
20240129,10:15:46,2.75,100,227900
20240129,10:15:47,2.75,50,227900
20240129,10:15:49,2.75,100,227900
20240129,10:15:51,2.75,100,227900
20240129,10:15:52,2.75,50,227900
20240129,10:15:53,2.75,50,227900
20240129,10:15:54,2.75,50,227900
20240129,10:15:55,2.75,50,227900
20240129,10:15:56,2.75,50,227900
20240129,10:16:03,2.8,800,227900
20240129,10:16:04,2.75,450,227900
20240129,10:16:06,2.8,800,227900
20240129,10:16:16,2.8,50,227900
20240129,10:16:22,2.75,50,227900
20240129,10:16:29,2.75,1750,227900
20240129,10:16:36,2.75,50,227900
20240129,10:16:44,2.75,250,227900
20240129,10:16:55,2.75,50,227900
20240129,10:16:56,2.75,50,227900
20240129,10:16:57,2.75,50,227900
20240129,10:16:58,2.75,50,227900
20240129,10:17:01,2.75,50,227900
20240129,10:17:11,2.75,50,227900
20240129,10:17:12,2.75,100,227900
20240129,10:17:13,2.75,100,227900
20240129,10:17:14,2.75,50,227900
20240129,10:17:15,2.75,50,227900
20240129,10:17:16,2.75,50,226450
20240129,10:17:17,2.75,50,226450
20240129,10:17:18,2.75,50,226450
20240129,10:17:19,2.75,50,226450
20240129,10:17:20,2.75,150,226450
20240129,10:17:21,2.75,50,226450
20240129,10:17:22,2.75,50,226450
20240129,10:17:23,2.75,50,226450
20240129,10:17:24,2.75,50,226450
20240129,10:17:25,2.75,50,226450
20240129,10:17:26,2.75,50,226450
20240129,10:17:27,2.75,50,226450
20240129,10:17:28,2.75,50,226450
20240129,10:17:29,2.75,50,226450
20240129,10:17:30,2.75,50,226450
20240129,10:17:31,2.75,50,226450
20240129,10:17:40,2.75,100,226450
20240129,10:18:00,2.75,100,226450
20240129,10:18:04,2.75,850,226450
20240129,10:18:06,2.75,50,226450
20240129,10:18:19,2.75,600,226450
20240129,10:18:46,2.75,100,226450
20240129,10:18:50,2.75,100,226450
20240129,10:19:21,2.75,1000,226450
20240129,10:19:41,2.75,400,226450
20240129,10:19:45,2.75,100,226450
20240129,10:19:49,2.75,250,226450
20240129,10:20:20,2.75,1500,224450
20240129,10:20:28,2.75,1000,224450
20240129,10:20:34,2.75,50,224450
20240129,10:20:35,2.75,50,224450
20240129,10:20:36,2.75,400,224450
20240129,10:20:37,2.75,800,224450
20240129,10:20:38,2.75,50,224450
20240129,10:20:39,2.7,650,224450
20240129,10:20:40,2.7,400,224450
20240129,10:20:41,2.75,50,224450
20240129,10:20:42,2.7,300,224450
20240129,10:20:43,2.75,950,224450
20240129,10:20:44,2.75,50,224450
20240129,10:20:45,2.75,50,224450
20240129,10:20:46,2.75,50,224450
20240129,10:20:47,2.75,50,224450
20240129,10:20:48,2.75,50,224450
20240129,10:20:49,2.75,50,224450
20240129,10:20:50,2.75,50,224450
20240129,10:20:51,2.75,50,224450
20240129,10:20:52,2.75,50,224450
20240129,10:20:53,2.75,50,224450
20240129,10:20:54,2.75,50,224450
20240129,10:20:55,2.75,50,224450
20240129,10:20:56,2.75,50,224450
20240129,10:20:59,2.75,200,224450
20240129,10:21:00,2.75,1000,224450
20240129,10:21:02,2.75,2300,224450
20240129,10:21:04,2.75,50,224450
20240129,10:21:13,2.8,50,224450
20240129,10:21:14,2.8,50,224450
20240129,10:21:15,2.8,50,224450
20240129,10:21:16,2.8,50,224450
20240129,10:21:17,2.8,50,224450
20240129,10:21:18,2.8,50,224450
20240129,10:21:19,2.8,50,224450
20240129,10:21:20,2.8,50,224450
20240129,10:21:21,2.8,50,224450
20240129,10:21:22,2.8,50,224450
20240129,10:21:23,2.8,50,224450
20240129,10:21:24,2.8,50,224450
20240129,10:21:25,2.8,50,224450
20240129,10:21:26,2.8,50,224450
20240129,10:21:27,2.8,50,224450
20240129,10:21:28,2.8,50,224450
20240129,10:21:29,2.8,850,224450
20240129,10:21:30,2.8,50,224450
20240129,10:21:31,2.8,50,224450
20240129,10:21:32,2.8,50,224450
20240129,10:21:33,2.8,50,224450
20240129,10:21:34,2.8,50,224450
20240129,10:21:35,2.8,50,224450
20240129,10:21:36,2.8,50,224450
20240129,10:21:37,2.8,50,224450
20240129,10:21:38,2.8,50,224450
20240129,10:21:39,2.8,50,224450
20240129,10:21:40,2.8,50,224450
20240129,10:21:41,2.8,50,224450
20240129,10:21:42,2.8,50,224450
20240129,10:21:43,2.8,50,224450
20240129,10:21:44,2.8,50,224450
20240129,10:21:45,2.8,50,224450
20240129,10:21:46,2.8,50,224450
20240129,10:21:47,2.8,50,224450
20240129,10:21:48,2.8,50,224450
20240129,10:21:49,2.8,850,224450
20240129,10:21:50,2.8,50,224450
20240129,10:21:51,2.8,50,224450
20240129,10:21:52,2.8,50,224450
20240129,10:21:53,2.8,50,224450
20240129,10:21:54,2.8,50,224450
20240129,10:21:55,2.8,50,224450
20240129,10:21:56,2.8,50,224450
20240129,10:21:57,2.8,50,224450
20240129,10:21:58,2.8,50,224450
20240129,10:21:59,2.8,50,224450
20240129,10:22:00,2.8,50,224450
20240129,10:22:01,2.8,50,224450
20240129,10:22:02,2.8,850,224450
20240129,10:22:03,2.8,50,224450
20240129,10:22:04,2.8,50,224450
20240129,10:22:05,2.8,50,224450
20240129,10:22:06,2.8,50,224450
20240129,10:22:08,2.75,200,224450
20240129,10:22:12,2.8,50,224450
20240129,10:22:13,2.8,50,224450
20240129,10:22:14,2.8,50,224450
20240129,10:22:15,2.8,50,224450
20240129,10:22:16,2.8,50,224450
20240129,10:22:17,2.8,50,224450
20240129,10:22:18,2.8,50,224450
20240129,10:22:19,2.8,50,224450
20240129,10:22:20,2.8,50,224450
20240129,10:22:23,2.8,50,224450
20240129,10:22:27,2.8,50,224450
20240129,10:22:29,2.8,50,224450
20240129,10:22:31,2.8,50,224450
20240129,10:22:32,2.8,50,224450
20240129,10:22:33,2.8,100,224450
20240129,10:22:34,2.8,50,224450
20240129,10:22:35,2.8,50,224450
20240129,10:22:37,2.8,50,224450
20240129,10:22:38,2.8,50,224450
20240129,10:22:44,2.75,2000,224450
20240129,10:22:45,2.8,50,224450
20240129,10:22:46,2.8,50,224450
20240129,10:22:48,2.75,200,224450
20240129,10:22:49,2.8,50,224450
20240129,10:23:03,2.75,50,224450
20240129,10:23:35,2.75,600,228950
20240129,10:23:52,2.8,50,228950
