date,time,tick_price,volume,open_interest
20231213,14:55:05,22.0,50,50
20231214,10:37:08,10.45,1,50
20231214,10:37:08,10.45,50,50
20240103,14:52:04,1.95,1,50
20240103,14:52:04,1.95,50,50
20240103,15:03:10,1.9,50,100
20240103,15:24:04,1.75,100,100
20240103,15:26:14,1.75,100,100
20240103,15:28:00,1.75,100,200
20240104,10:08:18,1.65,1,300
20240104,10:08:18,1.65,50,300
20240104,10:09:10,1.65,50,300
20240104,10:14:32,1.65,50,350
20240104,10:26:53,1.7,200,400
20240104,10:37:02,1.7,50,300
20240104,10:57:40,1.75,50,350
20240104,11:43:05,1.75,100,300
20240104,12:28:28,1.55,50,400
20240104,12:47:52,1.65,50,450
20240104,12:47:57,1.65,50,400
20240104,12:48:23,1.65,50,400
20240104,13:55:30,1.45,50,350
20240104,14:06:55,1.4,50,350
20240104,14:12:19,1.4,50,400
20240104,14:12:23,1.4,50,400
20240104,14:12:32,1.4,50,400
20240104,14:13:19,1.35,50,400
20240104,14:14:26,1.3,50,400
20240104,14:20:13,1.3,50,450
20240104,14:41:06,1.3,100,450
20240104,15:00:31,1.3,50,450
20240104,15:01:44,1.3,100,450
20240104,15:12:12,1.35,50,500
20240104,15:19:13,1.4,50,450
20240104,15:19:47,1.4,50,450
20240104,15:19:56,1.4,100,450
20240104,15:20:15,1.4,100,450
20240104,15:21:33,1.45,100,300
20240104,15:22:08,1.5,50,300
20240104,15:28:35,1.5,200,300
20240105,09:15:04,1.45,1,350
20240105,09:15:04,1.45,50,350
20240105,09:15:10,1.5,200,350
20240105,09:15:15,1.2,4700,350
20240105,09:15:30,3.8,1000,350
20240105,09:15:37,2.1,100,350
20240105,09:15:40,1.25,50,350
20240105,09:15:42,1.25,500,350
20240105,09:15:56,1.25,100,350
20240105,09:15:58,1.25,50,350
20240105,09:16:03,1.25,900,350
20240105,09:16:04,1.25,100,350
20240105,09:16:19,1.25,300,350
20240105,09:16:20,1.25,200,350
20240105,09:16:25,1.25,100,350
20240105,09:16:50,1.3,50,350
20240105,09:16:52,1.3,2050,350
20240105,09:16:59,1.3,250,350
20240105,09:17:00,1.25,2150,350
20240105,09:17:01,1.25,350,350
20240105,09:17:02,1.25,150,350
20240105,09:17:05,1.3,2250,350
20240105,09:17:08,1.25,250,350
20240105,09:17:09,1.3,1200,350
20240105,09:17:12,1.3,1950,350
20240105,09:17:13,1.35,2000,350
20240105,09:17:14,1.3,3150,350
20240105,09:17:25,1.3,1900,15800
20240105,09:17:26,1.3,2250,15800
20240105,09:17:27,1.35,1100,15800
20240105,09:17:29,1.3,50,15800
20240105,09:17:34,1.3,250,15800
20240105,09:17:35,1.3,50,15800
20240105,09:17:37,1.3,350,15800
20240105,09:17:47,1.3,50,15800
20240105,09:17:53,1.3,850,15800
20240105,09:17:54,1.3,300,15800
20240105,09:18:44,1.3,1500,15800
20240105,09:19:38,1.25,300,15800
20240105,09:19:43,1.25,1000,15800
20240105,09:20:00,1.25,300,15800
20240105,09:20:07,1.3,50,15800
20240105,09:20:09,1.25,1000,15800
20240105,09:20:30,1.25,1800,15800
20240105,09:20:34,1.25,1800,20850
20240105,09:20:40,1.25,1800,20850
20240105,09:20:44,1.25,1250,20850
20240105,09:21:06,1.25,300,20850
20240105,09:21:08,1.25,100,20850
20240105,09:21:10,1.25,50,20850
20240105,09:21:18,1.25,50,20850
20240105,09:21:32,1.25,50,20850
20240105,09:22:25,1.25,950,20850
20240105,09:22:43,1.25,50,20850
20240105,09:23:07,1.2,100,20850
20240105,09:23:15,1.2,600,20850
20240105,09:23:19,1.2,100,25750
20240105,09:23:20,1.2,100,25750
20240105,09:23:21,1.2,100,25750
20240105,09:23:24,1.2,150,25750
20240105,09:23:25,1.15,6950,25750
20240105,09:23:26,1.15,150,25750
20240105,09:23:30,1.15,150,25750
20240105,09:23:34,1.15,100,25750
20240105,09:23:38,1.15,100,25750
20240105,09:23:59,1.15,100,25750
20240105,09:24:03,1.15,200,25750
20240105,09:24:11,1.15,200,25750
20240105,09:24:15,1.15,1550,25750
20240105,09:24:16,1.15,350,25750
20240105,09:24:18,1.15,50,25750
20240105,09:24:19,1.15,50,25750
20240105,09:24:22,1.15,50,25750
20240105,09:24:22,1.1,2150,25750
20240105,09:24:33,1.1,50,25750
20240105,09:24:51,1.15,150,25750
20240105,09:24:53,1.1,500,25750
20240105,09:25:02,1.1,50,25750
20240105,09:25:58,1.15,50,25750
20240105,09:26:21,1.15,250,24600
20240105,09:27:09,1.1,2250,24600
20240105,09:27:10,1.1,50,24600
20240105,09:27:12,1.1,50,24600
20240105,09:27:15,1.1,50,24600
20240105,09:27:22,1.1,50,24600
20240105,09:27:36,1.1,300,24600
20240105,09:27:37,1.1,250,24600
20240105,09:27:45,1.1,100,24600
20240105,09:27:50,1.05,500,24600
20240105,09:27:55,1.05,50,24600
20240105,09:28:00,1.0,1800,24600
20240105,09:28:05,1.0,50,24600
20240105,09:28:07,1.1,50,24600
20240105,09:28:09,1.05,1000,24600
20240105,09:28:11,1.0,150,24600
20240105,09:28:12,1.05,50,24600
20240105,09:28:14,1.05,100,24600
20240105,09:28:23,1.05,50,24600
20240105,09:28:32,1.05,50,24600
20240105,09:28:51,1.05,200,24600
20240105,09:28:51,1.05,100,24600
20240105,09:28:54,1.05,100,24600
20240105,09:29:00,1.05,50,24600
20240105,09:29:02,1.1,50,24600
20240105,09:29:14,1.05,250,24600
20240105,09:30:39,1.05,250,24700
20240105,09:30:52,1.05,150,24700
20240105,09:34:48,1.05,50,24700
20240105,09:35:06,1.05,50,24550
20240105,09:35:23,1.05,250,24550
20240105,09:36:12,1.0,50,24550
20240105,09:38:11,1.05,300,24550
20240105,09:38:46,1.05,50,24650
20240105,09:40:16,1.05,50,24650
20240105,09:40:20,1.0,100,24650
20240105,09:40:27,1.05,100,24650
20240105,09:41:25,1.0,100,24650
20240105,09:42:59,1.0,1800,24850
20240105,09:43:10,1.05,1200,24850
20240105,09:43:10,1.05,300,24850
20240105,09:43:11,1.05,4550,24850
20240105,09:43:20,1.05,2000,24850
20240105,09:43:28,1.0,1800,24850
20240105,09:43:31,1.05,300,24850
20240105,09:43:35,0.95,2350,24850
20240105,09:43:42,1.0,1800,24850
20240105,09:43:52,1.0,1850,24850
20240105,09:43:53,1.0,50,24850
20240105,09:43:54,1.0,150,24850
20240105,09:43:59,0.9,1800,24850
20240105,09:44:01,0.9,1050,24850
20240105,09:44:05,1.05,2550,24850
20240105,09:44:07,1.05,1850,24850
20240105,09:44:08,1.0,1750,24850
20240105,09:44:12,1.0,1250,24850
20240105,09:44:19,1.0,50,16350
20240105,09:44:20,1.0,300,16350
20240105,09:44:21,1.05,1850,16350
20240105,09:45:03,1.05,300,16350
20240105,09:45:07,1.05,400,16350
20240105,09:45:09,1.05,1800,16350
20240105,09:45:13,1.05,100,16350
20240105,09:50:30,1.05,950,16350
20240105,09:50:35,1.05,300,13650
20240105,09:50:40,1.05,250,13650
20240105,09:50:45,1.05,1850,13650
20240105,09:50:50,1.05,1900,13650
20240105,09:50:55,1.1,1800,13650
20240105,09:50:57,1.05,250,13650
20240105,09:51:00,1.1,50,13650
20240105,09:51:11,1.05,300,13650
20240105,09:51:38,1.05,200,13650
20240105,09:54:47,1.1,50,10200
20240105,10:00:07,1.1,250,10200
20240105,10:04:26,1.05,950,10250
20240105,10:04:27,1.05,50,10500
20240105,10:04:35,1.05,450,10500
20240105,10:05:45,1.05,50,10500
20240105,10:05:55,1.05,100,10350
20240105,10:07:29,1.05,1250,10350
20240105,10:07:48,1.05,50,10350
20240105,10:11:39,1.1,100,10350
20240105,10:11:40,1.1,100,10300
20240105,10:17:11,1.1,250,10300
20240105,10:18:29,1.05,250,10300
20240105,10:23:28,1.05,1800,10300
20240105,10:23:35,1.05,1800,10500
20240105,10:23:40,1.05,950,10500
20240105,10:24:10,1.05,50,10500
20240105,10:24:54,1.1,500,10500
20240105,10:27:03,1.05,50,10500
20240105,10:27:08,1.1,300,8050
20240105,10:27:09,1.05,50,8050
20240105,10:27:19,1.05,50,8050
20240105,10:27:31,1.05,50,8050
20240105,10:27:37,1.05,250,8050
20240105,10:27:44,1.05,50,8050
20240105,10:28:32,1.05,50,8050
20240105,10:30:01,1.1,1900,8300
20240105,10:31:07,1.05,1500,8300
20240105,10:31:09,1.05,100,8300
20240105,10:31:14,1.1,1800,8300
20240105,10:31:21,1.05,100,8300
20240105,10:34:46,1.1,200,7050
20240105,10:38:01,1.1,50,7050
20240105,10:38:19,1.1,1950,6850
20240105,10:38:19,1.15,1900,6850
20240105,10:38:28,1.1,250,5400
20240105,10:39:07,1.1,250,5400
20240105,10:40:28,1.15,100,5400
20240105,10:41:31,1.1,50,5400
20240105,10:42:51,1.1,50,6000
20240105,10:43:19,1.1,50,6000
20240105,10:43:43,1.15,300,6000
20240105,10:43:55,1.15,50,6000
20240105,10:44:25,1.1,250,6000
20240105,10:46:04,1.15,50,6650
20240105,10:46:56,1.1,50,6650
20240105,10:47:44,1.1,50,6700
20240105,10:48:33,1.15,50,6700
20240105,10:48:46,1.15,450,6700
20240105,10:50:07,1.1,600,6700
20240105,10:50:10,1.1,50,6700
20240105,10:50:36,1.1,50,7850
20240105,10:50:39,1.1,1650,7850
20240105,10:51:17,1.05,50,7850
20240105,10:51:54,1.05,100,7850
20240105,10:51:55,1.05,600,7850
20240105,10:51:57,1.05,50,7850
20240105,10:52:13,1.05,50,7850
20240105,10:52:23,1.0,400,7850
20240105,10:53:18,1.05,200,7850
20240105,10:54:03,1.05,250,9600
20240105,10:54:33,1.05,350,9600
20240105,10:55:04,1.05,250,9600
20240105,10:56:18,1.05,50,9600
20240105,10:56:48,1.0,200,8900
20240105,10:56:49,1.0,400,8900
20240105,10:56:59,1.0,1100,8900
20240105,10:59:08,0.95,50,8900
20240105,11:00:18,0.95,50,8900
20240105,11:00:30,0.95,200,10500
20240105,11:02:06,1.0,50,10500
20240105,11:05:13,1.0,50,10600
20240105,11:05:41,1.0,1000,10600
20240105,11:06:32,1.0,50,10550
20240105,11:06:33,1.0,50,10550
20240105,11:08:58,1.0,50,11350
20240105,11:09:45,1.0,50,11350
20240105,11:09:50,1.0,50,11350
20240105,11:10:36,1.0,50,11350
20240105,11:12:06,1.0,2600,11350
20240105,11:12:32,1.0,200,11350
20240105,11:12:34,1.0,200,11350
20240105,11:12:41,1.0,50,11350
20240105,11:12:45,1.0,250,11350
20240105,11:16:49,1.05,50,13050
20240105,11:17:41,1.05,50,13050
20240105,11:17:43,1.05,150,13050
20240105,11:17:46,1.05,800,13050
20240105,11:17:56,1.0,800,13050
20240105,11:17:59,1.0,100,13050
20240105,11:18:07,1.0,50,13050
20240105,11:18:37,1.0,50,13050
20240105,11:20:47,1.0,50,13050
20240105,11:22:19,1.0,700,13700
20240105,11:27:07,1.0,500,14000
20240105,11:30:19,1.0,1800,13850
20240105,11:36:04,1.05,500,13850
20240105,11:38:40,1.0,500,14650
20240105,11:39:34,1.0,50,14650
20240105,11:41:38,1.0,50,14650
20240105,11:44:01,1.05,50,14600
20240105,11:47:18,1.0,50,14600
20240105,11:48:09,1.0,50,14600
20240105,11:49:16,1.05,50,14600
20240105,11:52:01,1.0,250,14600
20240105,11:52:26,1.05,50,14600
20240105,11:53:32,1.05,50,14600
20240105,11:54:49,1.0,2400,14850
20240105,11:54:50,1.0,1150,14850
20240105,11:54:57,0.95,800,14850
20240105,11:54:58,1.0,4050,14850
20240105,11:55:27,1.0,50,14850
20240105,11:55:34,1.05,50,14850
20240105,11:56:31,1.0,50,14850
20240105,11:56:57,1.0,50,14850
20240105,11:57:23,1.0,50,19200
20240105,12:00:01,1.0,50,19300
20240105,12:03:38,1.0,250,19350
20240105,12:03:42,1.0,1400,19350
20240105,12:06:19,1.0,50,19350
20240105,12:08:25,1.0,250,17750
20240105,12:09:09,1.0,50,17750
20240105,12:09:35,1.0,250,17500
20240105,12:12:07,1.0,250,17500
20240105,12:14:58,1.0,400,17000
20240105,12:14:59,1.0,800,17000
20240105,12:15:00,1.0,850,17000
20240105,12:15:24,1.0,1850,17000
20240105,12:15:27,1.0,50,17000
20240105,12:15:38,1.0,1200,17000
20240105,12:16:12,1.0,50,17000
20240105,12:17:07,1.05,250,17000
20240105,12:18:07,1.05,600,20000
20240105,12:18:14,1.05,250,20000
20240105,12:18:37,1.05,600,20000
20240105,12:18:41,1.05,500,20000
20240105,12:19:14,1.05,2200,20000
20240105,12:19:16,1.05,400,20000
20240105,12:19:17,1.1,1800,20000
20240105,12:19:18,1.1,1800,20000
20240105,12:19:52,1.1,400,20000
20240105,12:20:06,1.1,500,20000
20240105,12:20:07,1.1,300,20000
20240105,12:20:26,1.15,1200,20000
20240105,12:20:27,1.2,750,20000
20240105,12:20:29,1.2,200,20000
20240105,12:20:29,1.2,250,20000
20240105,12:20:30,1.2,100,20000
20240105,12:20:32,1.2,350,20000
20240105,12:20:40,1.25,50,20000
20240105,12:20:45,1.2,50,21900
20240105,12:20:46,1.25,50,21900
20240105,12:20:54,1.25,1850,21900
20240105,12:21:45,1.25,50,21900
20240105,12:23:13,1.25,1800,21900
20240105,12:23:30,1.2,250,21900
20240105,12:23:36,1.2,250,21900
20240105,12:23:40,1.2,350,21900
20240105,12:23:51,1.2,200,21900
20240105,12:24:18,1.2,1800,24450
20240105,12:24:25,1.2,200,24450
20240105,12:24:26,1.25,1800,24450
20240105,12:24:32,1.2,100,24450
20240105,12:24:53,1.2,100,24450
20240105,12:25:54,1.2,50,24450
20240105,12:25:55,1.25,1800,24450
20240105,12:25:57,1.25,1800,24450
20240105,12:26:09,1.25,150,24450
20240105,12:26:13,1.25,1800,24450
20240105,12:26:18,1.2,500,24450
20240105,12:27:00,1.2,500,33400
20240105,12:27:34,1.2,50,33400
20240105,12:28:43,1.2,100,33400
20240105,12:29:20,1.25,850,33400
20240105,12:31:34,1.2,1800,33400
20240105,12:34:41,1.2,3400,34400
20240105,12:34:42,1.2,200,34400
20240105,12:34:45,1.2,300,34400
20240105,12:35:10,1.2,500,34400
20240105,12:36:43,1.2,100,34400
20240105,12:39:47,1.2,50,34650
20240105,12:40:49,1.25,100,34650
20240105,12:42:00,1.2,50,34650
20240105,12:42:05,1.2,1200,34650
20240105,12:42:05,1.2,1600,34650
20240105,12:42:06,1.2,2800,34650
20240105,12:42:10,1.2,250,34650
20240105,12:42:18,1.15,50,34650
20240105,12:42:36,1.15,2400,34650
20240105,12:42:39,1.15,150,34650
20240105,12:47:59,1.15,1000,34650
20240105,12:48:08,1.1,300,38500
20240105,12:48:17,1.15,200,38500
20240105,12:48:18,1.1,200,38500
20240105,12:48:34,1.1,200,38500
20240105,12:48:46,1.1,50,38500
20240105,12:49:29,1.1,200,38500
20240105,12:50:40,1.1,50,38500
20240105,12:52:18,1.1,600,40250
20240105,12:52:18,1.1,400,40250
20240105,12:52:21,1.1,600,40250
20240105,12:52:21,1.1,400,40250
20240105,12:52:25,1.1,200,40250
20240105,12:52:25,1.1,800,40250
20240105,12:52:38,1.15,50,40250
20240105,12:52:38,1.2,400,40250
20240105,12:52:39,1.2,2400,40250
20240105,12:52:40,1.2,2200,40250
20240105,12:52:49,1.15,50,40250
20240105,12:52:58,1.15,50,40250
20240105,12:53:01,1.15,50,40250
20240105,12:53:08,1.15,50,40250
20240105,12:53:16,1.15,100,40250
20240105,12:54:23,1.15,50,40250
20240105,12:55:30,1.15,1800,38150
20240105,12:55:36,1.15,300,38150
20240105,12:55:37,1.15,100,38150
20240105,12:57:23,1.15,400,39750
20240105,12:57:43,1.15,1800,39750
20240105,13:00:01,1.15,250,38000
20240105,13:00:04,1.15,100,38000
20240105,13:00:07,1.15,250,38000
20240105,13:02:25,1.1,50,38000
20240105,13:06:09,1.1,50,38000
20240105,13:24:05,1.15,50,37300
20240105,13:27:08,1.15,1700,37300
20240105,13:27:17,1.15,2400,37300
20240105,13:34:45,1.1,350,37300
20240105,13:44:34,1.1,300,36350
20240105,13:45:10,1.1,300,36650
20240105,13:45:54,1.1,350,36650
20240105,13:48:53,1.1,1250,37300
20240105,13:53:10,1.1,1800,37300
20240105,13:53:13,1.1,2050,38150
20240105,13:53:15,1.1,100,38150
20240105,13:53:17,1.1,50,38150
20240105,13:53:18,1.1,50,38150
20240105,13:53:20,1.1,250,38150
20240105,13:56:11,1.1,300,39950
20240105,13:56:37,1.1,250,39950
20240105,13:56:51,1.1,450,39950
20240105,13:59:06,1.1,250,39100
20240105,14:00:49,1.1,850,38850
20240105,14:03:24,1.05,3600,38000
20240105,14:04:43,1.05,5300,38000
20240105,14:04:44,1.05,850,38000
20240105,14:06:17,1.05,50,35750
20240105,14:07:02,1.05,2900,35750
20240105,14:07:03,1.05,2450,35750
20240105,14:07:07,1.05,50,35750
20240105,14:07:09,1.05,50,35750
20240105,14:07:32,1.05,250,35750
20240105,14:12:14,1.05,250,33350
20240105,14:13:03,1.0,1800,33350
20240105,14:13:51,1.05,250,33350
20240105,14:14:03,1.0,4050,33350
20240105,14:14:04,1.0,1650,33350
20240105,14:14:05,1.0,250,33350
20240105,14:14:06,1.0,200,33350
20240105,14:14:19,1.0,50,33350
20240105,14:14:31,0.95,9400,33350
20240105,14:14:32,0.95,50,33350
20240105,14:14:33,0.95,50,33350
20240105,14:14:34,0.95,50,33350
20240105,14:14:35,0.95,50,33350
20240105,14:14:36,0.95,100,33350
20240105,14:15:02,0.95,50,25000
20240105,14:15:03,0.95,50,25000
20240105,14:15:04,0.9,3600,25000
20240105,14:15:09,0.95,2050,25000
20240105,14:15:35,0.95,200,25000
20240105,14:15:36,0.95,2400,25000
20240105,14:15:37,0.95,1400,25000
20240105,14:16:02,0.9,1000,25000
20240105,14:16:17,0.95,50,25000
20240105,14:16:18,0.95,1000,25000
20240105,14:16:22,0.95,400,25000
20240105,14:16:22,0.95,600,25000
20240105,14:17:52,0.9,1800,25000
20240105,14:18:12,0.9,50,19600
20240105,14:19:44,0.9,250,19600
20240105,14:20:38,0.9,250,19600
20240105,14:20:50,0.9,250,19600
20240105,14:20:56,0.9,250,19600
20240105,14:22:53,0.9,250,19900
20240105,14:22:57,0.9,250,19900
20240105,14:23:42,0.9,300,19900
20240105,14:24:53,0.9,250,20150
20240105,14:25:20,0.9,250,20150
20240105,14:25:33,0.9,250,20150
20240105,14:25:45,0.9,300,20150
20240105,14:27:36,0.85,50,20150
20240105,14:29:47,0.85,850,20150
20240105,14:29:47,0.85,100,20150
20240105,14:29:53,0.85,50,20150
20240105,14:30:13,0.85,50,20150
20240105,14:30:34,0.85,50,20150
20240105,14:30:40,0.85,50,20150
20240105,14:30:40,0.85,100,20150
20240105,14:32:32,0.85,200,20150
20240105,14:32:33,0.85,50,20150
20240105,14:34:25,0.85,400,20150
20240105,14:34:26,0.9,1800,19900
20240105,14:34:27,0.9,2400,19900
20240105,14:34:28,0.9,2350,19900
20240105,14:34:34,0.9,50,19900
20240105,14:34:35,0.95,200,19900
20240105,14:35:00,0.85,150,19900
20240105,14:35:01,0.95,200,19900
20240105,14:35:11,0.95,400,19900
20240105,14:35:13,0.95,200,19900
20240105,14:35:14,0.95,200,19900
20240105,14:35:31,0.9,50,19900
20240105,14:35:38,0.9,50,19900
20240105,14:35:42,0.9,50,19900
20240105,14:38:08,0.95,50,19900
20240105,14:40:17,0.95,200,13950
20240105,14:40:18,0.95,2400,13950
20240105,14:40:19,0.95,2000,13950
20240105,14:40:20,0.95,1050,13950
20240105,14:40:23,0.95,50,13950
20240105,14:40:24,0.95,50,13950
20240105,14:40:27,1.0,1150,13950
20240105,14:40:31,1.0,200,13950
20240105,14:44:01,0.95,50,8950
20240105,14:44:02,0.95,50,8950
20240105,14:45:54,0.9,100,8950
20240105,14:46:00,0.9,50,8950
20240105,14:49:55,0.95,250,8950
20240105,14:49:57,0.95,50,8950
20240105,14:50:02,0.95,300,8950
20240105,14:50:05,0.95,200,8950
20240105,14:50:07,1.0,400,8950
20240105,14:50:21,1.0,50,8950
20240105,14:50:35,1.0,50,8950
20240105,14:51:45,1.0,950,8950
20240105,14:52:36,1.0,500,8950
20240105,14:52:37,1.0,1000,8950
20240105,14:53:15,1.05,2750,8950
20240105,14:53:16,1.05,250,8950
20240105,14:53:24,1.05,2750,8950
20240105,14:53:30,1.0,50,8950
20240105,14:53:33,1.0,100,8950
20240105,14:53:41,1.0,100,8950
20240105,14:54:50,1.0,100,12200
20240105,14:54:57,1.05,1800,12200
20240105,14:55:21,1.05,550,12200
20240105,14:55:22,1.05,1700,12200
20240105,14:55:23,1.1,1800,12200
20240105,14:55:24,1.05,250,12200
20240105,14:55:34,1.05,1850,12200
20240105,14:55:35,1.05,50,12200
20240105,14:55:54,1.1,750,12200
20240105,14:55:55,1.15,1800,12200
20240105,14:55:56,1.15,1850,12200
20240105,14:55:57,1.15,1800,12200
20240105,14:55:58,1.1,50,12200
20240105,14:56:01,1.1,50,12200
20240105,14:56:06,1.1,2400,12200
20240105,14:56:09,1.1,50,12200
20240105,14:56:33,1.15,2300,12200
20240105,14:56:34,1.15,200,12200
20240105,14:56:35,1.15,1950,12200
20240105,14:57:04,1.15,300,12200
20240105,14:57:08,1.15,100,12200
20240105,14:57:09,1.15,150,27050
20240105,14:57:16,1.15,50,27050
20240105,14:57:33,1.15,50,27050
20240105,14:57:47,1.15,2250,27050
20240105,14:57:48,1.1,800,27050
20240105,14:58:17,1.1,50,27050
20240105,14:58:42,1.1,800,27050
20240105,14:58:44,1.1,250,27050
20240105,14:58:49,1.1,100,27050
20240105,14:59:08,1.1,50,27050
20240105,14:59:13,1.1,250,27050
20240105,14:59:35,1.05,400,27050
20240105,14:59:40,1.05,1500,27050
20240105,14:59:41,1.1,50,27050
20240105,14:59:54,1.1,50,27050
20240105,15:00:03,1.05,250,27050
20240105,15:00:13,1.1,50,27050
20240105,15:00:14,1.1,50,25350
20240105,15:00:15,1.1,250,25350
20240105,15:00:16,1.1,50,25350
20240105,15:00:18,1.1,300,25350
20240105,15:00:19,1.1,50,25350
20240105,15:00:20,1.1,50,25350
20240105,15:00:27,1.1,50,25350
20240105,15:00:28,1.1,50,25350
20240105,15:00:33,1.1,250,25350
20240105,15:02:23,1.15,1350,25350
20240105,15:02:24,1.15,150,25350
20240105,15:02:25,1.15,50,25350
20240105,15:02:27,1.15,50,25350
20240105,15:02:28,1.15,100,25350
20240105,15:02:34,1.2,1800,25350
20240105,15:03:33,1.2,50,25350
20240105,15:05:05,1.2,300,28200
20240105,15:05:05,1.2,250,28200
20240105,15:05:07,1.2,300,28200
20240105,15:05:09,1.2,300,28200
20240105,15:05:28,1.25,2450,28200
20240105,15:05:29,1.25,450,28200
20240105,15:05:31,1.25,500,28200
20240105,15:05:31,1.25,50,28200
20240105,15:05:37,1.25,2100,28200
20240105,15:06:28,1.2,1700,30450
20240105,15:08:09,1.15,300,30450
20240105,15:08:27,1.25,1000,30450
20240105,15:08:28,1.2,100,30450
20240105,15:08:29,1.2,50,30450
20240105,15:08:32,1.25,800,30450
20240105,15:08:33,1.25,250,30450
20240105,15:08:49,1.25,50,30450
20240105,15:09:00,1.25,50,30450
20240105,15:09:18,1.2,50,30450
20240105,15:09:19,1.2,50,30350
20240105,15:10:01,1.2,900,30350
20240105,15:10:21,1.2,500,30350
20240105,15:10:28,1.15,6500,30350
20240105,15:10:32,1.15,750,30350
20240105,15:10:34,1.15,150,30350
20240105,15:10:51,1.15,350,30350
20240105,15:10:52,1.15,50,30350
20240105,15:10:53,1.1,100,30350
20240105,15:10:55,1.15,50,30350
20240105,15:11:03,1.15,50,30350
20240105,15:11:05,1.15,100,30350
20240105,15:11:13,1.1,50,30350
20240105,15:11:21,1.1,50,30350
20240105,15:11:29,1.1,50,30350
20240105,15:11:37,1.1,600,30350
20240105,15:11:40,1.1,50,30350
20240105,15:12:05,1.1,1050,30350
20240105,15:12:06,1.1,50,30350
20240105,15:12:48,1.1,250,30350
20240105,15:13:13,1.1,500,34550
20240105,15:13:21,1.1,500,34550
20240105,15:13:23,1.1,250,34550
20240105,15:13:24,1.1,1000,34550
20240105,15:13:37,1.2,1500,34550
20240105,15:13:44,1.1,3600,34550
20240105,15:13:47,1.05,200,34550
20240105,15:13:47,1.1,50,34550
20240105,15:13:49,1.1,100,34550
20240105,15:14:16,1.15,50,34550
20240105,15:14:17,1.1,600,34550
20240105,15:14:19,1.1,100,34550
20240105,15:14:40,1.1,250,34550
20240105,15:14:42,1.1,200,34550
20240105,15:14:54,1.1,50,34550
20240105,15:15:01,1.05,150,34550
20240105,15:15:13,1.05,700,34550
20240105,15:15:14,1.1,50,36650
20240105,15:15:15,1.1,250,36650
20240105,15:15:17,1.1,300,36650
20240105,15:16:05,1.0,100,36650
20240105,15:16:06,1.05,250,36650
20240105,15:16:29,1.05,50,36650
20240105,15:16:43,1.0,750,36650
20240105,15:17:06,1.0,1250,36650
20240105,15:17:08,1.0,950,36650
20240105,15:17:25,1.0,650,36650
20240105,15:18:10,0.95,650,37200
20240105,15:18:11,0.95,150,37200
20240105,15:20:00,0.95,300,37200
20240105,15:20:32,0.95,1500,37200
20240105,15:20:54,0.95,1850,37200
20240105,15:20:55,0.95,50,37200
20240105,15:20:56,0.95,50,37200
20240105,15:20:58,0.95,50,37200
20240105,15:21:03,0.95,50,37200
20240105,15:21:10,0.9,50,39300
20240105,15:21:28,0.95,250,39300
20240105,15:21:43,0.95,250,39300
20240105,15:21:46,0.9,600,39300
20240105,15:22:17,0.85,50,39300
20240105,15:22:58,0.95,250,39300
20240105,15:24:03,0.9,100,39300
20240105,15:24:11,0.85,1800,39300
20240105,15:24:11,0.9,6050,39350
20240105,15:24:12,0.85,1400,39350
20240105,15:24:19,0.9,50,39350
20240105,15:24:22,0.9,300,39350
20240105,15:24:52,0.9,50,39350
20240105,15:24:55,0.9,300,39350
20240105,15:24:57,0.9,250,39350
20240105,15:24:58,0.9,150,39350
20240105,15:25:26,0.95,500,39350
20240105,15:25:45,0.85,250,39350
20240105,15:25:51,1.0,200,39350
20240105,15:25:57,0.95,1100,39350
20240105,15:26:04,0.95,50,39350
20240105,15:26:26,1.0,1500,39350
20240105,15:27:08,0.95,100,39350
20240105,15:27:09,0.95,400,30900
20240105,15:27:36,0.95,1050,30900
20240105,15:27:46,0.95,50,30900
20240105,15:28:04,0.95,50,30900
20240105,15:28:06,0.95,50,30900
20240105,15:28:10,0.9,400,30900
20240105,15:28:10,0.95,100,30900
20240105,15:28:12,0.95,50,30900
20240105,15:28:26,0.95,50,30900
20240105,15:28:39,0.9,1600,30900
20240105,15:28:41,0.95,50,30900
20240105,15:28:49,0.9,450,30900
20240105,15:29:00,0.95,700,30900
20240105,15:29:07,0.95,550,30900
20240105,15:29:09,0.9,300,30900
20240105,15:29:20,0.95,400,30900
20240105,15:29:25,0.95,200,30900
20240105,15:29:30,0.95,50,30900
20240105,15:29:36,0.9,50,30900
20240105,15:29:37,0.9,50,30900
20240105,15:29:39,1.0,350,30900
20240105,15:29:46,0.85,50,30900
20240108,09:15:03,1.05,1,27500
20240108,09:15:03,1.05,500,27500
20240108,09:15:04,0.75,100,27500
20240108,09:15:06,1.1,150,27500
20240108,09:15:33,1.6,500,27500
20240108,09:15:35,1.6,1700,27500
20240108,09:16:06,0.9,400,27500
20240108,09:16:34,0.95,150,27500
20240108,09:16:41,1.0,500,27500
20240108,09:16:48,0.95,250,27500
20240108,09:16:50,0.95,100,27500
20240108,09:16:52,0.95,50,27500
20240108,09:16:56,0.95,50,27500
20240108,09:17:32,1.0,250,27500
20240108,09:17:35,1.0,250,27700
20240108,09:17:50,1.05,100,27700
20240108,09:17:50,1.05,1000,27700
20240108,09:17:56,1.05,1900,27700
20240108,09:17:57,1.05,400,27700
20240108,09:18:00,1.05,150,27700
20240108,09:18:01,1.05,350,27700
20240108,09:18:02,1.05,600,27700
20240108,09:18:05,1.05,50,27700
20240108,09:18:13,1.05,50,27700
20240108,09:18:23,1.05,150,27700
20240108,09:18:36,1.05,100,27700
20240108,09:20:48,1.0,350,27700
20240108,09:20:58,1.0,350,27650
20240108,09:21:07,1.0,250,27650
20240108,09:21:24,1.05,50,27650
20240108,09:21:27,1.05,200,27650
20240108,09:21:32,1.05,50,27650
20240108,09:21:33,1.0,250,27650
20240108,09:21:37,1.05,50,27650
20240108,09:21:42,1.05,50,27650
20240108,09:21:43,1.05,50,27650
20240108,09:21:47,1.05,50,27650
20240108,09:21:53,1.05,50,27650
20240108,09:21:56,1.05,700,27650
20240108,09:21:57,1.05,100,27650
20240108,09:22:08,1.1,50,27650
20240108,09:22:10,1.1,50,27650
20240108,09:22:27,1.05,50,27650
20240108,09:22:44,1.05,50,27650
20240108,09:23:14,1.05,350,27650
20240108,09:23:22,1.05,50,28000
20240108,09:23:27,1.05,50,28000
20240108,09:23:58,1.1,700,28000
20240108,09:24:47,1.1,150,28000
20240108,09:24:54,1.05,250,28000
20240108,09:25:03,1.1,250,28000
20240108,09:26:04,1.1,50,28000
20240108,09:27:15,1.1,50,28000
20240108,09:27:30,1.1,950,28350
20240108,09:28:50,1.1,50,28350
20240108,09:29:11,1.1,50,28350
20240108,09:30:03,1.05,250,28400
20240108,09:30:20,1.1,50,28400
20240108,09:30:31,1.1,250,28400
20240108,09:30:57,1.1,50,28400
20240108,09:30:58,1.05,250,28400
20240108,09:31:04,1.05,250,28400
20240108,09:31:18,1.05,1150,28400
20240108,09:31:21,1.05,100,28400
20240108,09:31:53,1.05,100,28400
20240108,09:31:57,1.05,150,28400
20240108,09:32:02,1.05,200,28400
20240108,09:32:26,1.0,50,28400
20240108,09:33:24,1.05,50,28750
20240108,09:33:51,1.0,500,28750
20240108,09:33:55,1.05,1850,28750
20240108,09:34:19,1.1,50,28750
20240108,09:34:21,1.05,50,28750
20240108,09:34:32,1.05,50,28750
20240108,09:34:44,1.05,50,28750
20240108,09:35:06,1.05,50,28750
20240108,09:35:30,1.05,50,28750
20240108,09:36:02,1.05,200,31300
20240108,09:36:07,1.05,50,31300
20240108,09:37:09,1.0,50,31300
20240108,09:37:15,1.05,50,31300
20240108,09:37:35,1.0,200,31300
20240108,09:38:18,1.0,1800,31300
20240108,09:38:35,1.0,700,31300
20240108,09:38:38,1.0,50,33300
20240108,09:39:00,1.05,50,33300
20240108,09:40:33,1.0,550,33300
20240108,09:40:43,1.0,300,33300
20240108,09:41:03,0.95,100,33300
20240108,09:41:29,1.0,50,34500
20240108,09:41:36,1.0,50,34500
20240108,09:41:50,1.0,50,34500
20240108,09:42:04,0.95,250,34500
20240108,09:42:55,0.95,50,34500
20240108,09:43:06,0.95,50,34500
20240108,09:43:36,0.95,550,34500
20240108,09:43:40,0.95,50,34500
20240108,09:43:42,0.9,50,34500
20240108,09:43:47,0.95,250,34500
20240108,09:45:10,0.95,50,35000
20240108,09:45:46,0.95,50,35000
20240108,09:45:55,0.9,50,35000
20240108,09:46:34,0.9,50,35000
20240108,09:47:01,0.9,50,35000
20240108,09:48:26,1.0,500,34900
20240108,09:50:04,0.9,150,34900
20240108,09:54:46,0.9,500,34900
20240108,09:56:59,1.0,50,34600
20240108,09:57:09,0.9,50,34600
20240108,10:03:59,0.95,50,34600
20240108,10:04:05,0.95,50,34600
20240108,10:04:20,1.0,150,34600
20240108,10:06:23,1.0,50,34600
20240108,10:06:40,0.95,50,34600
20240108,10:09:04,0.95,750,34600
20240108,10:10:27,0.9,1500,34600
20240108,10:10:28,0.95,350,34600
20240108,10:10:44,1.0,800,34600
20240108,10:10:46,1.0,100,34600
20240108,10:10:50,1.0,550,34600
20240108,10:13:45,1.0,500,33600
20240108,10:13:50,1.0,50,33600
20240108,10:13:55,1.0,300,33600
20240108,10:14:02,1.0,50,33600
20240108,10:14:11,1.0,300,33600
20240108,10:14:33,1.05,50,32950
20240108,10:14:36,1.05,1350,32950
20240108,10:14:37,1.05,250,32950
20240108,10:15:48,1.0,100,32950
20240108,10:16:19,1.05,700,32950
20240108,10:16:42,1.1,550,32950
20240108,10:16:47,1.05,50,32950
20240108,10:16:49,1.05,400,32950
20240108,10:18:54,1.05,900,33800
20240108,10:20:03,1.0,150,33800
20240108,10:20:05,1.0,750,33800
20240108,10:20:51,1.0,250,33950
20240108,10:20:54,1.0,350,33950
20240108,10:20:57,1.05,250,33950
20240108,10:20:59,1.0,800,33950
20240108,10:21:00,1.0,50,33950
20240108,10:21:16,1.0,50,33950
20240108,10:21:18,1.0,50,33950
20240108,10:21:19,1.0,50,33950
20240108,10:21:41,1.0,100,33950
20240108,10:22:00,1.05,300,33950
20240108,10:22:28,1.0,250,33950
20240108,10:23:15,1.05,500,33950
20240108,10:24:17,1.0,450,34350
20240108,10:25:20,1.0,250,34350
20240108,10:25:34,1.0,200,34350
20240108,10:30:19,1.05,850,34950
20240108,10:30:21,1.05,200,34950
20240108,10:30:24,1.05,50,34950
20240108,10:30:26,1.05,50,34950
20240108,10:30:32,1.05,50,34950
20240108,10:31:09,1.05,600,34950
20240108,10:31:27,1.05,250,34950
20240108,10:31:40,1.05,1800,34950
20240108,10:31:41,1.05,750,34950
20240108,10:31:42,1.05,100,34950
20240108,10:31:48,1.05,50,34950
20240108,10:32:15,1.1,50,34950
20240108,10:32:16,1.05,50,34950
20240108,10:32:17,1.05,50,34950
20240108,10:32:23,1.1,50,34950
20240108,10:32:35,1.05,350,36650
20240108,10:32:53,1.1,50,36650
20240108,10:33:10,1.1,200,36650
20240108,10:33:24,1.1,4250,36650
20240108,10:33:30,1.1,350,36650
20240108,10:33:31,1.1,650,36650
20240108,10:33:33,1.1,200,36650
20240108,10:33:36,1.1,50,36650
20240108,10:33:40,1.1,50,36650
20240108,10:33:45,1.1,50,36650
20240108,10:33:46,1.1,50,36650
20240108,10:33:49,1.1,50,36650
20240108,10:33:51,1.1,200,36650
20240108,10:33:54,1.1,50,36650
20240108,10:34:12,1.15,50,36650
20240108,10:34:18,1.15,1800,36650
20240108,10:34:23,1.15,1150,36650
20240108,10:34:26,1.15,50,36650
20240108,10:34:27,1.15,50,36650
20240108,10:34:32,1.15,50,36650
20240108,10:35:24,1.2,1700,36650
20240108,10:35:25,1.2,50,36650
20240108,10:36:06,1.2,50,36650
20240108,10:36:15,1.2,1800,34850
20240108,10:37:59,1.15,50,34850
20240108,10:39:40,1.2,3600,36700
20240108,10:40:06,1.2,50,36700
20240108,10:40:23,1.15,1550,36700
20240108,10:40:43,1.2,100,36700
20240108,10:40:51,1.15,100,36700
20240108,10:41:00,1.15,950,36700
20240108,10:41:09,1.15,50,36700
20240108,10:41:28,1.2,50,36700
20240108,10:41:38,1.15,1250,40750
20240108,10:43:52,1.1,100,40750
20240108,10:43:53,1.1,250,40750
20240108,10:44:46,1.1,1350,41100
20240108,10:45:03,1.1,700,41100
20240108,10:45:11,1.1,100,41100
20240108,10:45:13,1.1,500,41100
20240108,10:45:20,1.1,50,41100
20240108,10:45:27,1.15,50,41100
20240108,10:45:28,1.1,800,41100
20240108,10:45:31,1.1,50,41100
20240108,10:46:01,1.1,50,41100
20240108,10:46:31,1.1,50,41100
20240108,10:48:35,1.1,50,41250
20240108,10:49:29,1.05,50,41250
20240108,10:50:05,1.05,600,41250
20240108,10:50:07,1.05,250,41250
20240108,10:50:45,1.05,50,41500
20240108,10:50:54,1.05,400,41500
20240108,10:50:55,1.05,50,41500
20240108,10:51:21,1.0,2200,41500
20240108,10:51:49,1.0,300,41500
20240108,10:51:55,1.0,50,41500
20240108,10:51:56,1.0,50,41500
20240108,10:52:27,1.05,50,41500
20240108,10:52:30,1.05,100,41500
20240108,10:52:33,1.05,100,41500
20240108,10:53:14,1.05,200,41500
20240108,10:53:29,1.0,300,41500
20240108,10:53:34,1.0,50,41500
20240108,10:54:31,0.95,600,41750
20240108,10:54:41,0.95,50,41750
20240108,10:54:54,0.95,50,41750
20240108,10:55:05,0.95,300,41750
20240108,10:55:06,0.95,650,41750
20240108,10:55:08,0.95,50,41750
20240108,10:55:48,0.9,300,41750
20240108,10:56:48,0.9,50,41750
20240108,10:56:53,0.95,50,41600
20240108,10:58:00,0.9,250,41600
20240108,10:58:07,0.9,250,41600
20240108,10:59:21,0.9,250,41600
20240108,10:59:28,0.9,250,41600
20240108,10:59:31,0.9,250,41600
20240108,10:59:40,0.9,50,41600
20240108,10:59:48,0.9,1050,42750
20240108,11:00:13,0.9,50,42750
20240108,11:02:59,0.9,150,42400
20240108,11:03:00,0.9,50,42400
20240108,11:03:01,0.9,50,42400
20240108,11:03:15,0.9,50,42400
20240108,11:03:23,0.85,100,42400
20240108,11:03:41,0.9,50,42400
20240108,11:03:43,0.9,50,42400
20240108,11:07:05,0.9,250,42300
20240108,11:07:07,0.9,250,42300
20240108,11:07:08,0.85,300,42300
20240108,11:07:09,0.9,50,42300
20240108,11:07:10,0.9,300,42300
20240108,11:07:17,0.9,200,42300
20240108,11:08:28,0.9,250,42300
20240108,11:08:29,0.9,250,42300
20240108,11:08:30,0.9,250,42300
20240108,11:08:31,0.9,250,42300
20240108,11:08:32,0.9,300,42300
20240108,11:09:10,0.85,250,42300
20240108,11:09:16,0.85,350,42400
20240108,11:09:20,0.85,200,42400
20240108,11:09:20,0.85,50,42400
20240108,11:09:26,0.85,300,42400
20240108,11:09:35,0.85,300,42400
20240108,11:09:52,0.85,300,42400
20240108,11:09:54,0.85,250,42400
20240108,11:10:04,0.85,700,42400
20240108,11:10:05,0.85,350,42400
20240108,11:10:10,0.85,1000,42400
20240108,11:10:11,0.85,50,42400
20240108,11:10:36,0.85,400,42400
20240108,11:11:45,0.85,200,41550
20240108,11:11:51,0.8,250,41550
20240108,11:15:13,0.85,400,41850
20240108,11:15:14,0.85,150,41850
20240108,11:17:12,0.85,50,41850
20240108,11:19:40,0.8,200,41350
20240108,11:20:41,0.8,100,41350
20240108,11:22:10,0.85,500,41250
20240108,11:27:19,0.85,150,41250
20240108,11:30:29,0.85,150,40800
20240108,11:30:59,0.9,150,40650
20240108,11:31:01,0.9,50,40650
20240108,11:31:04,0.85,50,40650
20240108,11:31:07,0.85,100,40650
20240108,11:31:10,0.9,50,40650
20240108,11:31:12,0.9,50,40650
20240108,11:31:44,0.8,50,40650
20240108,11:32:27,0.85,700,40650
20240108,11:32:28,0.85,100,40650
20240108,11:32:36,0.85,100,40650
20240108,11:32:55,0.85,50,40650
20240108,11:33:07,0.85,50,40500
20240108,11:33:09,0.85,50,40500
20240108,11:33:10,0.85,50,40500
20240108,11:33:11,0.85,50,40500
20240108,11:33:12,0.85,50,40500
20240108,11:33:13,0.85,50,40500
20240108,11:33:15,0.85,50,40500
20240108,11:34:10,0.9,200,40500
20240108,11:34:15,0.9,100,40500
20240108,11:34:45,0.9,100,40500
20240108,11:36:29,0.9,150,40200
20240108,11:36:37,0.9,50,40200
20240108,11:36:38,0.9,100,40200
20240108,11:36:39,0.9,300,40200
20240108,11:36:40,0.9,50,40200
20240108,11:37:09,0.9,50,40200
20240108,11:37:28,0.95,1800,40200
20240108,11:42:18,0.95,50,41300
20240108,11:42:19,0.95,50,41300
20240108,11:42:29,0.95,100,41300
20240108,11:42:50,0.9,50,41300
20240108,11:44:28,0.95,750,41300
20240108,11:44:29,1.0,2350,41300
20240108,11:44:38,1.0,2500,41300
20240108,11:44:51,1.0,1750,41300
20240108,11:45:37,1.0,2400,45200
20240108,11:45:44,1.05,1800,45200
20240108,11:45:45,1.0,250,45200
20240108,11:45:48,1.0,2200,45200
20240108,11:45:55,1.0,50,45200
20240108,11:46:17,1.0,50,45200
20240108,11:46:45,1.0,50,45200
20240108,11:49:12,0.95,500,45200
20240108,11:50:13,0.95,100,50550
20240108,11:51:11,1.0,50,51150
20240108,11:51:27,1.0,50,51150
20240108,11:51:34,1.0,50,51150
20240108,11:52:25,1.0,150,51150
20240108,11:52:49,0.95,150,51150
20240108,11:52:59,0.95,1000,51150
20240108,11:53:00,0.95,300,51150
20240108,11:53:00,0.95,50,51150
20240108,11:53:42,0.9,150,51900
20240108,11:54:12,0.9,2300,51900
20240108,11:54:54,0.9,50,51900
20240108,11:54:55,0.9,50,51900
20240108,11:55:09,0.85,50,51900
20240108,11:55:29,0.85,350,51900
20240108,11:56:01,0.9,1750,51900
20240108,11:56:38,0.85,150,51900
20240108,11:56:39,0.85,100,51900
20240108,11:56:54,0.85,500,50650
20240108,11:57:02,0.8,1750,50650
20240108,11:57:07,0.8,750,50650
20240108,11:57:27,0.85,100,50650
20240108,11:57:54,0.8,2100,50650
20240108,11:57:55,0.8,2550,50650
20240108,11:57:58,0.8,1450,50650
20240108,11:57:59,0.8,2000,50650
20240108,11:58:02,0.8,1250,50650
20240108,11:58:13,0.8,50,50650
20240108,11:58:21,0.8,1300,50650
20240108,11:58:40,0.8,750,50650
20240108,11:59:11,0.8,1550,50650
20240108,11:59:22,0.8,100,50650
20240108,11:59:27,0.8,50,50650
20240108,11:59:49,0.8,50,50650
20240108,12:00:40,0.8,300,43900
20240108,12:01:45,0.8,350,43900
20240108,12:03:17,0.8,600,43900
20240108,12:04:42,0.85,250,43650
20240108,12:07:32,0.8,50,43650
20240108,12:11:16,0.75,50,43100
20240108,12:11:41,0.85,50,43100
20240108,12:12:28,0.8,100,43100
20240108,12:12:54,0.8,450,43100
20240108,12:15:07,0.8,50,43550
20240108,12:16:40,0.85,100,43550
20240108,12:16:41,0.8,50,43550
20240108,12:22:54,0.8,400,43500
20240108,12:22:57,0.8,150,43500
20240108,12:28:21,0.85,50,43500
20240108,12:30:22,0.75,50,43600
20240108,12:30:27,0.75,300,43650
20240108,12:30:29,0.8,50,43650
20240108,12:30:32,0.8,50,43650
20240108,12:30:49,0.8,50,43650
20240108,12:33:25,0.8,300,43650
20240108,12:33:35,0.8,200,43350
20240108,12:33:37,0.8,50,43350
20240108,12:36:22,0.85,600,43350
20240108,12:38:17,0.85,400,43150
20240108,12:38:27,0.85,1000,43150
20240108,12:39:39,0.85,50,42750
20240108,12:39:40,0.85,50,42750
20240108,12:39:43,0.85,50,42750
20240108,12:39:48,0.9,150,42750
20240108,12:40:20,0.85,50,42750
20240108,12:40:23,0.85,750,42750
20240108,12:41:50,0.85,200,42750
20240108,12:41:51,0.9,300,42800
20240108,12:41:53,0.85,50,42800
20240108,12:42:03,0.9,1000,42800
20240108,12:42:05,0.9,1350,42800
20240108,12:42:06,0.9,100,42800
20240108,12:42:08,0.9,50,42800
20240108,12:42:09,0.9,50,42800
20240108,12:42:10,0.9,250,42800
20240108,12:42:11,0.9,50,42800
20240108,12:42:16,0.9,50,42800
20240108,12:42:27,0.9,50,42800
20240108,12:51:42,0.85,50,44850
20240108,12:53:58,0.85,500,44900
20240108,12:54:04,0.85,750,44900
20240108,12:54:23,0.85,50,44900
20240108,12:55:43,0.85,50,44900
20240108,12:55:50,0.85,250,44900
20240108,12:56:29,0.85,50,44900
20240108,12:56:30,0.85,250,44900
20240108,13:01:21,0.8,750,44900
20240108,13:09:27,0.85,50,43700
20240108,13:10:53,0.8,650,43700
20240108,13:10:58,0.75,50,43700
20240108,13:15:42,0.85,200,43700
20240108,13:24:27,0.85,250,43050
20240108,13:24:28,0.85,100,42950
20240108,13:26:37,0.9,2100,42950
20240108,13:27:39,0.9,50,44250
20240108,13:27:41,0.9,50,44250
20240108,13:27:43,0.9,50,44250
20240108,13:28:04,0.9,50,44250
20240108,13:28:06,0.9,50,44250
20240108,13:28:18,0.85,50,44250
20240108,13:35:40,0.85,150,44250
20240108,13:46:11,0.9,50,44200
20240108,13:46:55,0.85,50,44200
20240108,13:46:58,0.85,300,44200
20240108,13:49:59,0.8,50,44200
20240108,13:50:10,0.8,50,44500
20240108,13:50:30,0.8,50,44500
20240108,13:50:31,0.8,100,44500
20240108,13:50:32,0.8,50,44500
20240108,13:50:45,0.8,200,44500
20240108,13:51:28,0.8,50,44900
20240108,13:59:27,0.85,50,44950
20240108,14:00:36,0.85,800,44900
20240108,14:02:46,0.85,50,44900
20240108,14:08:38,0.9,150,44900
20240108,14:09:02,0.95,100,44550
20240108,14:12:53,0.85,100,44450
20240108,14:14:20,0.85,50,44350
20240108,14:15:05,0.85,50,44350
20240108,14:15:06,0.9,1650,44400
20240108,14:15:11,0.9,50,44400
20240108,14:15:14,0.9,50,44400
20240108,14:15:49,0.9,50,44400
20240108,14:16:16,0.9,50,44400
20240108,14:16:18,0.9,50,44400
20240108,14:20:00,0.9,900,45750
20240108,14:20:01,0.95,2100,45750
20240108,14:20:02,0.9,1200,45750
20240108,14:20:47,0.9,100,45750
20240108,14:20:54,0.9,100,45750
20240108,14:20:55,0.9,50,45750
20240108,14:22:30,0.9,50,45750
20240108,14:23:06,0.9,100,49150
20240108,14:25:23,0.9,300,49150
20240108,14:25:32,0.9,100,49150
20240108,14:26:08,0.9,50,49150
20240108,14:26:09,0.9,50,49150
20240108,14:28:04,0.85,200,49550
20240108,14:28:22,0.85,100,49550
20240108,14:29:01,0.85,200,49550
20240108,14:29:48,0.85,100,49550
20240108,14:30:41,0.85,100,49800
20240108,14:30:44,0.85,650,49800
20240108,14:30:51,0.85,200,49800
20240108,14:30:53,0.85,350,49800
20240108,14:30:54,0.85,250,49800
20240108,14:31:44,0.85,50,49800
20240108,14:33:42,0.8,150,49950
20240108,14:34:35,0.8,50,49950
20240108,14:35:05,0.85,100,49950
20240108,14:35:37,0.8,50,49950
20240108,14:35:46,0.85,200,49950
20240108,14:35:50,0.8,100,49950
20240108,14:37:42,0.75,200,49950
20240108,14:38:02,0.75,50,50000
20240108,14:38:11,0.75,50,50000
20240108,14:39:09,0.75,1650,50000
20240108,14:39:13,0.75,100,49800
20240108,14:39:14,0.75,250,49800
20240108,14:40:03,0.7,2400,49800
20240108,14:40:11,0.7,50,49800
20240108,14:40:12,0.7,250,49800
20240108,14:40:28,0.7,550,49800
20240108,14:40:28,0.7,250,49800
20240108,14:40:30,0.7,50,49800
20240108,14:40:31,0.7,50,49800
20240108,14:40:49,0.7,250,49800
20240108,14:41:00,0.7,450,49800
20240108,14:41:08,0.7,50,49800
20240108,14:41:25,0.7,1250,49800
20240108,14:41:26,0.65,1800,49800
20240108,14:41:35,0.65,250,49800
20240108,14:41:54,0.7,300,49800
20240108,14:45:46,0.7,1800,49800
20240108,14:46:52,0.75,50,46650
20240108,14:47:01,0.7,250,46650
20240108,14:47:39,0.7,50,46650
20240108,14:48:41,0.7,300,47500
20240108,14:48:54,0.7,50,47500
20240108,14:49:08,0.7,50,47500
20240108,14:49:09,0.7,50,47500
20240108,14:49:55,0.7,50,47500
20240108,14:50:08,0.7,50,47500
20240108,14:51:13,0.75,50,47450
20240108,14:55:18,0.75,50,47450
20240108,15:01:41,0.7,250,47400
20240108,15:01:42,0.7,300,47400
20240108,15:01:43,0.7,150,47400
20240108,15:06:01,0.75,250,47450
20240108,15:06:03,0.75,50,47450
20240108,15:06:06,0.75,250,47450
20240108,15:07:08,0.7,100,46900
20240108,15:08:19,0.7,350,46900
20240108,15:09:30,0.7,500,46900
20240108,15:10:57,0.75,50,47300
20240108,15:11:43,0.7,250,47300
20240108,15:12:03,0.75,100,47300
20240108,15:14:06,0.7,200,47900
20240108,15:14:07,0.7,300,47900
20240108,15:14:22,0.7,100,47900
20240108,15:14:30,0.7,100,47900
20240108,15:14:31,0.7,100,47900
20240108,15:14:48,0.7,300,47900
20240108,15:15:05,0.7,100,47900
20240108,15:15:11,0.65,250,47900
20240108,15:16:01,0.65,2250,47550
20240108,15:16:02,0.6,1800,47550
20240108,15:16:03,0.6,650,47550
20240108,15:16:08,0.65,250,47550
20240108,15:16:11,0.65,150,47550
20240108,15:16:26,0.65,700,47550
20240108,15:17:20,0.65,100,47550
20240108,15:17:36,0.65,100,47550
20240108,15:17:37,0.6,1800,47550
20240108,15:17:52,0.65,300,47550
20240108,15:18:02,0.6,500,47550
20240108,15:18:19,0.6,1800,47550
20240108,15:18:42,0.65,500,44200
20240108,15:18:43,0.65,500,44200
20240108,15:18:44,0.6,2750,44200
20240108,15:18:47,0.65,400,44200
20240108,15:20:04,0.65,50,44200
20240108,15:21:13,0.6,1800,39300
20240108,15:21:14,0.6,18000,39300
20240108,15:21:15,0.6,19800,39300
20240108,15:21:16,0.6,25200,39300
20240108,15:21:17,0.6,23400,39300
20240108,15:21:18,0.6,21600,39300
20240108,15:21:19,0.6,14400,39300
20240108,15:21:20,0.6,21600,39300
20240108,15:21:21,0.6,19800,39300
20240108,15:21:22,0.6,19800,39300
20240108,15:21:23,0.6,21600,39300
20240108,15:21:25,0.6,32400,39300
20240108,15:21:25,0.6,7200,39300
20240108,15:21:27,0.6,28800,39300
20240108,15:21:28,0.6,19800,39300
20240108,15:21:29,0.6,19800,39300
20240108,15:21:29,0.6,12600,39300
20240108,15:21:30,0.6,25200,39300
20240108,15:21:32,0.6,25200,39300
20240108,15:21:32,0.6,10800,39300
20240108,15:21:33,0.6,28800,39300
20240108,15:21:34,0.6,21600,39300
20240108,15:21:36,0.6,23400,39300
20240108,15:21:37,0.6,19800,39300
20240108,15:21:37,0.6,12600,39300
20240108,15:21:38,0.6,23400,39300
20240108,15:21:39,0.6,18000,39300
20240108,15:21:41,0.6,30600,39300
20240108,15:21:42,0.6,23400,39300
20240108,15:21:42,0.6,12600,39300
20240108,15:21:43,0.6,27000,39300
20240108,15:21:44,0.6,21600,39300
20240108,15:21:46,0.6,23400,39300
20240108,15:21:53,0.65,12600,39300
20240108,15:21:54,0.65,1800,39300
20240108,15:21:56,0.7,1500,39300
20240108,15:23:23,0.65,750,39300
20240108,15:23:58,0.65,350,39300
20240108,15:24:24,0.6,50,715350
20240108,15:25:15,0.65,100,715350
20240108,15:25:20,0.6,2850,715350
20240108,15:25:42,0.55,200,715350
20240108,15:25:50,0.55,150,715350
20240108,15:28:07,0.65,400,715350
20240108,15:28:18,0.65,3300,712550
20240108,15:28:19,0.6,1800,712550
20240108,15:28:46,0.65,700,712550
20240108,15:28:47,0.65,300,712550
20240108,15:28:51,0.65,300,712550
20240108,15:28:54,0.65,100,712550
20240108,15:28:55,0.6,1800,712550
20240108,15:29:02,0.6,150,712550
20240108,15:29:09,0.65,300,712550
20240108,15:29:27,0.6,100,712550
20240108,15:29:38,0.65,100,712550
20240108,15:29:53,0.55,100,712550
20240109,09:15:00,0.6,1,712550
20240109,09:15:00,0.6,50,712550
20240109,09:15:01,0.6,400,707200
20240109,09:15:04,0.6,50,707200
20240109,09:15:05,0.6,50,707200
20240109,09:15:06,0.6,450,707200
20240109,09:15:07,0.65,50,707200
20240109,09:15:08,0.65,50,707200
20240109,09:15:09,0.75,150,707200
20240109,09:15:24,0.75,100,707200
20240109,09:15:25,0.7,200,707200
20240109,09:15:26,0.75,200,707200
20240109,09:15:32,0.65,150,707200
20240109,09:15:33,0.65,50,707200
20240109,09:15:34,0.65,100,707200
20240109,09:15:35,0.65,50,707200
20240109,09:15:39,0.65,50,707200
20240109,09:15:46,0.65,1050,707200
20240109,09:15:47,0.65,200,707200
20240109,09:15:48,0.65,800,707200
20240109,09:15:54,0.65,100,707200
20240109,09:15:55,0.65,50,707200
20240109,09:15:59,0.65,100,707200
20240109,09:16:02,0.65,200,707200
20240109,09:16:07,0.65,100,707200
20240109,09:16:18,0.65,400,707200
20240109,09:16:20,0.65,100,707200
20240109,09:16:32,0.65,1200,707200
20240109,09:16:33,0.7,200,707200
20240109,09:16:34,0.7,500,707200
20240109,09:17:26,0.7,250,707850
20240109,09:17:34,0.7,50,707850
20240109,09:17:36,0.7,250,707850
20240109,09:17:36,0.7,350,707850
20240109,09:17:37,0.7,50,707850
20240109,09:17:40,0.7,300,707850
20240109,09:17:40,0.7,100,707850
20240109,09:17:41,0.7,350,707850
20240109,09:18:07,0.7,150,707850
20240109,09:18:14,0.7,50,707850
20240109,09:18:28,0.7,50,707850
20240109,09:19:15,0.7,500,707850
20240109,09:20:44,0.7,50,708400
20240109,09:21:06,0.7,100,708400
20240109,09:21:49,0.65,9000,708400
20240109,09:21:49,0.65,10800,708400
20240109,09:21:50,0.65,18000,708400
20240109,09:21:51,0.65,21600,708400
20240109,09:21:52,0.65,18000,708400
20240109,09:21:54,0.65,21600,708400
20240109,09:21:54,0.65,10850,708400
20240109,09:21:55,0.65,18000,708400
20240109,09:21:56,0.65,21600,708400
20240109,09:21:58,0.65,21600,708400
20240109,09:21:58,0.65,10800,708400
20240109,09:21:59,0.65,18000,708400
20240109,09:22:01,0.65,21600,708400
20240109,09:22:02,0.65,18000,708400
20240109,09:22:03,0.65,21600,708400
20240109,09:22:03,0.65,10800,708400
20240109,09:22:05,0.65,21600,708400
20240109,09:22:06,0.65,21600,708400
20240109,09:22:06,0.65,10800,708400
20240109,09:22:07,0.65,18000,708400
20240109,09:22:09,0.65,21600,708400
20240109,09:22:10,0.65,18000,708400
20240109,09:22:11,0.65,19800,708400
20240109,09:22:12,0.65,21600,708400
20240109,09:22:13,0.65,18000,708400
20240109,09:22:14,0.65,21600,708400
20240109,09:22:15,0.65,18000,708400
20240109,09:22:16,0.65,19800,708400
20240109,09:22:16,0.65,7200,708400
20240109,09:22:18,0.65,25200,708400
20240109,09:22:19,0.65,18000,708400
20240109,09:22:20,0.65,18000,708400
20240109,09:22:21,0.65,18000,708400
20240109,09:22:22,0.65,18000,708400
20240109,09:22:23,0.65,18000,708400
20240109,09:22:23,0.65,10800,708400
20240109,09:22:24,0.65,18000,708400
20240109,09:22:26,0.65,21600,708400
20240109,09:22:38,0.7,1000,708400
20240109,09:23:04,0.7,300,708400
20240109,09:23:05,0.7,300,708400
20240109,09:23:13,0.7,50,708400
20240109,09:23:29,0.7,150,57300
20240109,09:23:49,0.65,50,57300
20240109,09:23:50,0.65,250,57300
20240109,09:23:51,0.65,50,57300
20240109,09:23:52,0.65,50,57300
20240109,09:23:53,0.65,50,57300
20240109,09:23:55,0.65,50,57300
20240109,09:23:56,0.65,50,57300
20240109,09:24:44,0.7,1800,57300
20240109,09:26:06,0.65,1800,57300
20240109,09:26:09,0.7,50,57300
20240109,09:26:41,0.7,700,57300
20240109,09:26:42,0.7,1000,55350
20240109,09:26:43,0.7,5900,55350
20240109,09:26:58,0.7,1700,55350
20240109,09:27:06,0.75,550,55350
20240109,09:27:07,0.75,150,55350
20240109,09:27:21,0.75,150,55350
20240109,09:27:22,0.75,1800,55350
20240109,09:27:47,0.75,50,55350
20240109,09:28:11,0.75,1800,55350
20240109,09:28:53,0.7,50,55350
20240109,09:28:54,0.7,50,55350
20240109,09:28:55,0.7,50,55350
20240109,09:28:56,0.7,50,55350
20240109,09:29:04,0.75,150,55350
20240109,09:29:04,0.75,100,55350
20240109,09:29:14,0.75,50,55350
20240109,09:29:25,0.75,550,55350
20240109,09:29:26,0.75,50,55350
20240109,09:29:28,0.75,1000,55350
20240109,09:30:04,0.75,750,48650
20240109,09:30:05,0.75,600,48650
20240109,09:30:06,0.75,150,48650
20240109,09:30:09,0.75,400,48650
20240109,09:30:17,0.75,400,48650
20240109,09:31:05,0.7,100,48650
20240109,09:31:26,0.7,400,48650
20240109,09:32:01,0.75,50,48650
20240109,09:32:45,0.75,300,48650
20240109,09:36:10,0.7,50,48400
20240109,09:36:49,0.75,50,48400
20240109,09:37:27,0.7,550,48400
20240109,09:37:53,0.7,250,48400
20240109,09:37:56,0.7,250,48400
20240109,09:38:01,0.7,1000,48400
20240109,09:38:02,0.7,700,48400
20240109,09:38:11,0.7,300,48400
20240109,09:38:14,0.7,300,48400
20240109,09:38:15,0.7,250,48400
20240109,09:38:23,0.7,650,48400
20240109,09:38:42,0.7,400,52350
20240109,09:38:43,0.7,300,52350
20240109,09:39:01,0.7,250,52350
20240109,09:39:02,0.7,100,52350
20240109,09:39:05,0.7,50,52350
20240109,09:39:07,0.7,1800,52350
20240109,09:39:09,0.7,50,52350
20240109,09:39:09,0.7,1800,52350
20240109,09:39:11,0.7,50,52350
20240109,09:39:22,0.7,250,52350
20240109,09:39:27,0.7,500,52350
20240109,09:40:02,0.7,500,52350
20240109,09:40:02,0.7,250,52350
20240109,09:40:20,0.7,750,52350
20240109,09:40:42,0.7,50,52350
20240109,09:41:02,0.7,50,52350
20240109,09:41:21,0.7,50,52350
20240109,09:41:43,0.65,50,52350
20240109,09:41:55,0.7,500,55700
20240109,09:43:13,0.7,50,55700
20240109,09:44:22,0.7,50,55700
20240109,09:45:02,0.65,50,55650
20240109,09:46:06,0.7,300,55650
20240109,09:46:13,0.7,50,55650
20240109,09:46:17,0.65,100,55650
20240109,09:46:18,0.65,150,55650
20240109,09:46:33,0.65,50,55650
20240109,09:46:39,0.65,50,55650
20240109,09:46:41,0.7,100,55650
20240109,09:46:46,0.7,50,55650
20240109,09:46:55,0.65,1150,55650
20240109,09:46:56,0.7,50,55650
20240109,09:47:00,0.65,150,55650
20240109,09:47:10,0.65,50,55650
20240109,09:47:11,0.65,100,55650
20240109,09:47:16,0.65,100,55650
20240109,09:47:46,0.7,50,53700
20240109,09:48:28,0.65,50,53700
20240109,09:48:40,0.65,50,53700
20240109,09:48:41,0.65,50,53700
20240109,09:52:47,0.65,50,53700
20240109,09:53:44,0.7,350,53500
20240109,09:55:29,0.7,50,53500
20240109,09:57:04,0.7,100,53500
20240109,09:57:08,0.65,850,53500
20240109,09:57:39,0.65,500,53500
20240109,09:58:09,0.7,100,53500
20240109,09:58:10,0.7,50,53500
20240109,09:58:47,0.65,50,53500
20240109,10:01:14,0.7,100,52000
20240109,10:01:15,0.7,100,52000
20240109,10:01:16,0.7,100,52000
20240109,10:03:39,0.7,100,52000
20240109,10:06:23,0.65,100,51700
20240109,10:06:53,0.7,300,51700
20240109,10:07:09,0.7,500,51700
20240109,10:07:24,0.7,350,51700
20240109,10:07:26,0.7,300,51700
20240109,10:08:21,0.7,250,51700
20240109,10:09:19,0.7,100,51700
20240109,10:09:20,0.7,200,50150
20240109,10:09:35,0.7,50,50150
20240109,10:09:38,0.7,300,50150
20240109,10:10:02,0.7,300,50150
20240109,10:10:31,0.7,250,50150
20240109,10:10:34,0.7,250,50150
20240109,10:10:38,0.7,300,50150
20240109,10:10:47,0.7,250,50150
20240109,10:10:54,0.7,250,50150
20240109,10:11:09,0.65,300,50150
20240109,10:11:23,0.7,250,50150
20240109,10:12:13,0.7,100,50150
20240109,10:12:28,0.7,500,48000
20240109,10:12:51,0.7,1800,48000
20240109,10:12:53,0.7,1800,48000
20240109,10:12:55,0.7,50,48000
20240109,10:12:56,0.7,50,48000
20240109,10:12:57,0.7,50,48000
20240109,10:12:58,0.7,50,48000
20240109,10:13:00,0.7,50,48000
20240109,10:13:01,0.7,50,48000
20240109,10:13:03,0.7,50,48000
20240109,10:13:05,0.7,50,48000
20240109,10:14:06,0.75,1800,48000
20240109,10:15:00,0.75,750,48000
20240109,10:15:34,0.75,50,51850
20240109,10:18:10,0.75,1800,51850
20240109,10:18:14,0.75,400,52650
20240109,10:18:16,0.7,1000,52650
20240109,10:19:21,0.75,350,52650
20240109,10:19:23,0.75,250,52650
20240109,10:19:31,0.75,450,52650
20240109,10:19:33,0.75,400,52650
20240109,10:19:35,0.75,250,52650
20240109,10:19:55,0.75,300,52650
20240109,10:20:00,0.75,250,52650
20240109,10:20:01,0.75,400,52650
20240109,10:20:02,0.75,500,52650
20240109,10:20:03,0.75,1400,52650
20240109,10:20:04,0.75,150,52650
20240109,10:20:05,0.8,4300,52650
20240109,10:20:51,0.8,250,52650
20240109,10:20:52,0.75,250,50750
20240109,10:21:31,0.8,50,50750
20240109,10:25:28,0.85,1000,50750
20240109,10:25:54,0.85,500,50500
20240109,10:25:55,0.85,350,50500
20240109,10:25:56,0.85,500,50500
20240109,10:25:56,0.85,300,50500
20240109,10:27:31,0.85,500,50500
20240109,10:27:52,0.85,50,50650
20240109,10:27:58,0.85,350,50650
20240109,10:28:08,0.85,100,50650
20240109,10:28:10,0.85,250,50650
20240109,10:28:13,0.85,50,50650
20240109,10:28:35,0.9,50,50650
20240109,10:28:36,0.9,50,50650
20240109,10:28:58,0.85,50,50650
20240109,10:29:12,0.85,850,50650
20240109,10:29:16,0.85,700,50650
20240109,10:29:16,0.85,50,50650
20240109,10:29:18,0.85,300,50650
20240109,10:33:10,0.9,50,50250
20240109,10:35:49,0.8,50,50250
20240109,10:37:07,0.8,200,50300
20240109,10:39:38,0.8,250,50300
20240109,10:41:28,0.8,50,50300
20240109,10:42:08,0.8,50,50000
20240109,10:42:55,0.8,50,50000
20240109,10:43:30,0.85,550,50000
20240109,10:43:31,0.85,50,50000
20240109,10:43:38,0.85,50,50000
20240109,10:43:49,0.85,50,50000
20240109,10:43:54,0.85,50,50000
20240109,10:44:02,0.9,500,50000
20240109,10:44:03,0.9,250,50000
20240109,10:44:04,0.9,300,50000
20240109,10:44:06,0.9,250,50000
20240109,10:44:06,0.9,300,50000
20240109,10:44:07,0.9,250,50000
20240109,10:44:09,0.9,50,50000
20240109,10:44:10,0.9,50,50000
20240109,10:44:56,0.95,50,49600
20240109,10:45:22,0.95,50,49600
20240109,10:46:05,0.95,1600,49600
20240109,10:46:09,0.95,50,49600
20240109,10:46:11,0.95,50,49600
20240109,10:46:30,0.95,100,49600
20240109,10:47:09,0.9,500,49600
20240109,10:47:12,0.95,200,49600
20240109,10:47:13,0.95,200,49600
20240109,10:47:15,0.95,200,49600
20240109,10:47:16,0.95,200,49600
20240109,10:47:21,0.95,50,49600
20240109,10:47:24,0.95,50,49600
20240109,10:47:35,0.95,100,49600
20240109,10:48:27,1.0,600,49600
20240109,10:49:37,0.95,300,49100
20240109,10:49:38,0.95,300,49100
20240109,10:50:03,0.95,450,49100
20240109,10:50:15,0.95,50,49100
20240109,10:50:15,0.95,2400,49100
20240109,10:50:23,0.95,350,49100
20240109,10:51:21,0.9,250,49100
20240109,10:53:34,0.9,1200,48400
20240109,10:53:49,0.9,100,48400
20240109,10:55:07,0.9,2100,48550
20240109,10:56:07,0.9,1550,48550
20240109,10:56:08,0.9,50,48550
20240109,10:56:10,0.9,600,48550
20240109,10:57:05,0.9,550,48450
20240109,10:57:13,0.9,350,48450
20240109,10:57:38,0.85,50,48450
20240109,11:00:38,0.85,500,48450
20240109,11:01:08,0.9,50,48150
20240109,11:02:48,0.85,100,47650
20240109,11:04:14,0.9,50,47650
20240109,11:04:37,0.85,50,47650
20240109,11:04:59,0.85,50,47650
20240109,11:05:37,0.85,250,47650
20240109,11:06:02,0.85,200,47400
20240109,11:06:05,0.85,1650,47400
20240109,11:06:32,0.85,250,47400
20240109,11:07:34,0.8,50,47400
20240109,11:07:42,0.8,2150,47400
20240109,11:07:44,0.8,150,47400
20240109,11:09:57,0.8,50,46800
20240109,11:27:39,0.8,50,46800
20240109,11:28:47,0.8,50,46800
20240109,11:30:39,0.8,400,46800
20240109,11:30:42,0.8,250,46800
20240109,11:30:49,0.8,250,46800
20240109,11:34:18,0.8,250,45950
20240109,11:34:33,0.8,1100,45950
20240109,11:34:34,0.8,50,45950
20240109,11:34:35,0.8,50,45950
20240109,11:34:37,0.8,50,45950
20240109,11:34:38,0.8,150,45950
20240109,11:34:39,0.8,50,45950
20240109,11:34:54,0.8,50,45950
20240109,11:36:00,0.85,50,46450
20240109,11:37:07,0.8,150,46450
20240109,11:38:15,0.85,50,46450
20240109,11:38:19,0.8,1000,46450
20240109,11:38:29,0.85,50,46450
20240109,11:42:52,0.85,50,45400
20240109,11:47:56,0.85,500,45400
20240109,11:48:07,0.85,250,45400
20240109,11:48:08,0.85,400,45400
20240109,11:49:12,0.9,50,45400
20240109,11:49:13,0.85,50,45400
20240109,11:49:16,0.85,50,45400
20240109,11:49:25,0.85,50,45400
20240109,11:54:41,0.85,50,45050
20240109,11:55:13,0.8,100,45050
20240109,11:55:15,0.8,800,45050
20240109,11:55:16,0.8,300,45050
20240109,11:55:18,0.8,400,45050
20240109,11:59:31,0.85,50,45050
20240109,12:00:57,0.8,50,45750
20240109,12:01:02,0.8,50,45750
20240109,12:01:06,0.8,50,45750
20240109,12:02:50,0.75,50,45750
20240109,12:07:54,0.75,50,45600
20240109,12:08:40,0.75,350,45600
20240109,12:08:42,0.8,50,45600
20240109,12:09:59,0.75,300,45800
20240109,12:10:08,0.75,250,45800
20240109,12:10:09,0.75,100,45800
20240109,12:28:21,0.8,1200,46300
20240109,12:29:54,0.8,350,45250
20240109,12:31:54,0.8,800,45250
20240109,12:34:54,0.8,2200,45250
20240109,12:34:55,0.9,200,45250
20240109,12:35:36,0.85,200,45250
20240109,12:35:55,0.8,50,46250
20240109,12:36:10,0.8,50,46250
20240109,12:36:12,0.8,50,46250
20240109,12:36:50,0.8,1000,46250
20240109,12:38:09,0.8,400,46250
20240109,12:38:10,0.8,100,46250
20240109,12:39:49,0.8,400,47450
20240109,12:44:33,0.75,250,47450
20240109,12:46:13,0.75,250,48050
20240109,12:47:21,0.8,350,48050
20240109,12:50:37,0.75,150,48500
20240109,12:51:40,0.75,50,48400
20240109,12:52:49,0.75,50,48400
20240109,12:54:21,0.75,50,48350
20240109,12:54:46,0.75,50,48350
20240109,12:54:55,0.7,50,48350
20240109,12:55:35,0.75,150,48350
20240109,12:55:56,0.75,50,48350
20240109,12:56:56,0.75,50,48350
20240109,12:57:49,0.75,50,48350
20240109,12:58:02,0.75,50,48350
20240109,12:58:07,0.75,250,48350
20240109,12:58:15,0.7,50,48350
20240109,12:59:02,0.75,50,48350
20240109,12:59:47,0.75,50,48350
20240109,12:59:53,0.75,250,48350
20240109,12:59:58,0.7,50,48350
20240109,13:00:30,0.75,50,48200
20240109,13:00:31,0.75,50,48200
20240109,13:02:32,0.7,50,48200
20240109,13:02:48,0.75,50,48200
20240109,13:04:06,0.75,50,48200
20240109,13:04:34,0.7,250,47950
20240109,13:07:49,0.75,50,47950
20240109,13:11:35,0.7,50,48200
20240109,13:12:48,0.75,50,48200
20240109,13:12:54,0.75,250,48200
20240109,13:13:05,0.75,250,48200
20240109,13:13:07,0.75,250,48200
20240109,13:13:08,0.75,250,48200
20240109,13:13:30,0.75,300,48200
20240109,13:16:59,0.7,50,46900
20240109,13:17:48,0.75,50,46900
20240109,13:17:53,0.7,150,46900
20240109,13:17:54,0.7,300,46900
20240109,13:18:06,0.7,500,47350
20240109,13:20:02,0.7,550,47350
20240109,13:21:36,0.75,50,47350
20240109,13:22:13,0.75,150,47350
20240109,13:22:48,0.75,50,47350
20240109,13:23:43,0.7,250,47350
20240109,13:23:59,0.7,350,47350
20240109,13:24:17,0.7,300,47600
20240109,13:24:53,0.75,50,47600
20240109,13:27:49,0.75,50,47600
20240109,13:27:57,0.75,50,48200
20240109,13:33:35,0.7,250,48200
20240109,13:33:53,0.7,250,48200
20240109,13:34:34,0.7,400,48200
20240109,13:35:06,0.75,900,48200
20240109,13:36:07,0.7,250,48200
20240109,13:36:13,0.7,250,49100
20240109,13:36:13,0.7,50,49100
20240109,13:36:16,0.7,50,49100
20240109,13:36:18,0.7,150,49100
20240109,13:36:52,0.7,50,49100
20240109,13:37:06,0.7,50,49100
20240109,13:37:07,0.7,50,49100
20240109,13:46:11,0.75,4000,49400
20240109,13:46:35,0.65,1800,49400
20240109,13:46:35,0.65,200,49400
20240109,13:52:16,0.65,4000,49400
20240109,13:54:08,0.7,1800,43400
20240109,13:54:12,0.7,4850,43400
20240109,13:54:40,0.7,500,43400
20240109,13:56:44,0.65,1900,43400
20240109,13:57:01,0.65,50,43400
20240109,13:57:55,0.65,250,48700
20240109,13:58:12,0.65,350,48700
20240109,13:58:13,0.65,600,48700
20240109,13:58:19,0.65,250,48700
20240109,13:58:21,0.65,250,48700
20240109,14:00:02,0.7,800,48700
20240109,14:00:57,0.65,700,48450
20240109,14:01:04,0.65,250,48450
20240109,14:01:09,0.65,250,48450
20240109,14:01:50,0.7,50,48450
20240109,14:01:55,0.65,50,48450
20240109,14:02:08,0.65,50,48450
20240109,14:02:32,0.65,50,48450
20240109,14:02:51,0.65,250,48450
20240109,14:02:54,0.65,250,48450
20240109,14:03:10,0.65,250,48450
20240109,14:03:37,0.65,50,48400
20240109,14:03:48,0.65,250,48400
20240109,14:03:49,0.65,250,48400
20240109,14:03:54,0.65,50,48400
20240109,14:04:07,0.65,50,48400
20240109,14:06:05,0.7,500,48400
20240109,14:06:18,0.65,50,48300
20240109,14:07:16,0.65,50,48300
20240109,14:07:56,0.65,250,48300
20240109,14:07:57,0.65,250,48300
20240109,14:07:59,0.65,250,48300
20240109,14:07:59,0.65,300,48300
20240109,14:08:01,0.65,900,48300
20240109,14:08:02,0.65,1100,48300
20240109,14:08:03,0.65,1000,48300
20240109,14:08:09,0.65,200,48300
20240109,14:08:11,0.65,500,48300
20240109,14:08:13,0.65,1100,48300
20240109,14:08:17,0.65,300,48300
20240109,14:08:31,0.65,50,48300
20240109,14:08:35,0.65,250,48300
20240109,14:11:40,0.65,350,48300
20240109,14:11:45,0.65,250,49500
20240109,14:11:46,0.65,350,49500
20240109,14:11:48,0.65,250,49500
20240109,14:12:19,0.7,1100,50700
20240109,14:12:25,0.65,250,50700
20240109,14:12:28,0.65,250,50700
20240109,14:12:52,0.65,1100,50700
20240109,14:12:57,0.7,50,50700
20240109,14:13:10,0.7,50,50700
20240109,14:13:13,0.7,50,50700
20240109,14:13:14,0.7,50,50700
20240109,14:14:11,0.65,150,50700
20240109,14:14:14,0.65,300,50700
20240109,14:14:36,0.65,450,50700
20240109,14:14:59,0.7,50,50700
20240109,14:15:02,0.65,250,50700
20240109,14:15:04,0.65,450,50700
20240109,14:15:10,0.65,1000,50700
20240109,14:15:11,0.65,850,52900
20240109,14:15:25,0.65,100,52900
20240109,14:15:35,0.65,50,52900
20240109,14:15:53,0.6,250,52900
20240109,14:16:11,0.6,600,52900
20240109,14:16:12,0.6,50,52900
20240109,14:17:05,0.65,150,52900
20240109,14:17:28,0.6,200,52900
20240109,14:17:35,0.65,500,52900
20240109,14:17:53,0.65,50,52900
20240109,14:18:03,0.6,150,52900
20240109,14:18:04,0.6,200,52900
20240109,14:18:10,0.65,700,53500
20240109,14:18:43,0.65,700,53500
20240109,14:18:47,0.65,700,53500
20240109,14:18:58,0.65,300,53500
20240109,14:19:01,0.6,50,53500
20240109,14:19:16,0.6,300,53500
20240109,14:19:17,0.6,300,53500
20240109,14:19:48,0.65,50,53500
20240109,14:19:49,0.6,50,53500
20240109,14:19:50,0.6,50,53500
20240109,14:19:59,0.6,50,53500
20240109,14:20:11,0.6,50,53500
20240109,14:21:01,0.6,650,53500
20240109,14:21:06,0.6,200,53500
20240109,14:21:12,0.6,50,53500
20240109,14:21:16,0.55,100,51200
20240109,14:21:17,0.6,200,51200
20240109,14:21:26,0.6,100,51200
20240109,14:21:34,0.6,100,51200
20240109,14:22:14,0.6,100,51200
20240109,14:22:18,0.6,150,51200
20240109,14:23:09,0.55,50,51200
20240109,14:23:10,0.55,50,51200
20240109,14:23:11,0.55,500,51200
20240109,14:23:12,0.55,50,51200
20240109,14:26:22,0.55,50,51200
20240109,14:27:55,0.55,850,51200
20240109,14:28:03,0.6,100,50650
20240109,14:28:39,0.55,500,50650
20240109,14:28:46,0.6,100,50650
20240109,14:29:06,0.55,350,50650
20240109,14:29:07,0.55,250,50650
20240109,14:29:13,0.55,50,50650
20240109,14:29:34,0.6,50,50650
20240109,14:30:08,0.55,750,50650
20240109,14:30:15,0.6,50,50650
20240109,14:30:40,0.55,2350,51350
20240109,14:31:08,0.5,2100,51350
20240109,14:31:09,0.5,1800,51350
20240109,14:31:09,0.55,200,51350
20240109,14:31:14,0.55,250,51350
20240109,14:31:15,0.55,100,51350
20240109,14:31:16,0.5,50,51350
20240109,14:31:17,0.55,50,51350
20240109,14:31:31,0.55,400,51350
20240109,14:31:32,0.5,1800,51350
20240109,14:31:33,0.55,800,51350
20240109,14:31:35,0.55,400,51350
20240109,14:31:36,0.55,750,51350
20240109,14:33:20,0.55,550,51350
20240109,14:33:32,0.5,100,46500
20240109,14:34:27,0.55,300,46500
20240109,14:35:02,0.55,250,46500
20240109,14:35:23,0.55,300,46500
20240109,14:35:24,0.55,300,46500
20240109,14:35:37,0.55,600,46500
20240109,14:40:38,0.55,300,43700
20240109,14:41:05,0.55,1200,43700
20240109,14:41:09,0.55,300,43700
20240109,14:41:12,0.55,1000,43700
20240109,14:41:29,0.55,350,43700
20240109,14:41:30,0.55,500,43700
20240109,14:42:01,0.55,250,43700
20240109,14:42:16,0.55,1000,39800
20240109,14:42:59,0.55,50,39800
20240109,14:43:39,0.55,650,39800
20240109,14:43:40,0.55,1000,39800
20240109,14:43:52,0.55,50,39800
20240109,14:44:04,0.55,50,39800
20240109,14:44:07,0.55,350,39800
20240109,14:45:22,0.6,250,39800
20240109,14:46:00,0.5,300,40050
20240109,14:47:03,0.6,250,40050
20240109,14:48:27,0.5,50,40050
20240109,14:50:41,0.55,300,39750
20240109,14:50:53,0.55,500,39750
20240109,14:51:52,0.55,200,39500
20240109,14:51:57,0.55,50,39500
20240109,14:52:11,0.55,100,39500
20240109,14:52:32,0.55,1150,39500
20240109,14:53:25,0.55,50,39500
20240109,14:53:30,0.55,50,39500
20240109,14:53:48,0.6,500,39500
20240109,14:56:31,0.6,450,39500
20240109,14:57:34,0.55,250,40650
20240109,14:58:27,0.55,250,40650
20240109,14:59:17,0.6,50,40650
20240109,15:00:04,0.55,1800,40650
20240109,15:00:06,0.5,1000,40650
20240109,15:00:15,0.55,250,40900
20240109,15:00:17,0.55,300,40900
20240109,15:00:20,0.55,200,40900
20240109,15:00:27,0.55,50,40900
20240109,15:00:28,0.55,150,40900
20240109,15:01:01,0.55,50,40900
20240109,15:02:16,0.55,50,40900
20240109,15:02:17,0.55,100,40900
20240109,15:02:23,0.6,7750,40900
20240109,15:02:24,0.6,50,40900
20240109,15:02:25,0.6,50,40900
20240109,15:02:29,0.6,3300,40900
20240109,15:02:30,0.6,50,40900
20240109,15:02:34,0.6,100,40900
20240109,15:02:34,0.6,150,40900
20240109,15:03:50,0.6,50,40900
20240109,15:04:33,0.6,500,43650
20240109,15:06:58,0.6,250,43650
20240109,15:07:05,0.6,50,43650
20240109,15:09:42,0.6,950,43500
20240109,15:10:17,0.6,600,43500
20240109,15:12:19,0.6,50,42300
20240109,15:13:42,0.6,400,42300
20240109,15:14:52,0.6,500,42300
20240109,15:15:09,0.6,50,42300
20240109,15:16:46,0.55,50,42300
20240109,15:16:51,0.55,50,41350
20240109,15:17:59,0.55,50,41350
20240109,15:18:11,0.55,50,41350
20240109,15:18:33,0.55,50,41350
20240109,15:18:49,0.55,50,41300
20240109,15:20:37,0.55,1800,41300
20240109,15:20:51,0.55,150,41300
20240109,15:21:06,0.55,800,41300
20240109,15:21:06,0.55,1400,41300
20240109,15:21:07,0.55,450,41300
20240109,15:21:08,0.55,600,41300
20240109,15:21:18,0.55,2300,37600
20240109,15:21:40,0.55,1800,37600
20240109,15:21:40,0.55,650,37600
20240109,15:21:53,0.55,4250,37600
20240109,15:21:54,0.5,450,37600
20240109,15:21:59,0.55,650,37600
20240109,15:22:04,0.5,400,37600
20240109,15:22:17,0.5,50,37600
20240109,15:22:18,0.5,100,37600
20240109,15:22:22,0.5,50,37600
20240109,15:22:23,0.5,200,37600
20240109,15:22:25,0.45,350,37600
20240109,15:22:29,0.45,500,37600
20240109,15:22:32,0.45,250,37600
20240109,15:22:34,0.45,4150,37600
20240109,15:22:42,0.45,300,37600
20240109,15:22:44,0.45,250,37600
20240109,15:22:50,0.5,1350,37600
20240109,15:22:52,0.5,250,37600
20240109,15:22:59,0.5,250,37600
20240109,15:23:08,0.5,250,37600
20240109,15:23:23,0.5,300,37600
20240109,15:23:37,0.5,300,37600
20240109,15:24:29,0.45,50,32050
20240109,15:25:45,0.45,50,32050
20240109,15:27:12,0.45,50,32050
20240109,15:27:45,0.5,200,32050
20240109,15:28:00,0.5,100,32050
20240109,15:28:06,0.45,1800,32050
20240109,15:28:20,0.45,50,32050
20240109,15:28:25,0.5,50,32050
20240109,15:28:34,0.5,800,32050
20240109,15:28:35,0.45,50,32050
20240109,15:28:40,0.5,400,32050
20240109,15:29:00,0.45,1800,32050
20240109,15:29:04,0.45,50,32050
20240109,15:29:31,0.5,400,32050
20240109,15:29:53,0.45,200,32050
20240110,09:15:02,0.5,1,30650
20240110,09:15:02,0.5,100,30650
20240110,09:15:03,0.4,650,30650
20240110,09:15:05,0.5,100,30650
20240110,09:15:06,0.5,100,30650
20240110,09:15:09,0.45,200,30650
20240110,09:15:10,0.5,100,30650
20240110,09:15:15,0.5,100,30650
20240110,09:15:16,0.5,500,30650
20240110,09:15:38,0.5,50,30650
20240110,09:15:45,0.5,150,30650
20240110,09:16:24,0.5,50,30650
20240110,09:17:01,0.5,400,30650
20240110,09:17:04,0.5,250,30650
20240110,09:17:07,0.5,250,30650
20240110,09:17:10,0.5,300,30650
20240110,09:17:13,0.5,250,30650
20240110,09:17:15,0.5,250,30650
20240110,09:17:21,0.5,250,30650
20240110,09:17:25,0.5,300,30650
20240110,09:17:27,0.5,250,30650
20240110,09:17:38,0.45,400,27400
20240110,09:18:15,0.5,200,27400
20240110,09:18:36,0.5,250,27400
20240110,09:18:39,0.5,300,27400
20240110,09:18:42,0.5,250,27400
20240110,09:18:46,0.5,300,27400
20240110,09:18:52,0.5,350,27400
20240110,09:19:21,0.5,400,27400
20240110,09:19:21,0.55,300,27400
20240110,09:19:32,0.55,100,27400
20240110,09:19:56,0.55,50,27400
20240110,09:20:11,0.5,100,27400
20240110,09:20:43,0.5,250,27650
20240110,09:20:48,0.5,350,27650
20240110,09:21:22,0.5,50,27650
20240110,09:21:31,0.5,250,27650
20240110,09:21:34,0.5,300,27650
20240110,09:21:56,0.55,100,27650
20240110,09:23:51,0.55,50,27650
20240110,09:24:40,0.55,50,27700
20240110,09:24:56,0.55,50,27700
20240110,09:25:00,0.5,250,27700
20240110,09:25:03,0.55,50,27700
20240110,09:25:11,0.5,500,27700
20240110,09:25:13,0.5,50,27700
20240110,09:25:33,0.55,250,27700
20240110,09:25:34,0.55,450,27700
20240110,09:25:36,0.55,300,27700
20240110,09:25:37,0.55,200,27700
20240110,09:26:01,0.55,50,27700
20240110,09:26:04,0.55,50,27700
20240110,09:26:08,0.55,50,27700
20240110,09:26:09,0.6,50,27700
20240110,09:26:16,0.6,50,27700
20240110,09:26:30,0.55,50,27700
20240110,09:26:43,0.55,50,27700
20240110,09:26:46,0.55,50,28550
20240110,09:26:59,0.55,100,28550
20240110,09:27:30,0.5,50,28550
20240110,09:27:32,0.55,50,28550
20240110,09:27:33,0.55,50,28550
20240110,09:27:34,0.55,50,28550
20240110,09:27:35,0.55,50,28550
20240110,09:27:36,0.55,50,28550
20240110,09:28:25,0.6,50,28550
20240110,09:28:42,0.6,50,28550
20240110,09:28:46,0.55,550,28550
20240110,09:28:55,0.55,500,28550
20240110,09:29:01,0.55,50,28550
20240110,09:29:02,0.55,50,28550
20240110,09:29:17,0.55,100,28550
20240110,09:29:20,0.55,100,28550
20240110,09:29:24,0.55,200,28550
20240110,09:29:28,0.55,50,28550
20240110,09:29:32,0.65,700,29400
20240110,09:29:34,0.65,250,29400
20240110,09:29:35,0.55,250,29400
20240110,09:29:42,0.55,250,29400
20240110,09:29:43,0.55,150,29400
20240110,09:30:23,0.55,250,29400
20240110,09:30:27,0.55,50,29400
20240110,09:30:47,0.55,50,29400
20240110,09:30:48,0.55,100,29400
20240110,09:30:51,0.55,50,29400
20240110,09:30:53,0.55,100,29400
20240110,09:30:56,0.55,100,29400
20240110,09:30:59,0.55,100,29400
20240110,09:31:34,0.55,150,29400
20240110,09:31:40,0.5,50,29400
20240110,09:31:57,0.5,100,29400
20240110,09:32:06,0.5,100,29400
20240110,09:32:11,0.5,250,29400
20240110,09:32:12,0.5,100,29400
20240110,09:32:22,0.55,200,29400
20240110,09:32:23,0.5,150,29400
20240110,09:33:12,0.5,2050,29400
20240110,09:33:20,0.5,200,30250
20240110,09:33:46,0.5,50,30250
20240110,09:33:48,0.5,50,30250
20240110,09:33:50,0.5,350,30250
20240110,09:34:33,0.5,700,30250
20240110,09:35:06,0.55,50,30250
20240110,09:35:40,0.55,50,29050
20240110,09:36:01,0.55,50,29050
20240110,09:36:06,0.5,50,29050
20240110,09:39:05,0.55,1750,29100
20240110,09:39:06,0.55,1900,29100
20240110,09:39:16,0.55,50,29100
20240110,09:39:21,0.55,600,29100
20240110,09:39:23,0.55,500,29100
20240110,09:39:33,0.6,2000,29100
20240110,09:39:42,0.5,300,29100
20240110,09:39:46,0.55,250,29100
20240110,09:39:47,0.65,2250,29100
20240110,09:39:48,0.55,300,29100
20240110,09:39:50,0.55,300,29100
20240110,09:40:04,0.6,1500,29100
20240110,09:40:08,0.6,1000,29100
20240110,09:40:16,0.55,400,29100
20240110,09:40:22,0.55,150,29100
20240110,09:40:33,0.6,50,29100
20240110,09:40:42,0.6,1950,29100
20240110,09:40:43,0.6,1350,29100
20240110,09:41:09,0.6,50,29100
20240110,09:41:09,0.65,2350,29100
20240110,09:41:12,0.55,250,29100
20240110,09:41:13,0.6,1550,29100
20240110,09:41:17,0.6,250,29100
20240110,09:41:20,0.65,4300,29100
20240110,09:41:21,0.7,50,29100
20240110,09:41:22,0.7,1950,29100
20240110,09:41:33,0.6,450,47350
20240110,09:41:35,0.6,50,47350
20240110,09:41:41,0.6,300,47350
20240110,09:42:08,0.65,300,47350
20240110,09:42:10,0.6,500,47350
20240110,09:42:10,0.6,300,47350
20240110,09:42:18,0.6,50,47350
20240110,09:42:19,0.65,500,47350
20240110,09:42:22,0.6,100,47350
20240110,09:42:32,0.6,250,47350
20240110,09:42:48,0.6,450,47350
20240110,09:43:04,0.6,450,47350
20240110,09:43:07,0.6,950,47350
20240110,09:43:08,0.6,100,47350
20240110,09:43:18,0.65,1800,47350
20240110,09:43:19,0.65,600,47350
20240110,09:43:20,0.65,50,47350
20240110,09:43:34,0.65,150,47350
20240110,09:43:51,0.65,1100,47350
20240110,09:43:52,0.65,2650,47350
20240110,09:43:57,0.6,200,47350
20240110,09:44:05,0.65,2050,47350
20240110,09:44:06,0.65,1500,47350
20240110,09:44:13,0.7,100,47350
20240110,09:44:14,0.7,4150,47350
20240110,09:44:15,0.7,300,47350
20240110,09:44:20,0.65,800,47350
20240110,09:44:47,0.65,300,47350
20240110,09:44:52,0.6,50,58100
20240110,09:44:56,0.65,200,58100
20240110,09:44:59,0.65,250,58100
20240110,09:44:59,0.65,400,58100
20240110,09:45:38,0.7,50,58100
20240110,09:45:41,0.7,50,58100
20240110,09:45:43,0.7,50,58100
20240110,09:45:49,0.7,50,58100
20240110,09:45:56,0.7,50,58100
20240110,09:46:42,0.7,2100,58100
20240110,09:46:43,0.65,50,58100
20240110,09:46:51,0.75,550,58100
20240110,09:47:02,0.75,2800,58100
20240110,09:47:57,0.7,1800,61550
20240110,09:48:03,0.7,100,61550
20240110,09:48:16,0.65,100,61550
20240110,09:48:19,0.65,650,61550
20240110,09:48:22,0.65,350,61550
20240110,09:48:28,0.65,500,61550
20240110,09:48:42,0.65,250,61550
20240110,09:48:52,0.75,4000,61550
20240110,09:48:53,0.75,50,61550
20240110,09:49:00,0.7,300,61550
20240110,09:49:01,0.7,100,61550
20240110,09:49:12,0.7,50,61550
20240110,09:49:16,0.7,150,61550
20240110,09:49:17,0.7,800,61550
20240110,09:49:21,0.7,50,61550
20240110,09:49:39,0.75,400,61550
20240110,09:49:40,0.75,50,61550
20240110,09:49:59,0.7,50,61550
20240110,09:50:47,0.7,50,61550
20240110,09:51:16,0.75,450,66000
20240110,09:52:17,0.75,50,66000
20240110,09:52:21,0.7,500,66000
20240110,09:52:25,0.7,750,66000
20240110,09:53:16,0.7,50,66000
20240110,09:53:53,0.7,100,66750
20240110,09:53:58,0.7,550,66750
20240110,09:55:16,0.7,50,66750
20240110,09:55:25,0.7,300,66750
20240110,09:55:29,0.7,350,66750
20240110,09:55:35,0.7,250,66750
20240110,09:55:36,0.7,350,66750
20240110,09:55:37,0.7,400,66750
20240110,09:55:39,0.7,400,66750
20240110,09:55:43,0.7,50,66750
20240110,09:55:58,0.7,50,66750
20240110,09:57:36,0.7,400,66750
20240110,09:58:33,0.75,50,65100
20240110,09:58:35,0.75,250,65100
20240110,09:58:36,0.75,150,65100
20240110,09:58:37,0.75,400,65100
20240110,09:59:46,0.75,50,65100
20240110,09:59:49,0.75,50,64700
20240110,09:59:50,0.75,50,64700
20240110,09:59:54,0.75,50,64700
20240110,10:00:47,0.7,700,64700
20240110,10:01:22,0.75,250,64700
20240110,10:01:31,0.7,50,64700
20240110,10:01:53,0.7,50,64700
20240110,10:03:52,0.7,250,64550
20240110,10:04:27,0.7,250,64550
20240110,10:04:41,0.7,100,64550
20240110,10:08:43,0.7,750,64950
20240110,10:08:44,0.7,150,64950
20240110,10:10:13,0.7,550,64950
20240110,10:10:23,0.7,2200,64950
20240110,10:10:54,0.7,250,64950
20240110,10:11:00,0.7,50,64950
20240110,10:13:01,0.7,50,64950
20240110,10:13:04,0.7,100,64500
20240110,10:17:08,0.75,250,64500
20240110,10:17:58,0.8,100,64250
20240110,10:20:25,0.8,50,64250
20240110,10:20:38,0.75,700,64250
20240110,10:20:46,0.75,50,64350
20240110,10:20:55,0.7,200,64350
20240110,10:22:36,0.75,250,64350
20240110,10:22:38,0.75,250,64350
20240110,10:22:43,0.75,350,64350
20240110,10:23:53,0.75,250,64350
20240110,10:24:02,0.7,300,64750
20240110,10:24:03,0.7,200,64750
20240110,10:24:37,0.75,250,64750
20240110,10:24:43,0.7,50,64750
20240110,10:24:48,0.75,650,64750
20240110,10:24:49,0.75,2200,64750
20240110,10:25:35,0.75,100,64750
20240110,10:25:45,0.75,50,64750
20240110,10:25:47,0.75,50,64750
20240110,10:26:09,0.75,600,64750
20240110,10:27:06,0.75,2150,64750
20240110,10:27:07,0.75,200,66300
20240110,10:27:09,0.75,50,66300
20240110,10:27:17,0.75,50,66300
20240110,10:27:18,0.75,50,66300
20240110,10:27:20,0.75,50,66300
20240110,10:27:25,0.75,200,66300
20240110,10:27:26,0.75,50,66300
20240110,10:27:29,0.75,50,66300
20240110,10:27:31,0.75,50,66300
20240110,10:27:52,0.75,250,66300
20240110,10:28:29,0.75,50,66300
20240110,10:29:28,0.7,250,66300
20240110,10:29:29,0.7,100,66300
20240110,10:29:30,0.7,100,66300
20240110,10:29:31,0.7,50,66300
20240110,10:30:00,0.7,50,68300
20240110,10:30:01,0.7,50,68300
20240110,10:30:10,0.7,100,68300
20240110,10:30:24,0.7,50,68300
20240110,10:30:29,0.7,50,68300
20240110,10:30:31,0.7,50,68300
20240110,10:30:49,0.7,1600,68300
20240110,10:31:07,0.7,650,68300
20240110,10:31:13,0.7,200,68300
20240110,10:31:28,0.7,350,68300
20240110,10:31:52,0.7,100,68300
20240110,10:33:00,0.7,50,68300
20240110,10:33:34,0.7,50,69400
20240110,10:33:57,0.7,50,69400
20240110,10:35:27,0.7,100,69400
20240110,10:36:38,0.75,50,69600
20240110,10:37:57,0.75,50,69600
20240110,10:38:34,0.7,600,69600
20240110,10:40:13,0.75,550,69500
20240110,10:41:08,0.75,100,69500
20240110,10:41:09,0.75,200,69500
20240110,10:41:12,0.75,100,69500
20240110,10:41:15,0.75,100,69500
20240110,10:42:19,0.75,100,69500
20240110,10:42:50,0.7,50,69200
20240110,10:43:00,0.75,50,69200
20240110,10:43:04,0.75,50,69200
20240110,10:43:13,0.7,50,69200
20240110,10:44:51,0.75,50,69300
20240110,10:46:32,0.75,100,69300
20240110,10:46:34,0.75,50,69300
20240110,10:46:40,0.75,50,69300
20240110,10:47:10,0.8,300,69300
20240110,10:47:20,0.7,50,69300
20240110,10:52:16,0.75,50,69100
20240110,10:52:16,0.7,50,69100
20240110,10:52:41,0.65,50,69100
20240110,10:52:41,0.7,100,69100
20240110,10:53:05,0.7,400,69100
20240110,10:53:14,0.65,100,69100
20240110,10:53:20,0.75,700,69100
20240110,10:53:21,0.75,100,69100
20240110,10:53:25,0.75,100,69100
20240110,10:53:52,0.7,100,69100
20240110,10:54:01,0.7,100,69050
20240110,10:54:47,0.65,50,69050
20240110,10:54:53,0.8,100,69050
20240110,10:54:54,0.7,50,69050
20240110,10:55:01,0.8,250,69050
20240110,10:55:04,0.65,50,69050
20240110,10:55:29,0.65,200,69050
20240110,10:55:33,0.7,100,69050
20240110,10:55:35,0.75,300,69050
20240110,10:55:41,0.75,50,69050
20240110,10:58:45,0.7,50,69050
20240110,10:59:15,0.75,200,69700
20240110,11:00:05,0.75,50,69600
20240110,11:00:43,0.7,100,69600
20240110,11:00:45,0.7,100,69600
20240110,11:00:47,0.7,50,69600
20240110,11:02:28,0.7,400,69600
20240110,11:02:29,0.75,1400,69600
20240110,11:02:56,0.75,1450,69600
20240110,11:02:58,0.75,1400,70950
20240110,11:02:58,0.75,250,70950
20240110,11:03:35,0.7,300,70950
20240110,11:04:05,0.7,400,70950
20240110,11:04:11,0.7,50,70950
20240110,11:05:54,0.75,250,73400
20240110,11:06:34,0.75,500,73400
20240110,11:08:17,0.7,250,73400
20240110,11:09:12,0.7,50,73950
20240110,11:09:18,0.7,350,73950
20240110,11:09:30,0.7,50,73950
20240110,11:10:01,0.7,250,73950
20240110,11:10:04,0.7,150,73950
20240110,11:10:25,0.7,100,73950
20240110,11:11:49,0.7,50,74300
20240110,11:13:52,0.7,50,74300
20240110,11:14:01,0.75,250,74300
20240110,11:14:02,0.75,250,74300
20240110,11:14:03,0.75,50,74300
20240110,11:14:04,0.75,250,74300
20240110,11:16:19,0.7,50,74300
20240110,11:16:22,0.75,100,74900
20240110,11:21:57,0.8,300,74900
20240110,11:22:08,0.8,900,74900
20240110,11:22:58,0.75,50,74900
20240110,11:26:01,0.85,1100,74900
20240110,11:28:33,0.8,300,74550
20240110,11:30:18,0.8,50,75300
20240110,11:30:22,0.8,50,75300
20240110,11:30:28,0.8,50,75300
20240110,11:31:46,0.75,50,75300
20240110,11:34:00,0.8,500,75300
20240110,11:36:28,0.8,250,75300
20240110,11:37:04,0.8,250,75500
20240110,11:41:31,0.8,50,75250
20240110,11:43:58,0.85,50,75250
20240110,11:44:19,0.8,50,75250
20240110,11:45:19,0.75,150,75250
20240110,11:46:18,0.85,250,75250
20240110,11:46:52,0.8,300,75250
20240110,11:48:12,0.85,50,74750
20240110,11:57:40,0.8,250,74750
20240110,11:57:42,0.8,300,74800
20240110,11:57:43,0.8,250,74800
20240110,11:57:52,0.8,250,74800
20240110,11:57:53,0.8,200,74800
20240110,11:58:16,0.8,500,74800
20240110,12:01:52,0.85,50,74250
20240110,12:02:39,0.8,300,74250
20240110,12:02:54,0.8,250,74250
20240110,12:02:55,0.8,300,74250
20240110,12:03:14,0.8,250,74250
20240110,12:03:27,0.8,50,74250
20240110,12:05:04,0.8,150,74250
20240110,12:10:55,0.75,100,74200
20240110,12:10:59,0.75,50,74200
20240110,12:11:06,0.75,400,74200
20240110,12:11:16,0.75,200,74200
20240110,12:12:32,0.8,600,74950
20240110,12:14:33,0.75,500,74950
20240110,12:14:47,0.75,250,74950
20240110,12:18:04,0.8,50,74950
20240110,12:18:11,0.75,250,75300
20240110,12:18:34,0.75,50,75300
20240110,12:20:28,0.75,150,75300
20240110,12:20:29,0.7,100,75300
20240110,12:20:33,0.75,50,75300
20240110,12:20:48,0.75,50,75300
20240110,12:20:57,0.75,50,75300
20240110,12:22:14,0.75,50,75400
20240110,12:22:54,0.75,50,75400
20240110,12:23:12,0.7,1050,75400
20240110,12:23:13,0.75,50,75400
20240110,12:23:33,0.75,50,75400
20240110,12:23:40,0.7,600,75400
20240110,12:24:24,0.7,50,76400
20240110,12:25:59,0.7,100,76400
20240110,12:26:46,0.65,250,76400
20240110,12:26:55,0.65,250,76400
20240110,12:27:08,0.65,600,76400
20240110,12:28:00,0.65,550,76600
20240110,12:28:01,0.65,50,76600
20240110,12:28:04,0.65,150,76600
20240110,12:29:02,0.65,150,76600
20240110,12:29:40,0.65,650,76600
20240110,12:29:55,0.65,350,76600
20240110,12:30:02,0.65,250,77250
20240110,12:30:23,0.65,50,77250
20240110,12:30:35,0.6,50,77250
20240110,12:32:21,0.65,300,77250
20240110,12:33:15,0.65,250,76950
20240110,12:34:33,0.65,800,76950
20240110,12:34:54,0.65,900,76950
20240110,12:37:13,0.7,200,76500
20240110,12:37:36,0.7,500,76500
20240110,12:37:49,0.65,1800,76500
20240110,12:40:28,0.65,500,76850
20240110,12:44:08,0.65,1500,77250
20240110,12:44:14,0.6,50,77250
20240110,12:44:21,0.6,300,77250
20240110,12:44:27,0.6,50,77250
20240110,12:44:39,0.65,2500,77250
20240110,12:45:25,0.7,50,77200
20240110,12:45:26,0.7,50,77200
20240110,12:45:29,0.7,50,77200
20240110,12:45:30,0.7,200,77200
20240110,12:45:31,0.7,50,77200
20240110,12:45:32,0.7,50,77200
20240110,12:45:45,0.7,1500,77200
20240110,12:45:47,0.7,1000,77200
20240110,12:46:44,0.65,250,77200
20240110,12:46:45,0.65,250,77200
20240110,12:46:55,0.65,400,77200
20240110,12:47:01,0.65,50,77200
20240110,12:47:16,0.65,50,77200
20240110,12:48:08,0.65,50,77550
20240110,12:49:10,0.6,50,77550
20240110,12:50:08,0.6,350,77550
20240110,12:50:11,0.6,50,77550
20240110,12:50:26,0.55,50,77550
20240110,12:50:45,0.6,100,77550
20240110,12:50:45,0.6,50,77550
20240110,12:51:03,0.6,150,77900
20240110,12:52:18,0.6,50,77900
20240110,12:52:46,0.6,50,77900
20240110,12:53:35,0.65,50,77900
20240110,12:59:20,0.6,500,77900
20240110,12:59:57,0.6,1600,78000
20240110,13:08:27,0.6,50,78000
20240110,13:09:20,0.65,50,78450
20240110,13:18:00,0.65,50,78450
20240110,13:29:25,0.65,150,78450
20240110,13:35:29,0.65,50,78450
20240110,13:36:38,0.65,150,78450
20240110,13:36:52,0.65,1750,78450
20240110,13:37:21,0.55,50,78450
20240110,13:37:33,0.6,50,78450
20240110,13:38:25,0.6,50,78450
20240110,13:42:16,0.6,50,78650
20240110,13:45:14,0.6,250,78600
20240110,13:45:38,0.6,350,78600
20240110,13:46:24,0.6,350,78600
20240110,13:46:48,0.6,500,78600
20240110,13:47:01,0.6,50,78600
20240110,13:47:53,0.55,50,78600
20240110,13:52:09,0.55,500,77650
20240110,13:54:55,0.6,250,77650
20240110,13:56:01,0.55,50,77650
20240110,14:06:24,0.55,100,77650
20240110,14:07:05,0.55,100,77550
20240110,14:13:21,0.5,250,77550
20240110,14:13:34,0.5,200,77550
20240110,14:19:36,0.45,300,77950
20240110,14:22:14,0.45,1500,78250
20240110,14:25:26,0.45,400,78250
20240110,14:25:56,0.45,500,78550
20240110,14:25:57,0.45,50,78550
20240110,14:26:02,0.5,50,78550
20240110,14:26:05,0.45,1200,78550
20240110,14:27:00,0.45,750,78550
20240110,14:28:02,0.45,150,77100
20240110,14:30:35,0.45,150,77100
20240110,14:35:22,0.4,100,77100
20240110,14:35:23,0.4,550,77100
20240110,14:35:24,0.35,650,77100
20240110,14:35:39,0.35,250,77100
20240110,14:36:46,0.35,600,76300
20240110,14:37:38,0.45,50,76300
20240110,14:38:09,0.45,350,76300
20240110,14:38:15,0.45,250,76300
20240110,14:38:36,0.45,300,76300
20240110,14:38:36,0.45,250,76300
20240110,14:39:20,0.45,300,77400
20240110,14:39:36,0.45,50,77400
20240110,14:43:37,0.4,300,77400
20240110,14:46:21,0.4,250,77400
20240110,14:46:40,0.4,250,77400
20240110,14:47:32,0.55,3000,77400
20240110,14:47:40,0.4,250,77400
20240110,14:47:49,0.45,500,77400
20240110,14:48:28,0.4,250,77400
20240110,14:48:41,0.4,250,75350
20240110,14:52:05,0.4,350,75350
20240110,14:59:48,0.4,300,75150
20240110,15:00:08,0.4,550,75150
20240110,15:00:49,0.5,250,75150
20240110,15:00:49,0.5,50,75050
20240110,15:00:58,0.4,500,75050
20240110,15:01:07,0.45,750,75050
20240110,15:01:14,0.45,250,75050
20240110,15:01:20,0.4,150,75050
20240110,15:01:24,0.45,250,75050
20240110,15:01:26,0.45,200,75050
20240110,15:01:31,0.4,1100,75050
20240110,15:01:31,0.4,300,75050
20240110,15:01:41,0.45,250,75050
20240110,15:01:42,0.45,850,75050
20240110,15:01:43,0.4,500,75050
20240110,15:02:09,0.45,300,75050
20240110,15:02:10,0.45,100,75050
20240110,15:02:32,0.5,1600,75050
20240110,15:02:37,0.5,250,75050
20240110,15:02:38,0.45,2150,75050
20240110,15:02:56,0.45,250,75050
20240110,15:03:27,0.45,400,81300
20240110,15:03:29,0.45,300,81300
20240110,15:03:30,0.45,250,81300
20240110,15:03:31,0.45,450,81300
20240110,15:03:41,0.45,500,81300
20240110,15:03:44,0.45,100,81300
20240110,15:04:17,0.5,800,81300
20240110,15:04:39,0.55,2150,81300
20240110,15:05:00,0.5,300,81300
20240110,15:05:17,0.45,700,81300
20240110,15:05:18,0.45,200,81300
20240110,15:05:58,0.45,500,81300
20240110,15:06:09,0.4,50,81300
20240110,15:06:10,0.4,50,81300
20240110,15:06:28,0.45,500,82800
20240110,15:07:43,0.45,400,82800
20240110,15:07:58,0.4,150,82800
20240110,15:07:59,0.4,350,82800
20240110,15:08:06,0.4,550,82800
20240110,15:08:15,0.4,300,82800
20240110,15:12:06,0.4,200,82800
20240110,15:14:23,0.4,800,82650
20240110,15:15:00,0.4,100,82650
20240110,15:15:13,0.4,650,82650
20240110,15:20:07,0.4,200,82150
20240110,15:20:33,0.4,1250,82150
20240110,15:21:19,0.4,600,82150
20240110,15:21:19,0.4,200,82150
20240110,15:22:06,0.4,250,82050
20240110,15:22:28,0.35,300,82050
20240110,15:23:32,0.3,100,82050
20240110,15:23:32,0.3,50,82050
20240110,15:23:47,0.3,250,82050
20240110,15:25:52,0.4,1000,81800
20240110,15:25:56,0.35,150,81800
20240110,15:26:01,0.35,150,81800
20240110,15:26:05,0.3,500,81800
20240110,15:26:10,0.35,100,81800
20240110,15:26:12,0.4,1400,81800
20240110,15:26:12,0.4,1950,81800
20240110,15:26:32,0.4,300,81800
20240110,15:27:18,0.4,900,81800
20240110,15:27:25,0.4,900,83100
20240110,15:27:27,0.5,1000,83100
20240110,15:27:27,0.55,500,83100
20240110,15:27:37,0.4,550,83100
20240110,15:27:38,0.4,500,83100
20240110,15:27:46,0.45,250,83100
20240110,15:27:51,0.35,250,83100
20240110,15:27:58,0.35,250,83100
20240110,15:28:00,0.45,50,83100
20240110,15:28:20,0.45,600,83100
20240110,15:28:30,0.35,700,83100
20240110,15:28:33,0.4,50,83100
20240110,15:29:12,0.45,1800,83100
20240110,15:29:13,0.45,200,83100
20240110,15:29:24,0.45,300,83100
20240110,15:29:34,0.45,700,83100
20240110,15:29:35,0.5,850,83100
20240110,15:29:53,0.35,1800,83100
20240111,09:15:02,0.35,1,83900
20240111,09:15:02,0.35,100,83900
20240111,09:15:04,0.3,1300,83900
20240111,09:15:05,0.4,100,83900
20240111,09:15:07,0.2,1500,83900
20240111,09:15:08,0.35,750,83900
20240111,09:15:11,0.35,200,83900
20240111,09:15:13,0.2,50,83900
20240111,09:15:15,0.2,250,83900
20240111,09:15:16,0.25,1500,83900
20240111,09:15:28,0.25,100,83900
20240111,09:15:30,0.3,950,83900
20240111,09:15:30,0.25,150,83900
20240111,09:15:37,0.3,2200,83900
20240111,09:15:38,0.35,1800,83900
20240111,09:15:39,0.25,350,83900
20240111,09:15:44,0.25,100,83900
20240111,09:15:45,0.25,2150,83900
20240111,09:15:47,0.25,2000,83900
20240111,09:15:51,0.25,500,83900
20240111,09:15:58,0.3,2050,83900
20240111,09:15:59,0.25,100,83900
20240111,09:15:59,0.2,1800,83900
20240111,09:16:07,0.25,100,83900
20240111,09:16:09,0.25,2000,83900
20240111,09:16:13,0.25,1850,83900
20240111,09:16:23,0.3,250,83900
20240111,09:16:26,0.25,300,83900
20240111,09:16:33,0.25,150,83900
20240111,09:16:38,0.3,50,83900
20240111,09:16:41,0.25,150,83900
20240111,09:16:54,0.25,350,83900
20240111,09:17:07,0.3,100,83900
20240111,09:18:47,0.25,5250,85150
20240111,09:19:12,0.25,2050,85150
20240111,09:19:12,0.25,1800,85150
20240111,09:19:19,0.25,500,85150
20240111,09:19:33,0.25,50,85150
20240111,09:20:36,0.25,50,85150
20240111,09:21:59,0.25,50,84850
20240111,09:23:06,0.2,1150,84850
20240111,09:23:06,0.2,1800,84850
20240111,09:24:46,0.2,50,84850
20240111,09:25:52,0.2,1800,84850
20240111,09:25:55,0.2,1800,84850
20240111,09:26:00,0.2,1800,84850
20240111,09:26:53,0.2,1800,84850
20240111,09:28:05,0.2,1350,84850
20240111,09:28:33,0.2,600,84850
20240111,09:29:07,0.2,1000,84850
20240111,09:29:09,0.2,1000,84850
20240111,09:29:11,0.2,1000,84850
20240111,09:29:15,0.2,900,84850
20240111,09:29:38,0.15,50,84750
20240111,09:29:42,0.15,200,84750
20240111,09:29:47,0.2,500,84750
20240111,09:29:48,0.2,350,84750
20240111,09:30:08,0.2,200,84750
20240111,09:31:14,0.2,50,84750
20240111,09:31:18,0.2,50,84750
20240111,09:31:38,0.2,50,84750
20240111,09:31:58,0.2,50,84750
20240111,09:32:09,0.2,250,84750
20240111,09:32:14,0.2,100,84750
20240111,09:32:32,0.25,1800,84750
20240111,09:32:33,0.2,500,86150
20240111,09:32:35,0.25,1800,86150
20240111,09:32:38,0.25,1800,86150
20240111,09:33:22,0.2,300,86150
20240111,09:33:33,0.2,250,86150
20240111,09:33:37,0.2,750,86150
20240111,09:33:41,0.2,350,86150
20240111,09:33:48,0.2,1000,86150
20240111,09:34:26,0.2,350,86150
20240111,09:35:15,0.2,1800,86150
20240111,09:35:28,0.2,1400,86150
20240111,09:35:28,0.2,300,86150
20240111,09:36:02,0.15,100,86150
20240111,09:37:16,0.2,50,89650
20240111,09:38:13,0.15,50,89650
20240111,09:39:15,0.2,350,90000
20240111,09:40:07,0.2,50,90000
20240111,09:40:20,0.2,500,90000
20240111,09:42:04,0.15,100,90250
20240111,09:42:34,0.2,900,90250
20240111,09:42:36,0.2,1900,90250
20240111,09:45:32,0.25,500,90250
20240111,09:45:39,0.15,500,90050
20240111,09:49:09,0.2,300,90050
20240111,09:51:02,0.3,26300,90000
20240111,09:51:03,0.3,1600,90000
20240111,09:51:26,0.2,600,90000
20240111,09:51:29,0.25,1500,90000
20240111,09:51:58,0.2,50,90000
20240111,09:52:52,0.2,50,90000
20240111,09:52:53,0.2,50,90000
20240111,09:53:00,0.2,50,90000
20240111,09:53:03,0.2,50,90000
20240111,09:53:09,0.2,50,90000
20240111,09:53:14,0.2,50,90000
20240111,09:53:54,0.15,7200,90000
20240111,09:53:55,0.15,17800,115000
20240111,09:55:32,0.2,200,115000
20240111,10:03:11,0.2,50,115000
20240111,10:04:02,0.2,50,100900
20240111,10:07:06,0.2,1800,100900
20240111,10:07:07,0.2,1600,100900
20240111,10:07:30,0.15,50,100900
20240111,10:09:44,0.2,300,100900
20240111,10:10:15,0.2,500,98400
20240111,10:10:40,0.2,200,98400
20240111,10:10:45,0.2,900,98400
20240111,10:12:16,0.2,100,97200
20240111,10:12:26,0.2,100,97200
20240111,10:16:24,0.2,100,97200
20240111,10:18:56,0.2,50,97200
20240111,10:19:31,0.15,1900,97200
20240111,10:19:43,0.2,250,97200
20240111,10:19:47,0.2,100,97200
20240111,10:19:54,0.2,4000,97200
20240111,10:19:55,0.15,1050,97200
20240111,10:19:57,0.2,1250,97200
20240111,10:19:58,0.2,1150,97200
20240111,10:19:59,0.15,150,97200
20240111,10:20:04,0.15,750,97200
20240111,10:20:15,0.15,700,97200
20240111,10:20:24,0.15,1000,97200
20240111,10:21:24,0.2,150,97200
20240111,10:21:51,0.15,1800,88250
20240111,10:22:30,0.15,300,88250
20240111,10:22:43,0.15,250,88250
20240111,10:22:44,0.15,250,88250
20240111,10:23:35,0.15,250,88250
20240111,10:23:50,0.15,250,85650
20240111,10:24:27,0.15,1800,85650
20240111,10:25:16,0.15,250,85650
20240111,10:25:19,0.15,300,85650
20240111,10:25:55,0.15,1800,85650
20240111,10:26:39,0.15,1800,85650
20240111,10:29:49,0.15,1800,83000
20240111,10:29:52,0.15,1800,83000
20240111,10:30:08,0.15,1800,83000
20240111,10:30:11,0.15,1800,83000
20240111,10:30:12,0.1,1800,83000
20240111,10:30:13,0.1,3700,83000
20240111,10:30:14,0.1,3600,83000
20240111,10:30:16,0.15,200,83000
20240111,10:30:19,0.15,150,83000
20240111,10:30:20,0.1,1800,83000
20240111,10:30:21,0.15,50,83000
20240111,10:30:34,0.1,100,83000
20240111,10:30:48,0.1,1850,83000
20240111,10:30:57,0.15,50,83000
20240111,10:30:59,0.15,50,83000
20240111,10:31:00,0.1,1800,83000
20240111,10:31:02,0.15,50,83000
20240111,10:31:09,0.15,50,83000
20240111,10:31:16,0.1,1850,83000
20240111,10:31:25,0.1,1800,83000
20240111,10:32:16,0.15,1300,83000
20240111,10:32:24,0.1,1800,83000
20240111,10:32:27,0.1,1800,83000
20240111,10:32:31,0.1,1800,83000
20240111,10:32:33,0.1,1800,83000
20240111,10:32:36,0.1,1800,83000
20240111,10:32:38,0.1,1800,83000
20240111,10:32:45,0.1,1800,83000
20240111,10:33:44,0.1,1850,76400
20240111,10:33:44,0.1,1800,76400
20240111,10:33:55,0.1,1800,76400
20240111,10:33:58,0.1,1800,76400
20240111,10:34:10,0.1,1800,76400
20240111,10:34:20,0.1,1800,76400
20240111,10:34:48,0.1,1800,76400
20240111,10:36:07,0.1,1800,76400
20240111,10:36:15,0.1,50,76400
20240111,10:36:17,0.1,1800,76400
20240111,10:36:18,0.1,50,76400
20240111,10:36:20,0.1,1800,76400
20240111,10:36:22,0.1,1800,76400
20240111,10:36:23,0.1,1800,76400
20240111,10:36:24,0.1,50,76400
20240111,10:36:25,0.1,1800,76400
20240111,10:36:26,0.1,1800,76400
20240111,10:36:27,0.1,1800,76400
20240111,10:36:28,0.1,7300,76400
20240111,10:36:29,0.1,4900,76400
20240111,10:36:32,0.1,450,76400
20240111,10:36:33,0.1,150,76400
20240111,10:36:37,0.1,1800,76400
20240111,10:36:38,0.1,1800,76400
20240111,10:36:39,0.05,3700,76400
20240111,10:36:41,0.05,5900,76400
20240111,10:36:43,0.1,3700,76400
20240111,10:36:44,0.1,600,76400
20240111,10:36:56,0.1,300,76400
20240111,10:36:57,0.1,3200,76400
20240111,10:37:00,0.1,200,76400
20240111,10:37:11,0.1,500,76400
20240111,10:37:18,0.1,4100,76400
20240111,10:37:23,0.1,100,76400
20240111,10:37:51,0.1,1000,76400
20240111,10:37:53,0.1,100,76400
20240111,10:37:53,0.1,50,76400
20240111,10:38:39,0.1,1000,76400
20240111,10:38:39,0.1,350,76400
20240111,10:38:49,0.1,10000,52900
20240111,10:39:08,0.1,600,52900
20240111,10:39:08,0.1,200,52900
20240111,10:39:09,0.1,750,52900
20240111,10:39:11,0.1,250,52900
20240111,10:39:48,0.1,650,52900
20240111,10:40:05,0.1,250,52900
20240111,10:40:17,0.1,250,52900
20240111,10:40:40,0.1,300,52900
20240111,10:41:21,0.1,200,52900
20240111,10:41:38,0.1,50,52900
20240111,10:42:34,0.1,1800,52700
20240111,10:42:36,0.1,300,52700
20240111,10:42:44,0.1,50,52700
20240111,10:43:21,0.1,250,52700
20240111,10:44:05,0.1,900,52700
20240111,10:44:09,0.1,200,52700
20240111,10:44:10,0.1,100,52700
20240111,10:45:02,0.1,50,50450
20240111,10:45:03,0.1,850,50450
20240111,10:46:27,0.1,50,50450
20240111,10:52:34,0.1,200,50450
20240111,10:53:47,0.15,50,50350
20240111,10:55:02,0.1,500,50350
20240111,10:55:03,0.1,450,50350
20240111,10:55:03,0.1,150,50350
20240111,10:55:20,0.15,200,50350
20240111,10:55:21,0.05,1500,50350
20240111,10:55:30,0.05,200,50350
20240111,10:55:36,0.1,100,50350
20240111,10:55:41,0.1,1600,50350
20240111,10:55:42,0.1,300,50350
20240111,10:56:33,0.05,1800,50350
20240111,10:56:35,0.05,1800,50350
20240111,10:56:37,0.05,1800,50350
20240111,10:57:05,0.1,150,50450
20240111,10:57:33,0.15,50,50450
20240111,10:57:34,0.1,100,50450
20240111,10:58:13,0.1,150,50450
20240111,11:00:54,0.1,300,50350
20240111,11:02:04,0.1,100,50350
20240111,11:02:29,0.05,50,50350
20240111,11:02:30,0.1,100,50350
20240111,11:06:51,0.1,200,49950
20240111,11:07:22,0.1,50,49950
20240111,11:07:37,0.1,1000,49950
20240111,11:07:39,0.1,100,49950
20240111,11:07:43,0.15,1000,49950
20240111,11:07:54,0.1,50,49950
20240111,11:08:49,0.1,50,49750
20240111,11:09:12,0.05,400,49750
20240111,11:16:27,0.1,200,49750
20240111,11:18:49,0.1,50,49750
20240111,11:19:07,0.1,400,49750
20240111,11:19:41,0.1,50,49750
20240111,11:19:54,0.05,50,49750
20240111,11:21:45,0.05,50,49750
20240111,11:21:50,0.05,50,49300
20240111,11:22:54,0.05,50,49300
20240111,11:29:21,0.1,1800,49300
20240111,11:29:29,0.05,50,49300
20240111,11:30:00,0.1,100,49300
20240111,11:30:06,0.05,1800,49400
20240111,11:31:29,0.1,550,49400
20240111,11:36:21,0.1,900,49400
20240111,11:36:22,0.1,900,48850
20240111,11:36:23,0.1,900,48850
20240111,11:36:25,0.1,900,48850
20240111,11:36:27,0.1,900,48850
20240111,11:39:07,0.1,200,48850
20240111,11:39:28,0.1,100,48850
20240111,11:39:31,0.1,150,48850
20240111,11:40:06,0.1,100,48850
20240111,11:40:43,0.1,100,48850
20240111,11:40:50,0.1,50,48850
20240111,11:45:51,0.15,700,48850
20240111,11:52:48,0.05,100,48050
20240111,11:54:08,0.1,100,48050
20240111,11:54:43,0.05,1750,48050
20240111,11:55:44,0.1,300,48050
20240111,11:56:28,0.15,50,48050
20240111,11:56:29,0.1,1650,48050
20240111,11:57:26,0.05,50,48050
20240111,11:59:25,0.1,50,47750
20240111,12:04:58,0.15,500,47750
20240111,12:06:14,0.1,250,47750
20240111,12:06:40,0.1,250,47750
20240111,12:07:44,0.1,250,47750
20240111,12:08:02,0.1,300,47750
20240111,12:08:51,0.1,250,47750
20240111,12:08:51,0.1,400,47750
20240111,12:09:05,0.1,200,47750
20240111,12:09:26,0.05,300,47750
20240111,12:09:33,0.1,50,47750
20240111,12:10:35,0.05,50,47750
20240111,12:11:12,0.05,150,47750
20240111,12:12:47,0.1,200,47750
20240111,12:13:03,0.1,100,47750
20240111,12:18:17,0.15,550,47750
20240111,12:24:42,0.1,400,47750
20240111,12:25:27,0.1,500,47750
20240111,12:26:23,0.1,100,47750
20240111,12:26:58,0.1,100,46750
20240111,12:36:37,0.05,50,46750
20240111,12:43:39,0.05,100,46750
20240111,12:48:22,0.1,1800,46750
20240111,12:58:42,0.1,400,46750
20240111,13:00:16,0.1,50,46650
20240111,13:07:08,0.1,50,46600
20240111,13:07:13,0.1,50,46600
20240111,13:07:53,0.05,100,46600
