date,time,tick_price,volume,open_interest
20240109,09:16:18,577.65,100,100
20240109,09:27:12,556.35,300,100
20240109,09:30:39,564.0,100,100
20240109,09:34:25,570.65,50,400
20240109,09:41:27,592.0,100,450
20240109,09:42:22,598.0,200,450
20240109,09:50:24,598.0,100,450
20240109,11:20:24,540.0,50,450
20240109,15:00:09,540.0,50,500
20240109,15:00:19,662.45,50,550
20240109,15:00:29,670.2,50,550
20240109,15:00:41,673.4,50,550
20240109,15:00:51,675.4,50,550
20240110,15:04:44,557.25,1,750
20240110,15:04:44,557.25,100,750
20240111,13:30:08,582.0,1,850
20240111,13:30:08,582.0,100,850
20240111,15:01:17,610.0,50,850
20240111,15:17:17,610.0,50,850
20240112,09:20:09,508.4,1,850
20240112,09:20:09,507.85,1,850
20240112,09:20:09,509.35,5000,850
20240112,09:20:10,509.9,250,850
20240112,09:20:11,509.6,100,850
20240112,09:20:12,508.55,4550,850
20240112,09:20:29,505.25,150,850
20240112,09:21:59,505.25,600,10750
20240112,09:22:42,509.1,600,10750
20240112,09:24:26,502.25,550,10850
20240112,09:24:44,502.25,150,10850
20240112,09:25:06,506.65,50,10850
20240112,09:25:23,504.75,50,10850
20240112,09:25:51,508.05,50,10850
20240112,09:30:35,493.9,50,11200
20240112,09:34:00,493.9,50,11200
20240112,09:34:36,502.7,200,11200
20240112,09:35:22,498.25,50,11050
20240112,09:36:10,505.2,50,11050
20240112,09:37:00,508.2,550,11050
20240112,09:39:01,506.15,50,11650
20240112,09:40:59,502.35,50,11650
20240112,09:41:29,499.45,100,11550
20240112,09:41:51,500.0,150,11550
20240112,09:42:35,499.15,150,11550
20240112,09:43:00,501.05,50,11550
20240112,09:44:01,491.8,350,11550
20240112,09:44:02,491.85,50,11550
20240112,09:44:10,494.25,50,11550
20240112,09:44:22,491.1,50,11550
20240112,09:46:44,491.1,50,11150
20240112,09:47:42,496.05,50,11200
20240112,09:47:54,496.55,50,11200
20240112,09:54:02,497.15,50,11200
20240112,09:55:00,486.75,50,11200
20240112,09:59:41,482.75,50,11200
20240112,10:03:25,470.6,100,11150
20240112,10:04:29,461.0,50,11150
20240112,10:05:25,452.0,100,11150
20240112,10:07:34,438.95,1000,11250
20240112,10:08:31,438.95,50,11250
20240112,10:09:40,427.0,250,11250
20240112,10:09:52,427.0,50,11250
20240112,10:11:21,433.15,50,11250
20240112,10:11:59,434.3,50,11400
20240112,10:15:01,439.5,50,11450
20240112,10:16:01,431.55,250,11450
20240112,10:21:19,430.5,300,11700
20240112,10:21:39,432.0,300,11700
20240112,10:22:18,436.65,50,11700
20240112,10:24:00,435.35,250,11900
20240112,10:24:18,434.3,50,11900
20240112,10:25:46,430.55,50,11900
20240112,10:26:09,423.65,100,11900
20240112,10:27:01,419.0,50,11850
20240112,10:28:12,410.0,100,11850
20240112,10:30:11,410.0,50,12000
20240112,10:30:57,423.75,50,12000
20240112,10:33:00,432.95,50,12000
20240112,10:34:28,429.7,50,12000
20240112,10:35:41,427.85,50,12000
20240112,10:36:42,419.5,50,12000
20240112,10:38:47,421.85,50,12000
20240112,10:39:51,413.05,50,12050
20240112,10:40:41,408.2,150,12050
20240112,10:41:01,401.4,50,12050
20240112,10:41:08,400.25,50,12050
20240112,10:41:19,400.25,150,12050
20240112,10:41:30,404.0,50,12050
20240112,10:41:35,405.2,50,12000
20240112,10:41:40,407.4,50,12000
20240112,10:41:42,407.9,100,12000
20240112,10:42:19,419.75,50,12000
20240112,10:43:15,416.0,150,12000
20240112,10:44:37,412.35,50,12100
20240112,10:45:28,417.35,50,12100
20240112,10:46:01,417.1,400,12100
20240112,10:46:33,410.85,150,12100
20240112,10:47:26,403.25,200,12100
20240112,10:47:27,404.15,50,12100
20240112,10:47:45,406.95,150,12100
20240112,10:50:39,407.4,50,12250
20240112,10:51:13,410.15,100,12250
20240112,10:51:14,408.65,50,12250
20240112,10:54:41,417.85,100,12250
20240112,10:55:47,414.05,500,12250
20240112,10:56:31,410.8,500,12250
20240112,10:59:39,403.45,1800,12300
20240112,10:59:41,403.9,1800,12300
20240112,11:00:40,395.0,50,12300
20240112,11:01:11,392.55,100,12300
20240112,11:01:12,392.55,100,12300
20240112,11:01:13,392.55,100,12300
20240112,11:01:14,394.85,50,12300
20240112,11:01:18,398.85,50,12300
20240112,11:01:34,405.05,250,12300
20240112,11:01:49,403.15,50,12300
20240112,11:02:03,405.7,50,12300
20240112,11:03:12,405.0,250,12650
20240112,11:04:40,414.45,50,12650
20240112,11:05:16,413.05,50,12650
20240112,11:05:30,415.0,250,12650
20240112,11:06:10,410.65,100,12750
20240112,11:07:51,419.95,50,12750
20240112,11:09:01,419.95,50,12800
20240112,11:10:16,423.15,100,12800
20240112,11:14:00,419.1,1800,12950
20240112,11:14:41,421.7,50,13450
20240112,11:14:48,422.45,1800,13450
20240112,11:15:07,423.35,100,13450
20240112,11:16:14,416.45,50,13450
20240112,11:17:52,416.45,250,14650
20240112,11:17:54,415.9,50,14650
20240112,11:18:28,413.2,200,14650
20240112,11:18:33,410.3,50,14650
20240112,11:20:32,408.4,50,14650
20240112,11:21:04,407.4,50,15000
20240112,11:21:27,402.95,50,15000
20240112,11:22:02,406.15,200,15000
20240112,11:22:04,406.25,50,15000
20240112,11:24:03,410.45,50,14900
20240112,11:24:07,408.85,150,14900
20240112,11:24:42,411.15,50,14900
20240112,11:25:28,411.15,50,14900
20240112,11:25:40,412.2,50,14900
20240112,11:26:15,411.0,50,14900
20240112,11:27:03,412.25,50,14850
20240112,11:27:51,413.95,100,14850
20240112,11:28:11,413.95,50,14850
20240112,11:30:05,405.2,50,14850
20240112,11:30:44,409.6,50,14850
20240112,11:31:54,415.0,50,14850
20240112,11:32:30,418.35,50,14850
20240112,11:33:51,417.0,50,14800
20240112,11:34:48,413.0,50,14800
20240112,11:35:13,409.4,50,14800
20240112,11:35:28,410.6,50,14800
20240112,11:41:51,412.35,50,14900
20240112,11:42:18,410.3,50,14900
20240112,11:43:36,404.75,250,14900
20240112,11:43:56,403.5,50,14900
20240112,11:44:02,400.0,250,14900
20240112,11:44:24,400.2,50,14900
20240112,11:49:06,402.55,200,15400
20240112,11:49:07,400.7,50,15400
20240112,11:49:13,403.15,100,15400
20240112,11:49:53,405.0,600,15400
20240112,11:50:07,405.55,50,15400
20240112,11:50:41,400.95,100,16100
20240112,11:51:21,395.0,50,16100
20240112,11:51:23,394.65,250,16100
20240112,11:51:33,397.4,50,16100
20240112,11:52:47,401.95,50,16100
20240112,11:53:36,405.3,150,16100
20240112,11:54:02,404.8,150,16100
20240112,11:57:17,406.1,150,16200
20240112,11:58:15,403.0,250,16200
20240112,12:01:03,409.9,200,16050
20240112,12:01:07,411.2,700,16050
20240112,12:01:22,410.8,200,16050
20240112,12:01:59,413.0,250,16050
20240112,12:02:03,413.3,350,16050
20240112,12:02:10,414.0,100,16050
20240112,12:02:13,415.9,700,16050
20240112,12:02:32,417.35,100,16050
20240112,12:02:51,413.55,100,16050
20240112,12:02:52,413.95,450,16700
20240112,12:03:37,422.4,100,16700
20240112,12:03:47,426.15,100,16700
20240112,12:06:11,425.9,50,17350
20240112,12:06:14,426.3,50,17350
20240112,12:06:20,425.65,250,17350
20240112,12:06:25,424.1,100,17350
20240112,12:06:59,430.0,50,17350
20240112,12:08:46,415.35,100,16950
20240112,12:12:02,422.6,50,17050
20240112,12:15:37,415.55,150,17100
20240112,12:17:08,417.75,50,17100
20240112,12:18:00,412.05,100,17100
20240112,12:18:21,412.0,150,17250
20240112,12:18:57,418.4,150,17250
20240112,12:22:03,420.45,50,17100
20240112,12:43:16,412.9,50,17100
20240112,12:50:11,406.0,50,17100
20240112,12:51:03,403.4,50,17100
20240112,12:51:53,400.0,50,17100
20240112,12:52:05,398.0,50,17100
20240112,12:52:19,400.95,50,17100
20240112,12:52:45,396.65,50,17100
20240112,12:54:22,388.0,100,17100
20240112,12:54:56,388.0,100,17100
20240112,12:55:02,387.9,100,17100
20240112,12:55:33,387.9,50,17100
20240112,12:55:39,383.1,150,17100
20240112,12:55:41,381.45,50,17100
20240112,12:55:42,378.55,850,17100
20240112,12:55:55,376.05,100,17100
20240112,12:55:56,376.05,150,17100
20240112,12:56:22,381.35,50,17100
20240112,12:56:25,378.4,150,17100
20240112,12:56:27,376.85,100,17100
20240112,12:56:38,378.6,50,17100
20240112,12:56:42,380.05,50,17100
20240112,12:57:28,380.85,50,18150
20240112,12:58:01,383.1,50,18150
20240112,12:58:16,383.0,50,18150
20240112,12:58:17,384.0,50,18150
20240112,12:58:22,384.0,50,18150
20240112,12:59:02,388.0,100,18150
20240112,12:59:03,388.35,50,18150
20240112,12:59:05,390.0,100,18150
20240112,12:59:08,388.35,100,18150
20240112,12:59:16,385.65,50,18150
20240112,12:59:18,385.8,100,18150
20240112,13:00:00,386.65,700,17950
20240112,13:00:23,387.05,50,17950
20240112,13:00:49,382.45,300,17950
20240112,13:00:50,382.5,50,17950
20240112,13:02:35,381.0,100,17950
20240112,13:02:49,378.85,50,17950
20240112,13:03:03,382.0,50,17400
20240112,13:03:05,383.2,100,17400
20240112,13:03:23,384.0,100,17400
20240112,13:03:37,386.35,350,17400
20240112,13:03:38,386.2,50,17400
20240112,13:07:03,390.15,100,17450
20240112,13:07:05,390.95,50,17450
20240112,13:07:05,389.05,100,17450
20240112,13:08:00,389.0,50,17450
20240112,13:08:04,389.7,50,17450
20240112,13:08:14,390.75,100,17450
20240112,13:10:22,392.65,100,17600
20240112,13:14:03,386.85,100,17600
20240112,13:15:50,382.8,50,17550
20240112,13:15:54,379.0,50,17550
20240112,13:21:01,383.5,150,17600
20240112,13:21:18,383.25,50,17600
20240112,13:22:07,384.3,100,17600
20240112,13:27:47,374.0,50,17550
20240112,13:28:39,372.75,300,17550
20240112,13:28:46,372.75,900,17550
20240112,13:28:48,375.25,200,17550
20240112,13:28:52,373.5,50,17550
20240112,13:29:05,376.0,50,17550
20240112,13:30:19,379.0,50,16900
20240112,13:30:51,375.95,250,16900
20240112,13:31:44,368.55,650,16900
20240112,13:31:58,366.35,50,16900
20240112,13:32:07,365.15,150,16900
20240112,13:32:16,365.15,50,16900
20240112,13:32:18,367.35,50,16900
20240112,13:32:32,367.7,50,16900
20240112,13:32:59,372.35,200,16750
20240112,13:34:05,373.0,600,16750
20240112,13:34:07,374.0,50,16750
20240112,13:35:07,375.4,50,16750
20240112,13:35:57,371.7,100,16750
20240112,13:36:19,368.0,600,16900
20240112,13:36:24,367.45,50,16900
20240112,13:36:42,371.1,50,16900
20240112,13:37:32,368.0,50,16900
20240112,13:38:26,365.5,50,16900
20240112,13:38:32,364.15,50,16900
20240112,13:39:04,364.15,500,16750
20240112,13:39:43,360.0,50,16750
20240112,13:40:07,360.0,50,16750
20240112,13:40:18,360.9,50,16750
20240112,13:40:35,358.35,50,16750
20240112,13:41:15,354.0,150,16750
20240112,13:41:17,354.0,250,16750
20240112,13:41:42,348.0,100,16750
20240112,13:41:57,347.85,300,16750
20240112,13:42:30,347.5,50,17100
20240112,13:42:32,345.0,150,17100
20240112,13:42:33,344.75,250,17100
20240112,13:42:35,344.65,50,17100
20240112,13:42:38,342.2,250,17100
20240112,13:42:48,341.3,50,17100
20240112,13:43:02,341.3,200,17100
20240112,13:43:40,346.65,150,17100
20240112,13:43:43,349.95,50,17100
20240112,13:43:49,348.1,50,17100
20240112,13:44:06,348.1,100,17100
20240112,13:44:51,352.5,100,17100
20240112,13:45:50,350.2,50,17750
20240112,13:46:21,352.8,50,17750
20240112,13:46:27,353.85,250,17750
20240112,13:46:36,353.95,50,17750
20240112,13:46:45,356.0,100,17750
20240112,13:46:47,356.85,300,17750
20240112,13:47:24,355.2,200,17750
20240112,13:49:46,352.25,250,18000
20240112,13:49:58,349.65,100,18000
20240112,13:50:33,349.2,200,18000
20240112,13:50:41,350.5,100,18000
20240112,13:51:07,350.75,100,18300
20240112,13:52:58,346.0,50,18300
20240112,13:53:01,345.6,100,18300
20240112,13:53:08,344.9,50,18300
20240112,13:53:48,345.9,50,18300
20240112,13:54:42,347.25,50,18450
20240112,13:54:46,346.15,100,18450
20240112,13:55:03,344.0,100,18450
20240112,13:55:09,344.1,400,18450
20240112,13:55:23,342.1,200,18450
20240112,13:57:01,349.9,350,18800
20240112,13:57:02,348.7,150,18800
20240112,13:57:20,349.8,50,18800
20240112,13:57:45,350.75,50,18800
20240112,13:57:55,348.45,50,18800
20240112,13:58:16,348.0,100,18800
20240112,13:59:20,352.6,50,18800
20240112,13:59:26,352.05,50,18800
20240112,13:59:28,351.0,100,18800
20240112,13:59:47,349.0,100,18800
20240112,13:59:53,348.0,200,18800
20240112,13:59:55,347.0,100,18800
20240112,14:00:03,346.8,250,19800
20240112,14:00:44,353.4,250,19800
20240112,14:00:45,355.0,300,19800
20240112,14:00:46,357.0,50,19800
20240112,14:01:04,354.55,200,19800
20240112,14:01:05,354.3,100,19800
20240112,14:01:06,354.5,50,19800
20240112,14:01:08,354.05,400,19800
20240112,14:03:30,356.3,100,20000
20240112,14:03:31,354.75,200,20000
20240112,14:03:38,354.85,50,20000
20240112,14:03:39,354.85,50,20000
20240112,14:04:13,356.3,50,20000
20240112,14:04:18,355.5,100,20000
20240112,14:04:43,353.5,100,20000
20240112,14:05:30,357.9,100,20000
20240112,14:05:50,360.0,400,20000
20240112,14:05:52,361.35,100,20000
20240112,14:06:02,365.0,50,20000
20240112,14:06:04,364.95,50,19550
20240112,14:06:16,361.0,100,19550
20240112,14:06:29,363.0,50,19550
20240112,14:06:31,364.5,50,19550
20240112,14:06:42,366.6,200,19550
20240112,14:06:57,364.95,50,19550
20240112,14:07:02,361.65,100,19550
20240112,14:07:08,360.4,50,19550
20240112,14:07:38,357.3,100,19550
20240112,14:07:39,356.0,100,19550
20240112,14:07:40,355.95,50,19550
20240112,14:07:41,359.75,200,19550
20240112,14:07:59,361.9,50,19550
20240112,14:08:03,359.75,50,19550
20240112,14:08:09,361.8,100,19550
20240112,14:08:19,361.75,150,19550
20240112,14:09:23,360.0,100,20050
20240112,14:09:57,357.0,100,20050
20240112,14:10:07,358.2,50,20050
20240112,14:10:19,358.8,50,20050
20240112,14:10:29,358.0,200,20050
20240112,14:14:00,363.8,50,20250
20240112,14:14:51,358.0,100,20250
20240112,14:15:12,358.8,100,20250
20240112,14:16:39,355.15,50,20250
20240112,14:17:02,350.0,100,20250
20240112,14:17:25,349.55,250,20250
20240112,14:17:26,348.4,50,20250
20240112,14:18:49,354.15,50,20400
20240112,14:20:23,355.0,100,20400
20240112,14:20:42,355.2,50,20400
20240112,14:21:51,357.85,50,20400
20240112,14:23:21,348.6,50,20400
20240112,14:26:33,351.15,50,20400
20240112,14:26:37,351.3,50,20400
20240112,14:27:45,339.75,1800,20400
20240112,14:27:48,338.2,50,20400
20240112,14:28:22,336.6,1800,20400
20240112,14:28:42,338.0,1800,20400
20240112,14:28:44,339.5,1800,20400
20240112,14:28:47,340.0,50,20400
20240112,14:28:52,340.5,50,20400
20240112,14:28:58,337.35,100,20400
20240112,14:28:59,337.5,50,20400
20240112,14:29:11,341.55,1900,20400
20240112,14:29:31,342.65,50,20400
20240112,14:29:35,345.0,200,20400
20240112,14:29:40,346.05,150,20400
20240112,14:29:49,344.5,200,20400
20240112,14:29:56,343.65,50,20400
20240112,14:30:00,344.65,50,20400
20240112,14:30:05,342.4,50,20400
20240112,14:30:06,341.85,50,20000
20240112,14:30:22,335.45,150,20000
20240112,14:31:01,335.45,50,20000
20240112,14:31:29,338.4,50,20000
20240112,14:31:56,337.2,50,20000
20240112,14:31:59,337.8,100,20000
20240112,14:32:02,338.55,50,20000
20240112,14:33:33,339.0,50,19750
20240112,14:33:49,340.6,50,19750
20240112,14:34:28,340.6,200,19750
20240112,14:34:36,340.1,50,19750
20240112,14:34:52,338.2,50,19750
20240112,14:35:51,336.3,50,19750
20240112,14:36:07,332.3,1800,19800
20240112,14:36:28,331.1,50,19800
20240112,14:36:41,327.6,50,19800
20240112,14:36:42,327.55,50,19800
20240112,14:36:45,326.35,1350,19800
20240112,14:36:47,324.2,50,19800
20240112,14:36:50,324.2,1800,19800
20240112,14:36:58,324.15,100,19800
20240112,14:37:12,319.55,200,19800
20240112,14:37:13,319.5,200,19800
20240112,14:37:26,319.5,1800,19800
20240112,14:37:29,321.0,1800,19800
20240112,14:37:37,321.15,50,19800
20240112,14:38:09,317.0,50,19800
20240112,14:38:41,312.0,50,19800
20240112,14:38:55,312.0,100,19800
20240112,14:38:57,312.0,500,19800
20240112,14:39:00,312.0,200,19800
20240112,14:39:18,310.0,500,20750
20240112,14:39:25,307.5,50,20750
20240112,14:39:30,307.5,250,20750
20240112,14:39:34,308.9,250,20750
20240112,14:39:48,309.15,50,20750
20240112,14:40:01,305.45,50,20750
20240112,14:40:04,305.45,50,20750
20240112,14:40:12,307.05,50,20750
20240112,14:40:29,306.15,50,20750
20240112,14:41:14,311.7,200,20750
20240112,14:41:50,321.0,50,20750
20240112,14:42:06,320.75,50,20750
20240112,14:42:23,315.7,250,22050
20240112,14:43:04,316.8,50,22050
20240112,14:43:12,318.95,50,22050
20240112,14:43:21,318.25,100,22050
20240112,14:43:29,320.0,900,22050
20240112,14:44:42,320.85,50,22050
20240112,14:44:43,322.3,100,22050
20240112,14:44:49,323.15,500,22050
20240112,14:45:14,324.0,50,22900
20240112,14:45:19,323.7,500,22900
20240112,14:45:20,325.05,600,22900
20240112,14:45:30,326.0,950,22900
20240112,14:45:46,324.5,1500,22900
20240112,14:45:56,320.0,1500,22900
20240112,14:46:17,327.0,50,22900
20240112,14:47:03,328.5,250,22900
20240112,14:47:09,329.15,50,22900
20240112,14:47:11,328.15,50,22900
20240112,14:47:20,330.65,50,22900
20240112,14:47:25,329.05,50,22900
20240112,14:47:31,327.75,600,22900
20240112,14:48:33,327.9,100,24000
20240112,14:49:06,328.9,900,24000
20240112,14:49:21,333.0,1500,24000
20240112,14:49:31,333.85,50,24000
20240112,14:49:40,336.0,50,24000
20240112,14:49:52,335.55,1800,24000
20240112,14:49:56,335.95,1800,24000
20240112,14:50:07,342.55,150,24000
20240112,14:50:18,334.15,200,24000
20240112,14:50:19,333.45,200,24000
20240112,14:50:23,333.3,150,24000
20240112,14:50:24,333.5,100,24000
20240112,14:50:35,334.8,250,24000
20240112,14:50:37,335.55,200,24000
20240112,14:50:54,334.95,50,24000
20240112,14:51:07,339.85,50,24000
20240112,14:51:17,337.35,50,24900
20240112,14:51:24,334.0,50,24900
20240112,14:52:03,334.0,1800,24900
20240112,14:52:10,334.05,1800,24900
20240112,14:52:21,334.85,50,24900
20240112,14:52:26,336.1,50,24900
20240112,14:52:27,335.95,50,24900
20240112,14:52:29,336.25,50,24900
20240112,14:52:40,340.0,50,24900
20240112,14:52:45,338.0,50,24900
20240112,14:52:56,336.6,500,24900
20240112,14:54:05,336.3,50,24900
20240112,14:54:07,336.05,50,24900
20240112,14:55:21,340.9,50,23050
20240112,14:55:30,338.7,50,23050
20240112,14:55:32,338.55,50,23050
20240112,14:55:34,338.7,50,23050
20240112,14:56:02,342.3,50,23050
20240112,14:56:18,341.7,1000,23050
20240112,14:56:32,340.8,100,23050
20240112,14:56:57,340.85,50,23050
20240112,14:57:02,339.75,250,23050
20240112,14:57:06,340.15,50,23050
20240112,14:57:09,341.0,100,23050
20240112,14:58:18,338.95,50,23050
20240112,14:58:52,336.6,50,23850
20240112,14:58:58,333.95,50,23850
20240112,14:58:59,333.15,50,23850
20240112,14:59:16,340.0,100,23850
20240112,14:59:31,339.45,50,23850
20240112,15:00:01,338.0,100,23850
20240112,15:00:02,337.05,100,23850
20240112,15:00:03,336.7,50,23850
20240112,15:00:05,335.25,50,23850
20240112,15:00:10,331.9,200,23850
20240112,15:00:18,331.7,200,23950
20240112,15:00:19,331.5,200,23950
20240112,15:00:26,336.3,100,23950
20240112,15:00:32,332.7,200,23950
20240112,15:01:23,335.8,50,23950
20240112,15:02:09,334.4,50,23950
20240112,15:03:31,330.6,50,24100
20240112,15:03:47,330.0,50,24100
20240112,15:04:22,334.45,200,24100
20240112,15:04:33,335.3,300,24100
20240112,15:04:53,346.75,200,24100
20240112,15:04:54,350.65,700,24100
20240112,15:04:57,352.9,50,24100
20240112,15:05:00,359.25,350,24100
20240112,15:05:02,359.4,500,24100
20240112,15:05:04,362.05,100,24100
20240112,15:05:05,362.25,100,24100
20240112,15:05:06,357.7,50,24100
20240112,15:05:20,348.9,500,24100
20240112,15:05:21,350.55,50,24100
20240112,15:05:25,358.25,550,24100
20240112,15:05:27,358.2,250,24100
20240112,15:05:30,358.5,150,24100
20240112,15:05:32,357.5,100,24100
20240112,15:05:33,353.7,400,24100
20240112,15:05:34,353.65,100,24100
20240112,15:05:42,352.65,50,24100
20240112,15:05:44,353.0,200,24100
20240112,15:05:45,350.15,50,24100
20240112,15:05:59,354.15,100,24100
20240112,15:06:01,359.2,150,24100
20240112,15:06:05,361.45,50,24100
20240112,15:06:06,360.35,100,24100
20240112,15:06:25,358.05,50,23450
20240112,15:06:26,360.0,100,23450
20240112,15:06:29,364.25,50,23450
20240112,15:06:32,364.05,200,23450
20240112,15:06:36,362.95,100,23450
20240112,15:06:40,365.9,50,23450
20240112,15:06:41,366.85,200,23450
20240112,15:06:42,367.9,50,23450
20240112,15:06:46,367.3,100,23450
20240112,15:06:52,367.3,50,23450
20240112,15:06:53,366.6,450,23450
20240112,15:07:00,363.7,50,23450
20240112,15:07:01,364.0,50,23450
20240112,15:07:03,365.2,300,23450
20240112,15:07:04,365.5,50,23450
20240112,15:07:10,365.9,150,23450
20240112,15:07:31,364.65,50,23450
20240112,15:07:45,366.0,700,23450
20240112,15:08:02,372.55,150,23450
20240112,15:08:04,375.0,200,23450
20240112,15:08:18,375.15,200,23450
20240112,15:08:19,378.95,50,23450
20240112,15:08:24,377.6,50,23450
20240112,15:08:25,377.7,450,23450
20240112,15:08:27,379.2,500,23450
20240112,15:08:29,375.3,1100,23450
20240112,15:09:16,380.15,50,22150
20240112,15:09:22,381.45,50,22150
20240112,15:09:35,381.25,250,22150
20240112,15:09:43,378.5,50,22150
20240112,15:09:46,379.75,50,22150
20240112,15:09:56,380.85,50,22150
20240112,15:10:24,384.25,50,22150
20240112,15:10:27,382.2,100,22150
20240112,15:10:28,381.75,150,22150
20240112,15:10:31,377.4,250,22150
20240112,15:10:31,377.55,350,22150
20240112,15:10:36,367.65,100,22150
20240112,15:10:54,375.05,100,22150
20240112,15:10:59,370.8,550,22150
20240112,15:11:00,370.05,50,22150
20240112,15:11:01,368.15,600,22150
20240112,15:11:05,366.95,100,22150
20240112,15:11:07,367.8,50,22150
20240112,15:11:08,366.6,50,22150
20240112,15:11:10,370.25,200,22150
20240112,15:11:15,367.1,50,22150
20240112,15:11:21,367.3,50,22150
20240112,15:11:23,365.2,50,22150
20240112,15:11:30,366.6,50,22150
20240112,15:11:31,366.8,100,22150
20240112,15:11:37,360.5,200,22150
20240112,15:11:42,360.15,200,22150
20240112,15:11:44,357.85,50,22150
20240112,15:12:09,365.85,50,22150
20240112,15:12:10,365.7,50,22150
20240112,15:12:11,367.8,50,22150
20240112,15:12:12,367.55,50,22150
20240112,15:12:13,367.8,50,22150
20240112,15:12:18,367.05,50,22150
20240112,15:12:21,367.65,50,21850
20240112,15:12:30,364.65,50,21850
20240112,15:12:36,364.1,150,21850
20240112,15:12:51,360.4,250,21850
20240112,15:13:40,371.5,50,21850
20240112,15:14:00,366.65,50,21850
20240112,15:15:01,358.6,200,21850
20240112,15:15:11,362.75,100,21850
20240112,15:15:19,361.75,50,21600
20240112,15:15:27,360.25,50,21600
20240112,15:15:44,353.4,50,21600
20240112,15:16:07,343.7,50,21600
20240112,15:16:13,342.7,50,21600
20240112,15:16:14,342.6,150,21600
20240112,15:16:15,341.15,50,21600
20240112,15:16:29,340.3,50,21600
20240112,15:16:30,339.45,100,21600
20240112,15:16:40,340.05,100,21600
20240112,15:16:53,346.95,100,21600
20240112,15:17:00,348.9,50,21600
20240112,15:17:28,346.5,150,21600
20240112,15:17:30,348.8,500,21600
20240112,15:17:37,350.7,50,21600
20240112,15:18:02,345.15,50,21600
20240112,15:18:04,343.3,200,21600
20240112,15:18:29,345.45,50,22250
20240112,15:18:31,346.1,200,22250
20240112,15:19:12,343.85,100,22250
20240112,15:19:13,343.9,100,22250
20240112,15:19:26,345.45,250,22250
20240112,15:19:37,344.5,50,22250
20240112,15:20:04,342.3,100,22250
20240112,15:20:05,340.05,150,22250
20240112,15:20:07,340.0,200,22250
20240112,15:20:11,339.4,50,22250
20240112,15:20:19,337.9,150,22250
20240112,15:20:30,338.25,200,22250
20240112,15:20:32,336.55,50,22250
20240112,15:20:39,335.0,200,22250
20240112,15:20:42,334.6,150,22250
20240112,15:20:45,333.85,150,22250
20240112,15:20:46,334.65,150,22250
20240112,15:20:47,333.9,50,22250
20240112,15:20:50,332.3,100,22250
20240112,15:21:17,334.7,50,22250
20240112,15:21:31,332.35,100,22350
20240112,15:21:57,331.65,150,22350
20240112,15:23:09,341.0,50,22350
20240112,15:23:34,337.95,100,22350
20240112,15:24:28,333.85,50,22150
20240112,15:24:41,331.05,100,22150
20240112,15:24:57,330.0,100,22150
20240112,15:24:59,330.2,50,22150
20240112,15:25:05,331.15,50,22150
20240112,15:25:16,328.95,950,22150
20240112,15:25:24,327.85,300,22150
20240112,15:25:33,326.1,50,22150
20240112,15:25:36,326.35,150,22150
20240112,15:25:42,324.35,50,22150
20240112,15:26:00,325.0,750,22150
20240112,15:26:06,324.15,150,22150
20240112,15:26:10,324.4,50,22150
20240112,15:26:12,324.35,100,22150
20240112,15:26:40,324.8,250,22150
20240112,15:26:41,325.6,200,22150
20240112,15:26:49,325.8,50,22150
20240112,15:27:03,326.45,500,22150
20240112,15:27:04,326.75,100,22150
20240112,15:27:05,326.75,100,22150
20240112,15:27:06,326.75,350,22150
20240112,15:27:16,325.0,50,22150
20240112,15:27:16,325.65,150,22150
20240112,15:27:17,325.65,350,21700
20240112,15:27:40,323.4,100,21700
20240112,15:27:42,323.0,200,21700
20240112,15:27:48,322.4,50,21700
20240112,15:28:07,323.15,100,21700
20240112,15:28:08,321.8,100,21700
20240112,15:28:23,321.25,100,21700
20240112,15:28:41,320.35,50,21700
20240112,15:28:56,316.8,550,21700
20240112,15:29:07,316.9,250,21700
20240112,15:29:14,316.45,200,21700
20240112,15:29:17,318.85,150,21700
20240112,15:29:46,318.8,50,21700
20240115,09:15:01,247.65,1,21900
20240115,09:15:01,250.45,150,21900
20240115,09:15:02,250.4,200,21900
20240115,09:15:03,252.35,450,21900
20240115,09:15:04,256.2,2050,21900
20240115,09:15:05,256.2,850,21900
20240115,09:15:07,250.0,550,21900
20240115,09:15:08,252.3,750,21900
20240115,09:15:09,253.45,200,21900
20240115,09:15:10,254.3,50,21900
20240115,09:15:11,249.15,250,21900
20240115,09:15:13,251.45,100,21900
20240115,09:15:14,253.45,350,21900
20240115,09:15:15,252.45,50,21900
20240115,09:15:16,260.2,2650,21900
20240115,09:15:17,260.2,200,21900
20240115,09:15:18,261.05,600,21900
20240115,09:15:19,261.05,250,21900
20240115,09:15:20,257.7,150,21900
20240115,09:15:21,257.3,200,21900
20240115,09:15:23,257.65,200,21900
20240115,09:15:24,256.45,300,21900
20240115,09:15:25,257.3,300,21900
20240115,09:15:26,256.7,100,21900
20240115,09:15:27,256.15,150,21900
20240115,09:15:28,255.25,250,21900
20240115,09:15:29,257.7,800,21900
20240115,09:15:31,256.9,1250,21900
20240115,09:15:32,257.65,1300,21900
20240115,09:15:33,257.8,1450,21900
20240115,09:15:34,257.2,1200,21900
20240115,09:15:35,257.3,950,21900
20240115,09:15:36,258.55,200,21900
20240115,09:15:37,259.15,650,21900
20240115,09:15:37,258.75,150,21900
20240115,09:15:38,259.0,1400,21900
20240115,09:15:40,260.2,1850,21900
20240115,09:15:41,259.85,1050,21900
20240115,09:15:42,259.25,450,21900
20240115,09:15:43,259.5,250,21900
20240115,09:15:44,259.45,450,21900
20240115,09:15:45,259.25,1750,21900
20240115,09:15:45,258.9,350,21900
20240115,09:15:46,259.35,650,21900
20240115,09:15:48,259.45,1550,21900
20240115,09:15:49,258.4,1100,21900
20240115,09:15:49,258.6,800,21900
20240115,09:15:51,257.8,950,21900
20240115,09:15:52,256.45,850,21900
20240115,09:15:53,256.55,1000,21900
20240115,09:15:54,257.65,450,21900
20240115,09:15:55,256.0,100,21900
20240115,09:15:56,255.95,300,21900
20240115,09:15:56,256.0,1000,21900
20240115,09:15:57,253.4,1000,21900
20240115,09:15:58,254.7,700,21900
20240115,09:16:00,254.0,600,21900
20240115,09:16:01,255.3,50,21900
20240115,09:16:02,251.95,250,21900
20240115,09:16:03,250.5,3250,21900
20240115,09:16:03,251.2,550,21900
20240115,09:16:04,248.05,1300,21900
20240115,09:16:06,246.8,550,21900
20240115,09:16:07,247.5,1150,21900
20240115,09:16:08,246.6,850,21900
20240115,09:16:09,250.35,100,21900
20240115,09:16:10,247.85,350,21900
20240115,09:16:10,246.6,150,21900
20240115,09:16:12,247.95,150,21900
20240115,09:16:13,249.75,300,21900
20240115,09:16:14,250.75,1800,21900
20240115,09:16:15,249.3,300,21900
20240115,09:16:15,248.45,150,21900
20240115,09:16:16,248.1,950,21900
20240115,09:16:17,247.7,100,21900
20240115,09:16:19,248.4,250,21900
20240115,09:16:20,249.35,200,21900
20240115,09:16:21,249.4,350,21900
20240115,09:16:22,248.9,150,21900
20240115,09:16:24,249.85,200,21900
20240115,09:16:25,249.8,600,21900
20240115,09:16:26,249.1,150,21900
20240115,09:16:27,249.85,550,21900
20240115,09:16:28,250.75,100,21900
20240115,09:16:29,250.35,150,21900
20240115,09:16:30,250.05,2350,21900
20240115,09:16:32,250.6,400,21900
20240115,09:16:32,252.35,50,21900
20240115,09:16:34,252.2,600,21900
20240115,09:16:34,252.65,200,21900
20240115,09:16:36,250.8,300,21900
20240115,09:16:37,253.35,100,21900
20240115,09:16:38,254.15,1300,21900
20240115,09:16:38,254.05,100,21900
20240115,09:16:39,253.85,100,21900
20240115,09:16:41,254.2,50,21900
20240115,09:16:42,254.85,250,21900
20240115,09:16:43,254.0,200,21900
20240115,09:16:44,253.45,150,21900
20240115,09:16:46,253.9,200,21900
20240115,09:16:47,252.95,200,21900
20240115,09:16:48,253.75,1850,21900
20240115,09:16:48,253.85,750,21900
20240115,09:16:49,254.45,100,21900
20240115,09:16:51,255.0,100,21900
20240115,09:16:52,253.9,600,21900
20240115,09:16:53,253.7,250,21900
20240115,09:16:54,254.0,500,21900
20240115,09:16:55,253.45,650,21900
20240115,09:16:56,255.3,2950,21900
20240115,09:16:56,254.85,650,21900
20240115,09:16:57,253.6,600,21900
20240115,09:16:59,253.5,450,21900
20240115,09:17:00,252.6,100,21900
20240115,09:17:01,253.65,450,21900
20240115,09:17:02,252.8,950,21900
20240115,09:17:02,253.1,400,21900
20240115,09:17:03,253.35,1000,21900
20240115,09:17:06,254.05,250,21900
20240115,09:17:06,253.6,300,21900
20240115,09:17:08,253.55,50,21900
20240115,09:17:10,253.85,150,21900
20240115,09:17:12,255.3,350,21900
20240115,09:17:12,255.1,50,21900
20240115,09:17:13,254.3,600,21900
20240115,09:17:15,256.2,500,21900
20240115,09:17:16,255.05,100,21900
20240115,09:17:16,255.3,150,21900
20240115,09:17:17,255.65,450,21900
20240115,09:17:19,255.65,450,21900
20240115,09:17:20,255.35,500,21900
20240115,09:17:20,256.35,400,21900
20240115,09:17:21,255.2,1000,21900
20240115,09:17:23,255.85,450,21900
20240115,09:17:24,255.25,350,21900
20240115,09:17:25,254.9,550,21900
20240115,09:17:26,254.6,700,21900
20240115,09:17:27,255.85,650,75000
20240115,09:17:29,254.7,750,75000
20240115,09:17:30,254.5,250,75000
20240115,09:17:31,254.5,150,75000
20240115,09:17:31,254.55,50,75000
20240115,09:17:33,254.35,100,75000
20240115,09:17:34,253.65,250,75000
20240115,09:17:35,252.95,650,75000
20240115,09:17:37,252.8,1200,75000
20240115,09:17:38,252.45,700,75000
20240115,09:17:39,252.2,200,75000
20240115,09:17:40,252.55,200,75000
20240115,09:17:41,252.95,400,75000
20240115,09:17:42,252.35,1200,75000
20240115,09:17:43,252.15,100,75000
20240115,09:17:44,252.85,1400,75000
20240115,09:17:44,253.3,250,75000
20240115,09:17:46,252.55,650,75000
20240115,09:17:47,252.0,300,75000
20240115,09:17:48,252.35,350,75000
20240115,09:17:49,251.65,300,75000
20240115,09:17:50,250.4,400,75000
20240115,09:17:51,250.2,200,75000
20240115,09:17:52,250.0,100,75000
20240115,09:17:54,249.0,200,75000
20240115,09:17:55,248.7,150,75000
20240115,09:17:57,247.05,50,75000
20240115,09:17:58,247.0,250,75000
20240115,09:17:59,246.3,350,75000
20240115,09:18:00,245.85,550,75000
20240115,09:18:00,245.5,50,75000
20240115,09:18:02,243.75,1000,75000
20240115,09:18:03,242.55,350,75000
20240115,09:18:04,242.55,250,75000
20240115,09:18:05,243.6,2550,75000
20240115,09:18:06,243.45,500,75000
20240115,09:18:07,243.65,1650,75000
20240115,09:18:08,242.0,600,75000
20240115,09:18:09,242.55,400,75000
20240115,09:18:10,243.1,950,75000
20240115,09:18:11,242.45,950,75000
20240115,09:18:12,241.85,1350,75000
20240115,09:18:13,241.6,1250,75000
20240115,09:18:14,242.15,2000,75000
20240115,09:18:15,242.3,600,75000
20240115,09:18:16,242.45,700,75000
20240115,09:18:17,242.2,1200,75000
20240115,09:18:18,241.2,1900,75000
20240115,09:18:19,241.2,1500,75000
20240115,09:18:19,241.7,400,75000
20240115,09:18:21,242.55,2550,75000
20240115,09:18:22,242.25,150,75000
20240115,09:18:23,243.65,2700,75000
20240115,09:18:24,242.95,450,75000
20240115,09:18:25,243.75,950,75000
20240115,09:18:26,243.4,300,75000
20240115,09:18:27,245.0,800,75000
20240115,09:18:28,245.0,250,75000
20240115,09:18:29,245.3,800,75000
20240115,09:18:30,246.65,150,75000
20240115,09:18:31,246.45,1550,75000
20240115,09:18:32,245.95,750,75000
20240115,09:18:32,245.25,100,75000
20240115,09:18:34,246.95,3000,75000
20240115,09:18:35,246.05,650,75000
20240115,09:18:36,245.6,50,75000
20240115,09:18:37,244.5,3050,75000
20240115,09:18:38,246.35,650,75000
20240115,09:18:39,246.1,1050,75000
20240115,09:18:40,245.55,200,75000
20240115,09:18:41,246.85,1000,75000
20240115,09:18:42,247.55,2950,75000
20240115,09:18:43,246.35,1000,75000
20240115,09:18:44,246.75,1750,75000
20240115,09:18:45,245.45,2800,75000
20240115,09:18:45,245.75,550,75000
20240115,09:18:47,245.35,1100,75000
20240115,09:18:48,245.5,1450,75000
20240115,09:18:49,245.95,600,75000
20240115,09:18:50,246.45,2450,75000
20240115,09:18:51,246.1,1550,75000
20240115,09:18:51,245.85,150,75000
20240115,09:18:53,246.15,300,75000
20240115,09:18:54,246.35,50,75000
20240115,09:18:55,245.9,50,75000
20240115,09:18:56,244.0,350,75000
20240115,09:18:58,245.55,350,75000
20240115,09:18:59,246.3,1400,75000
20240115,09:19:00,246.3,1200,75000
20240115,09:19:01,245.25,950,75000
20240115,09:19:02,245.55,3100,75000
20240115,09:19:03,244.8,3300,75000
20240115,09:19:04,244.4,2350,75000
20240115,09:19:05,243.2,600,75000
20240115,09:19:06,243.9,650,75000
20240115,09:19:07,244.85,3250,75000
20240115,09:19:08,244.9,2300,75000
20240115,09:19:08,244.35,100,75000
20240115,09:19:10,245.15,600,75000
20240115,09:19:11,244.7,900,75000
20240115,09:19:12,245.0,2750,75000
20240115,09:19:13,244.55,200,75000
20240115,09:19:13,244.6,100,75000
20240115,09:19:15,244.65,1050,75000
20240115,09:19:16,245.25,4600,75000
20240115,09:19:17,245.95,4650,75000
20240115,09:19:18,245.75,1150,75000
20240115,09:19:19,245.25,1350,75000
20240115,09:19:20,244.6,500,75000
20240115,09:19:21,244.4,650,75000
20240115,09:19:22,244.3,1200,75000
20240115,09:19:22,244.25,100,75000
20240115,09:19:23,244.7,750,75000
20240115,09:19:25,245.35,1350,75000
20240115,09:19:26,244.5,550,75000
20240115,09:19:27,244.25,100,75000
20240115,09:19:28,243.5,1000,75000
20240115,09:19:29,244.0,750,75000
20240115,09:19:31,243.8,550,75000
20240115,09:19:32,243.3,150,75000
20240115,09:19:35,242.7,800,75000
20240115,09:19:37,242.35,700,75000
20240115,09:19:38,242.1,300,75000
20240115,09:19:39,241.7,350,75000
20240115,09:19:41,241.35,50,75000
20240115,09:19:42,241.2,150,75000
20240115,09:19:43,241.2,700,75000
20240115,09:19:45,240.85,1200,75000
20240115,09:19:46,240.85,200,75000
20240115,09:19:47,240.05,1050,75000
20240115,09:19:48,241.65,600,75000
20240115,09:19:49,240.95,700,75000
20240115,09:19:50,241.3,100,75000
20240115,09:19:51,240.75,400,75000
20240115,09:19:52,240.3,700,75000
20240115,09:19:53,240.0,400,75000
20240115,09:19:54,240.6,50,75000
20240115,09:19:55,240.45,250,75000
20240115,09:19:57,240.65,650,75000
20240115,09:19:58,239.5,600,75000
20240115,09:19:59,240.4,350,75000
20240115,09:20:00,240.05,50,75000
20240115,09:20:01,239.65,350,75000
20240115,09:20:02,239.35,1000,75000
20240115,09:20:03,239.25,1200,75000
20240115,09:20:04,239.6,1250,75000
20240115,09:20:05,239.05,850,75000
20240115,09:20:06,238.7,950,75000
20240115,09:20:07,238.7,850,75000
20240115,09:20:08,239.35,950,75000
20240115,09:20:09,239.0,250,75000
20240115,09:20:10,239.35,750,75000
20240115,09:20:11,239.05,1150,75000
20240115,09:20:12,239.1,800,75000
20240115,09:20:13,238.95,1800,75000
20240115,09:20:14,239.2,550,75000
20240115,09:20:15,238.35,800,75000
20240115,09:20:16,238.75,1650,75000
20240115,09:20:17,238.3,1900,75000
20240115,09:20:18,238.1,1700,75000
20240115,09:20:19,238.85,600,75000
20240115,09:20:20,238.55,100,75000
20240115,09:20:21,238.4,100,75000
20240115,09:20:22,237.75,650,75000
20240115,09:20:23,237.5,1650,75000
20240115,09:20:24,237.05,200,75000
20240115,09:20:25,236.7,100,75000
20240115,09:20:26,236.0,1200,75000
20240115,09:20:27,234.45,2350,75000
20240115,09:20:28,234.45,100,168800
20240115,09:20:30,236.85,50,168800
20240115,09:20:31,235.25,250,168800
20240115,09:20:32,235.1,700,168800
20240115,09:20:33,235.4,500,168800
20240115,09:20:34,235.75,200,168800
20240115,09:20:36,236.05,50,168800
20240115,09:20:37,235.7,250,168800
20240115,09:20:38,235.05,400,168800
20240115,09:20:39,235.0,400,168800
20240115,09:20:40,235.2,850,168800
20240115,09:20:41,233.8,400,168800
20240115,09:20:42,232.35,100,168800
20240115,09:20:43,232.35,50,168800
20240115,09:20:44,232.35,100,168800
20240115,09:20:45,232.55,200,168800
20240115,09:20:46,232.0,350,168800
20240115,09:20:47,231.9,450,168800
20240115,09:20:48,231.55,400,168800
20240115,09:20:49,231.55,150,168800
20240115,09:20:50,231.4,2800,168800
20240115,09:20:51,230.85,600,168800
20240115,09:20:52,230.85,650,168800
20240115,09:20:53,231.75,150,168800
20240115,09:20:54,231.75,200,168800
20240115,09:20:55,232.35,1050,168800
20240115,09:20:56,234.65,1000,168800
20240115,09:20:57,234.5,50,168800
20240115,09:20:58,234.15,100,168800
20240115,09:20:59,234.05,200,168800
20240115,09:21:01,234.65,2050,168800
20240115,09:21:02,233.85,150,168800
20240115,09:21:03,233.3,350,168800
20240115,09:21:04,232.55,50,168800
20240115,09:21:05,231.85,300,168800
20240115,09:21:06,232.15,250,168800
20240115,09:21:08,230.95,150,168800
20240115,09:21:10,230.55,800,168800
20240115,09:21:11,230.55,1300,168800
20240115,09:21:13,230.0,50,168800
20240115,09:21:14,229.95,200,168800
20240115,09:21:15,230.0,300,168800
20240115,09:21:16,229.0,150,168800
20240115,09:21:17,228.55,150,168800
20240115,09:21:18,228.4,350,168800
20240115,09:21:22,228.4,100,168800
20240115,09:21:24,228.75,1200,168800
20240115,09:21:25,228.65,50,168800
20240115,09:21:26,228.0,50,168800
20240115,09:21:27,227.95,550,168800
20240115,09:21:28,227.45,200,168800
20240115,09:21:29,227.05,100,168800
20240115,09:21:30,226.45,600,168800
20240115,09:21:31,226.4,100,168800
20240115,09:21:32,225.5,1200,168800
20240115,09:21:33,225.0,1700,168800
20240115,09:21:34,225.0,200,168800
20240115,09:21:35,224.4,1900,168800
20240115,09:21:36,224.4,600,168800
20240115,09:21:37,225.4,50,168800
20240115,09:21:38,225.75,150,168800
20240115,09:21:39,224.15,200,168800
20240115,09:21:40,224.15,700,168800
20240115,09:21:41,225.25,450,168800
20240115,09:21:42,225.45,400,168800
20240115,09:21:43,225.3,550,168800
20240115,09:21:44,226.4,1150,168800
20240115,09:21:45,226.45,750,168800
20240115,09:21:46,226.8,200,168800
20240115,09:21:48,228.5,750,168800
20240115,09:21:48,228.8,100,168800
20240115,09:21:49,229.15,300,168800
20240115,09:21:50,228.6,900,168800
20240115,09:21:51,227.75,1550,168800
20240115,09:21:52,227.85,2700,168800
20240115,09:21:53,228.85,600,168800
20240115,09:21:54,230.6,700,168800
20240115,09:21:55,230.0,350,168800
20240115,09:21:56,230.35,250,168800
20240115,09:21:58,230.95,300,168800
20240115,09:22:00,229.4,350,168800
20240115,09:22:01,228.95,950,168800
20240115,09:22:02,229.5,1150,168800
20240115,09:22:03,228.4,700,168800
20240115,09:22:04,227.8,1300,168800
20240115,09:22:05,227.4,200,168800
20240115,09:22:06,227.1,2100,168800
20240115,09:22:07,225.65,100,168800
20240115,09:22:08,227.2,250,168800
20240115,09:22:09,227.0,100,168800
20240115,09:22:10,227.1,350,168800
20240115,09:22:11,228.05,150,168800
20240115,09:22:12,228.45,550,168800
20240115,09:22:13,229.2,1300,168800
20240115,09:22:14,227.6,1350,168800
20240115,09:22:15,227.15,2000,168800
20240115,09:22:16,227.65,1900,168800
20240115,09:22:17,227.4,200,168800
20240115,09:22:18,226.6,650,168800
20240115,09:22:19,227.85,2250,168800
20240115,09:22:20,227.6,550,168800
20240115,09:22:21,227.45,550,168800
20240115,09:22:22,228.6,1000,168800
20240115,09:22:23,227.9,950,168800
20240115,09:22:25,230.65,1850,168800
20240115,09:22:25,230.2,100,168800
20240115,09:22:26,229.25,550,168800
20240115,09:22:27,230.25,350,168800
20240115,09:22:28,229.6,750,168800
20240115,09:22:29,228.8,400,168800
20240115,09:22:30,228.55,150,168800
20240115,09:22:31,227.6,400,168800
20240115,09:22:32,229.1,250,168800
20240115,09:22:33,228.3,1350,168800
20240115,09:22:34,227.95,1250,168800
20240115,09:22:35,227.75,50,168800
20240115,09:22:36,228.9,300,168800
20240115,09:22:37,229.05,150,168800
20240115,09:22:39,228.7,100,168800
20240115,09:22:41,228.85,50,168800
20240115,09:22:42,228.9,150,168800
20240115,09:22:43,228.55,50,168800
20240115,09:22:44,228.2,100,168800
20240115,09:22:46,227.9,150,168800
20240115,09:22:48,228.35,50,168800
20240115,09:22:48,228.65,50,168800
20240115,09:22:50,227.0,700,168800
20240115,09:22:51,227.5,100,168800
20240115,09:22:52,227.85,300,168800
20240115,09:22:53,227.2,100,168800
20240115,09:22:54,227.35,250,168800
20240115,09:22:55,227.85,100,168800
20240115,09:22:56,227.7,250,168800
20240115,09:22:57,228.05,500,168800
20240115,09:22:58,227.95,450,168800
20240115,09:22:59,227.7,100,168800
20240115,09:23:01,228.4,350,168800
20240115,09:23:02,228.2,650,168800
20240115,09:23:03,228.8,450,168800
20240115,09:23:05,229.7,300,168800
20240115,09:23:08,228.7,100,168800
20240115,09:23:09,229.6,50,168800
20240115,09:23:10,228.6,100,168800
20240115,09:23:11,229.7,350,168800
20240115,09:23:12,229.25,50,168800
20240115,09:23:13,229.05,400,168800
20240115,09:23:14,228.4,200,168800
20240115,09:23:15,228.0,300,168800
20240115,09:23:16,228.1,50,168800
20240115,09:23:17,229.05,1000,168800
20240115,09:23:18,230.2,1200,168800
20240115,09:23:19,230.1,650,168800
20240115,09:23:20,231.3,350,168800
20240115,09:23:22,232.0,50,168800
20240115,09:23:23,233.7,450,168800
20240115,09:23:24,233.45,2600,168800
20240115,09:23:25,232.8,200,168800
20240115,09:23:26,233.55,200,168800
20240115,09:23:27,232.25,100,209250
20240115,09:23:29,233.1,150,209250
20240115,09:23:30,232.95,2950,209250
20240115,09:23:31,233.05,150,209250
20240115,09:23:32,232.75,550,209250
20240115,09:23:33,233.4,900,209250
20240115,09:23:34,232.8,100,209250
20240115,09:23:35,231.05,1350,209250
20240115,09:23:36,231.0,450,209250
20240115,09:23:37,231.25,50,209250
20240115,09:23:41,231.0,50,209250
20240115,09:23:43,231.15,150,209250
20240115,09:23:44,231.75,600,209250
20240115,09:23:45,230.85,100,209250
20240115,09:23:46,231.05,1000,209250
20240115,09:23:47,231.05,50,209250
20240115,09:23:48,230.8,100,209250
20240115,09:23:49,231.6,250,209250
20240115,09:23:50,231.0,50,209250
20240115,09:23:51,231.45,600,209250
20240115,09:23:53,231.05,950,209250
20240115,09:23:54,231.6,300,209250
20240115,09:23:54,231.0,50,209250
20240115,09:23:55,230.9,300,209250
20240115,09:23:57,230.15,800,209250
20240115,09:23:58,230.55,200,209250
20240115,09:23:58,229.6,100,209250
20240115,09:23:59,229.15,1950,209250
20240115,09:24:00,231.4,150,209250
20240115,09:24:01,231.0,250,209250
20240115,09:24:02,230.2,400,209250
20240115,09:24:04,229.75,300,209250
20240115,09:24:05,229.45,50,209250
20240115,09:24:06,229.5,100,209250
20240115,09:24:07,229.55,300,209250
20240115,09:24:08,229.0,50,209250
20240115,09:24:09,228.8,400,209250
20240115,09:24:11,227.7,300,209250
20240115,09:24:12,227.15,100,209250
20240115,09:24:13,226.8,150,209250
20240115,09:24:14,227.95,200,209250
20240115,09:24:15,226.0,350,209250
20240115,09:24:16,226.3,250,209250
20240115,09:24:17,226.0,200,209250
20240115,09:24:19,225.85,400,209250
20240115,09:24:20,225.95,100,209250
20240115,09:24:21,224.6,1500,209250
20240115,09:24:22,224.7,100,209250
20240115,09:24:23,224.5,150,209250
20240115,09:24:24,223.9,500,209250
20240115,09:24:25,223.85,250,209250
20240115,09:24:27,223.85,500,209250
20240115,09:24:27,224.05,200,209250
20240115,09:24:28,223.75,1550,209250
20240115,09:24:29,223.95,350,209250
20240115,09:24:30,223.3,400,209250
20240115,09:24:32,225.7,7150,209250
20240115,09:24:32,225.55,50,209250
20240115,09:24:33,224.95,200,209250
20240115,09:24:34,225.4,150,209250
20240115,09:24:36,224.55,100,209250
20240115,09:24:37,225.05,400,209250
20240115,09:24:37,225.0,50,209250
20240115,09:24:38,224.3,200,209250
20240115,09:24:40,224.85,50,209250
20240115,09:24:41,224.7,400,209250
20240115,09:24:42,224.0,350,209250
20240115,09:24:45,224.45,400,209250
20240115,09:24:46,223.9,100,209250
20240115,09:24:47,222.65,3100,209250
20240115,09:24:48,222.65,550,209250
20240115,09:24:50,222.2,50,209250
20240115,09:24:50,221.9,450,209250
20240115,09:24:51,221.4,550,209250
20240115,09:24:52,221.4,250,209250
20240115,09:24:53,222.2,200,209250
20240115,09:24:55,221.95,200,209250
20240115,09:24:55,221.25,200,209250
20240115,09:24:56,221.25,100,209250
20240115,09:24:57,221.85,250,209250
20240115,09:24:59,222.3,350,209250
20240115,09:25:00,223.5,750,209250
20240115,09:25:01,224.25,800,209250
20240115,09:25:02,224.4,250,209250
20240115,09:25:03,222.25,750,209250
20240115,09:25:04,222.05,1100,209250
20240115,09:25:05,222.0,400,209250
20240115,09:25:05,222.15,50,209250
20240115,09:25:07,221.6,100,209250
20240115,09:25:09,221.6,100,209250
20240115,09:25:09,222.05,250,209250
20240115,09:25:10,223.0,300,209250
20240115,09:25:11,223.6,1250,209250
20240115,09:25:12,225.0,600,209250
20240115,09:25:13,225.75,150,209250
20240115,09:25:14,226.0,50,209250
20240115,09:25:15,224.3,1000,209250
20240115,09:25:16,224.3,900,209250
20240115,09:25:18,224.6,300,209250
20240115,09:25:19,224.4,50,209250
20240115,09:25:21,224.15,50,209250
20240115,09:25:21,224.2,150,209250
20240115,09:25:22,222.95,250,209250
20240115,09:25:23,223.05,50,209250
20240115,09:25:24,224.5,200,209250
20240115,09:25:26,224.3,250,209250
20240115,09:25:27,225.25,100,209250
20240115,09:25:27,225.6,150,209250
20240115,09:25:28,226.2,300,209250
20240115,09:25:29,225.4,100,209250
20240115,09:25:31,226.6,100,209250
20240115,09:25:32,226.85,150,209250
20240115,09:25:33,226.8,100,209250
20240115,09:25:34,226.35,100,209250
20240115,09:25:36,225.75,750,209250
20240115,09:25:37,226.5,300,209250
20240115,09:25:38,224.65,450,209250
20240115,09:25:40,226.9,250,209250
20240115,09:25:41,227.2,50,209250
20240115,09:25:42,224.95,150,209250
20240115,09:25:44,224.9,250,209250
20240115,09:25:45,224.95,200,209250
20240115,09:25:46,223.85,50,209250
20240115,09:25:47,224.15,1350,209250
20240115,09:25:48,224.95,250,209250
20240115,09:25:50,225.25,500,209250
20240115,09:25:51,224.4,150,209250
20240115,09:25:54,224.55,300,209250
20240115,09:25:55,224.8,950,209250
20240115,09:25:57,225.35,50,209250
20240115,09:25:57,226.2,50,209250
20240115,09:25:58,225.8,300,209250
20240115,09:26:00,225.05,150,209250
20240115,09:26:02,224.55,800,209250
20240115,09:26:02,224.2,250,209250
20240115,09:26:03,224.35,150,209250
20240115,09:26:04,225.7,750,209250
20240115,09:26:05,224.9,150,209250
20240115,09:26:06,224.2,100,209250
20240115,09:26:07,225.4,100,209250
20240115,09:26:08,225.45,200,209250
20240115,09:26:10,226.3,100,209250
20240115,09:26:11,225.9,50,209250
20240115,09:26:12,225.15,350,209250
20240115,09:26:12,224.75,1250,209250
20240115,09:26:13,225.3,250,209250
20240115,09:26:14,225.4,200,209250
20240115,09:26:17,224.3,100,209250
20240115,09:26:17,224.8,200,209250
20240115,09:26:20,225.0,50,209250
20240115,09:26:21,224.35,50,209250
20240115,09:26:22,223.95,50,209250
20240115,09:26:23,224.2,150,209250
20240115,09:26:24,223.5,150,209250
20240115,09:26:25,223.8,50,209250
20240115,09:26:26,223.9,50,209250
20240115,09:26:28,223.8,50,209250
20240115,09:26:30,223.5,50,231700
20240115,09:26:31,223.9,50,231700
20240115,09:26:32,224.0,50,231700
20240115,09:26:33,223.6,100,231700
20240115,09:26:35,224.3,50,231700
20240115,09:26:36,223.45,750,231700
20240115,09:26:37,224.05,350,231700
20240115,09:26:38,223.75,100,231700
20240115,09:26:40,224.65,100,231700
20240115,09:26:42,224.2,150,231700
20240115,09:26:43,223.65,450,231700
20240115,09:26:44,224.6,750,231700
20240115,09:26:45,225.35,100,231700
20240115,09:26:46,225.35,50,231700
20240115,09:26:46,226.1,200,231700
20240115,09:26:49,226.5,50,231700
20240115,09:26:50,226.35,400,231700
20240115,09:26:54,226.15,100,231700
20240115,09:26:55,225.6,250,231700
20240115,09:26:56,225.25,150,231700
20240115,09:26:57,224.85,150,231700
20240115,09:26:57,225.55,50,231700
20240115,09:26:59,225.35,1450,231700
20240115,09:27:02,225.65,150,231700
20240115,09:27:03,226.05,900,231700
20240115,09:27:04,226.1,50,231700
20240115,09:27:05,225.55,50,231700
20240115,09:27:07,226.05,50,231700
20240115,09:27:09,226.55,50,231700
20240115,09:27:11,226.85,50,231700
20240115,09:27:12,227.15,150,231700
20240115,09:27:13,228.7,450,231700
20240115,09:27:15,225.95,850,231700
20240115,09:27:16,227.0,250,231700
20240115,09:27:17,226.4,250,231700
20240115,09:27:18,226.8,100,231700
20240115,09:27:21,225.25,100,231700
20240115,09:27:22,225.65,50,231700
20240115,09:27:23,225.85,300,231700
20240115,09:27:24,225.0,600,231700
20240115,09:27:26,224.4,50,231700
20240115,09:27:27,224.45,650,231700
20240115,09:27:29,224.2,250,231700
20240115,09:27:30,224.1,100,231700
20240115,09:27:31,224.1,350,231700
20240115,09:27:32,224.1,250,231700
20240115,09:27:33,223.5,50,231700
20240115,09:27:35,223.2,50,231700
20240115,09:27:36,223.0,650,231700
20240115,09:27:36,223.0,50,231700
20240115,09:27:37,222.0,1800,231700
20240115,09:27:38,223.45,400,231700
20240115,09:27:40,223.85,50,231700
20240115,09:27:41,222.25,200,231700
20240115,09:27:43,222.05,50,231700
20240115,09:27:44,221.6,100,231700
20240115,09:27:46,220.3,250,231700
20240115,09:27:47,219.8,1450,231700
20240115,09:27:48,219.8,150,231700
20240115,09:27:49,221.2,850,231700
20240115,09:27:49,221.8,150,231700
20240115,09:27:50,220.5,50,231700
20240115,09:27:52,219.7,500,231700
20240115,09:27:54,219.7,150,231700
20240115,09:27:56,219.75,300,231700
20240115,09:27:57,219.4,1000,231700
20240115,09:27:58,218.85,500,231700
20240115,09:27:59,219.15,600,231700
20240115,09:28:01,217.4,800,231700
20240115,09:28:02,216.8,850,231700
20240115,09:28:03,216.25,600,231700
20240115,09:28:03,216.1,300,231700
20240115,09:28:04,217.3,1350,231700
20240115,09:28:05,217.0,650,231700
20240115,09:28:06,217.25,250,231700
20240115,09:28:07,216.9,250,231700
20240115,09:28:08,216.05,600,231700
20240115,09:28:09,217.0,250,231700
20240115,09:28:11,216.75,400,231700
20240115,09:28:12,217.85,250,231700
20240115,09:28:13,217.1,400,231700
20240115,09:28:14,217.2,400,231700
20240115,09:28:15,217.4,350,231700
20240115,09:28:17,217.45,150,231700
20240115,09:28:18,217.25,150,231700
20240115,09:28:18,217.1,250,231700
20240115,09:28:20,217.75,350,231700
20240115,09:28:21,217.55,50,231700
20240115,09:28:22,217.15,100,231700
20240115,09:28:23,218.0,900,231700
20240115,09:28:25,217.4,200,231700
20240115,09:28:26,217.6,350,231700
20240115,09:28:28,218.05,200,231700
20240115,09:28:29,217.7,650,231700
20240115,09:28:30,218.1,200,231700
20240115,09:28:31,217.6,150,231700
20240115,09:28:32,217.3,50,231700
20240115,09:28:34,218.4,400,231700
20240115,09:28:37,218.7,600,231700
20240115,09:28:38,218.6,100,231700
20240115,09:28:39,218.65,150,231700
20240115,09:28:40,218.7,200,231700
20240115,09:28:42,217.95,50,231700
20240115,09:28:43,218.05,250,231700
20240115,09:28:45,217.7,200,231700
20240115,09:28:46,218.7,100,231700
20240115,09:28:49,219.1,100,231700
20240115,09:28:49,219.1,150,231700
20240115,09:28:51,218.9,50,231700
20240115,09:28:55,219.7,250,231700
20240115,09:28:58,219.65,1100,231700
20240115,09:28:59,221.0,2150,231700
20240115,09:29:00,221.05,600,231700
20240115,09:29:00,221.6,1800,231700
20240115,09:29:02,220.6,200,231700
20240115,09:29:03,222.1,750,231700
20240115,09:29:04,220.6,400,231700
20240115,09:29:05,220.55,350,231700
20240115,09:29:07,220.25,300,231700
20240115,09:29:08,220.75,50,231700
20240115,09:29:09,220.5,50,231700
20240115,09:29:10,219.65,650,231700
20240115,09:29:11,219.35,50,231700
20240115,09:29:12,219.55,50,231700
20240115,09:29:13,219.15,300,231700
20240115,09:29:14,218.95,200,231700
20240115,09:29:15,220.2,100,231700
20240115,09:29:16,220.0,150,231700
20240115,09:29:16,220.35,50,231700
20240115,09:29:18,220.65,50,231700
20240115,09:29:18,219.8,50,231700
20240115,09:29:20,220.3,100,231700
20240115,09:29:22,219.95,100,231700
20240115,09:29:24,220.45,1850,231700
20240115,09:29:26,220.6,100,231700
20240115,09:29:27,220.9,2250,231700
20240115,09:29:30,221.35,750,249700
20240115,09:29:32,220.45,200,249700
20240115,09:29:33,220.85,50,249700
20240115,09:29:38,220.85,400,249700
20240115,09:29:39,221.95,50,249700
20240115,09:29:40,220.25,1000,249700
20240115,09:29:40,220.4,300,249700
20240115,09:29:42,220.45,50,249700
20240115,09:29:43,220.5,100,249700
20240115,09:29:44,220.35,50,249700
20240115,09:29:45,220.15,400,249700
20240115,09:29:46,220.65,200,249700
20240115,09:29:47,220.4,100,249700
20240115,09:29:48,220.2,50,249700
20240115,09:29:49,220.5,800,249700
20240115,09:29:55,220.25,200,249700
20240115,09:29:56,220.7,100,249700
20240115,09:29:57,222.3,2500,249700
20240115,09:29:57,222.0,1000,249700
20240115,09:29:58,222.9,300,249700
20240115,09:30:00,222.75,150,249700
20240115,09:30:00,224.2,50,249700
20240115,09:30:01,225.25,200,249700
20240115,09:30:03,224.35,650,249700
20240115,09:30:04,224.85,450,249700
20240115,09:30:05,223.75,50,249700
20240115,09:30:07,223.45,50,249700
20240115,09:30:10,225.15,100,249700
20240115,09:30:12,223.4,50,249700
20240115,09:30:13,224.1,50,249700
20240115,09:30:15,223.5,1250,249700
20240115,09:30:16,223.45,300,249700
20240115,09:30:17,223.85,700,249700
20240115,09:30:18,223.25,150,249700
20240115,09:30:20,222.75,150,249700
20240115,09:30:22,222.25,550,249700
20240115,09:30:23,223.25,150,249700
20240115,09:30:24,224.55,650,249700
20240115,09:30:25,224.2,50,249700
20240115,09:30:27,222.35,400,249700
20240115,09:30:28,220.95,800,249700
20240115,09:30:29,220.9,300,249700
20240115,09:30:30,221.3,400,249700
20240115,09:30:31,221.2,50,249700
20240115,09:30:32,221.0,400,249700
20240115,09:30:34,220.95,50,249700
20240115,09:30:36,220.9,50,249700
20240115,09:30:37,222.75,450,249700
20240115,09:30:38,222.6,50,249700
20240115,09:30:42,223.9,450,249700
20240115,09:30:43,224.0,50,249700
20240115,09:30:46,223.7,650,249700
20240115,09:30:47,225.05,600,249700
20240115,09:30:48,225.8,100,249700
20240115,09:30:49,225.95,50,249700
20240115,09:30:50,225.55,50,249700
20240115,09:30:51,225.85,100,249700
20240115,09:30:52,225.8,400,249700
20240115,09:30:53,225.55,100,249700
20240115,09:30:57,226.85,100,249700
20240115,09:30:58,226.85,250,249700
20240115,09:30:59,225.9,150,249700
20240115,09:31:00,225.35,150,249700
20240115,09:31:01,226.65,100,249700
20240115,09:31:03,226.8,1800,249700
20240115,09:31:04,228.35,650,249700
20240115,09:31:05,230.0,150,249700
20240115,09:31:06,228.55,50,249700
20240115,09:31:07,228.1,250,249700
20240115,09:31:11,229.95,150,249700
20240115,09:31:14,229.75,50,249700
20240115,09:31:15,228.6,250,249700
20240115,09:31:16,229.05,1150,249700
20240115,09:31:17,229.05,100,249700
20240115,09:31:18,229.3,50,249700
20240115,09:31:19,228.8,250,249700
20240115,09:31:21,229.35,1250,249700
20240115,09:31:22,230.5,50,249700
20240115,09:31:23,230.4,150,249700
20240115,09:31:24,229.55,50,249700
20240115,09:31:25,230.0,100,249700
20240115,09:31:27,229.8,100,249700
20240115,09:31:28,232.45,2250,249700
20240115,09:31:29,232.15,250,249700
20240115,09:31:30,233.1,200,249700
20240115,09:31:31,233.4,400,249700
20240115,09:31:32,232.15,300,249700
20240115,09:31:33,231.7,850,249700
20240115,09:31:34,230.75,150,249700
20240115,09:31:35,229.55,350,249700
20240115,09:31:36,228.1,550,249700
20240115,09:31:37,228.1,250,249700
20240115,09:31:38,227.7,750,249700
20240115,09:31:39,227.0,3750,249700
20240115,09:31:45,226.25,100,249700
20240115,09:31:47,226.75,300,249700
20240115,09:31:48,226.7,450,249700
20240115,09:31:50,227.8,150,249700
20240115,09:31:51,227.0,50,249700
20240115,09:31:52,227.0,1950,249700
20240115,09:31:53,226.9,200,249700
20240115,09:31:54,226.55,450,249700
20240115,09:31:56,226.25,650,249700
20240115,09:31:57,225.45,550,249700
20240115,09:31:58,225.4,400,249700
20240115,09:31:59,226.8,300,249700
20240115,09:32:02,226.9,350,249700
20240115,09:32:04,228.7,3000,249700
20240115,09:32:05,229.0,100,249700
20240115,09:32:06,229.2,50,249700
20240115,09:32:07,231.3,2200,249700
20240115,09:32:08,230.2,700,249700
20240115,09:32:11,230.35,50,249700
20240115,09:32:12,230.85,1900,249700
20240115,09:32:14,231.0,1000,249700
20240115,09:32:15,230.1,550,249700
20240115,09:32:17,230.1,400,249700
20240115,09:32:18,230.4,150,249700
20240115,09:32:19,231.1,150,249700
20240115,09:32:20,230.1,600,249700
20240115,09:32:21,229.45,50,249700
20240115,09:32:23,227.6,2400,249700
20240115,09:32:24,228.4,300,249700
20240115,09:32:25,229.4,100,249700
20240115,09:32:30,230.35,50,262950
20240115,09:32:31,229.95,100,262950
20240115,09:32:32,229.6,800,262950
20240115,09:32:33,229.45,50,262950
20240115,09:32:34,229.8,100,262950
20240115,09:32:36,229.3,50,262950
20240115,09:32:37,229.95,50,262950
20240115,09:32:39,231.0,1200,262950
20240115,09:32:40,231.95,450,262950
20240115,09:32:42,231.75,950,262950
20240115,09:32:44,231.75,50,262950
20240115,09:32:45,232.4,250,262950
20240115,09:32:47,232.0,150,262950
20240115,09:32:48,232.45,50,262950
20240115,09:32:50,231.85,50,262950
20240115,09:32:51,231.55,50,262950
20240115,09:32:53,230.05,200,262950
20240115,09:32:53,229.8,300,262950
20240115,09:32:54,228.65,100,262950
20240115,09:32:56,229.5,250,262950
20240115,09:32:57,229.7,100,262950
20240115,09:32:59,227.55,250,262950
20240115,09:33:00,230.1,200,262950
20240115,09:33:02,228.5,100,262950
20240115,09:33:03,230.15,150,262950
20240115,09:33:04,230.25,100,262950
20240115,09:33:06,231.45,1300,262950
20240115,09:33:09,230.95,100,262950
20240115,09:33:10,230.0,950,262950
20240115,09:33:11,230.0,750,262950
20240115,09:33:12,229.95,300,262950
20240115,09:33:13,230.7,300,262950
20240115,09:33:14,230.3,100,262950
20240115,09:33:15,229.65,600,262950
20240115,09:33:16,228.65,500,262950
20240115,09:33:17,229.25,100,262950
20240115,09:33:20,228.9,150,262950
20240115,09:33:22,229.25,50,262950
20240115,09:33:27,226.9,300,262950
20240115,09:33:28,226.55,350,262950
20240115,09:33:29,226.2,150,262950
20240115,09:33:31,226.8,650,262950
20240115,09:33:32,223.5,2850,262950
20240115,09:33:33,223.15,1150,262950
20240115,09:33:34,226.05,450,262950
20240115,09:33:35,225.55,200,262950
20240115,09:33:37,225.85,350,262950
20240115,09:33:38,224.9,400,262950
20240115,09:33:39,221.55,2350,262950
20240115,09:33:41,222.05,50,262950
20240115,09:33:42,221.3,850,262950
20240115,09:33:43,223.3,600,262950
20240115,09:33:44,223.1,50,262950
20240115,09:33:45,223.2,50,262950
20240115,09:33:46,222.05,150,262950
20240115,09:33:47,222.15,200,262950
20240115,09:33:48,223.7,200,262950
20240115,09:33:49,223.65,100,262950
20240115,09:33:50,222.8,50,262950
20240115,09:33:52,221.75,100,262950
20240115,09:33:53,220.6,250,262950
20240115,09:33:54,220.6,1050,262950
20240115,09:33:55,221.25,100,262950
20240115,09:33:58,220.9,650,262950
20240115,09:33:59,220.85,100,262950
20240115,09:34:03,220.85,100,262950
20240115,09:34:04,221.15,150,262950
20240115,09:34:06,223.0,150,262950
20240115,09:34:07,223.7,400,262950
20240115,09:34:09,223.0,400,262950
20240115,09:34:10,222.7,200,262950
20240115,09:34:16,225.5,50,262950
20240115,09:34:20,226.0,1300,262950
20240115,09:34:21,225.65,100,262950
20240115,09:34:22,226.6,200,262950
20240115,09:34:23,226.55,50,262950
20240115,09:34:24,226.55,150,262950
20240115,09:34:26,227.0,800,262950
20240115,09:34:27,226.9,200,262950
20240115,09:34:31,226.4,700,262950
20240115,09:34:32,226.25,250,262950
20240115,09:34:33,226.9,100,262950
20240115,09:34:34,227.1,50,262950
20240115,09:34:35,226.75,50,262950
20240115,09:34:36,227.55,450,262950
20240115,09:34:37,227.35,50,262950
20240115,09:34:38,227.7,50,262950
20240115,09:34:42,229.0,400,262950
20240115,09:34:48,225.95,2050,262950
20240115,09:34:50,227.75,50,262950
20240115,09:34:53,227.85,400,262950
20240115,09:34:55,229.85,200,262950
20240115,09:34:59,230.9,250,262950
20240115,09:35:00,230.35,50,262950
20240115,09:35:01,229.85,900,262950
20240115,09:35:03,229.4,100,262950
20240115,09:35:05,227.5,50,262950
20240115,09:35:07,227.5,1000,262950
20240115,09:35:08,227.5,50,262950
20240115,09:35:09,227.75,50,262950
20240115,09:35:10,227.3,100,262950
20240115,09:35:11,226.3,2300,262950
20240115,09:35:12,227.45,50,262950
20240115,09:35:14,227.75,50,262950
20240115,09:35:14,229.0,50,262950
20240115,09:35:19,229.3,100,262950
20240115,09:35:21,228.05,50,262950
20240115,09:35:22,226.95,100,262950
20240115,09:35:24,225.15,200,262950
20240115,09:35:25,226.05,1000,262950
20240115,09:35:29,227.2,50,270450
20240115,09:35:34,228.0,5350,270450
20240115,09:35:38,228.5,50,270450
20240115,09:35:41,229.15,250,270450
20240115,09:35:42,227.85,3950,270450
20240115,09:35:43,226.7,50,270450
20240115,09:35:45,227.7,100,270450
20240115,09:35:47,227.85,50,270450
20240115,09:35:48,228.7,100,270450
20240115,09:35:49,227.95,250,270450
20240115,09:35:50,229.05,100,270450
20240115,09:35:55,230.05,300,270450
20240115,09:35:56,230.5,50,270450
20240115,09:35:58,231.05,50,270450
20240115,09:36:00,230.6,100,270450
20240115,09:36:02,228.2,350,270450
20240115,09:36:05,230.65,5650,270450
20240115,09:36:07,230.7,350,270450
20240115,09:36:09,230.95,50,270450
20240115,09:36:10,232.4,1500,270450
20240115,09:36:16,232.55,100,270450
20240115,09:36:17,231.55,300,270450
20240115,09:36:17,231.95,50,270450
20240115,09:36:18,231.65,50,270450
20240115,09:36:19,230.8,250,270450
20240115,09:36:20,231.45,50,270450
20240115,09:36:23,230.85,550,270450
20240115,09:36:24,230.55,150,270450
20240115,09:36:25,229.6,50,270450
20240115,09:36:26,230.0,50,270450
20240115,09:36:28,229.2,1500,270450
20240115,09:36:29,229.4,50,270450
20240115,09:36:30,228.95,100,270450
20240115,09:36:33,229.15,50,270450
20240115,09:36:33,229.4,550,270450
20240115,09:36:34,230.45,700,270450
20240115,09:36:36,230.85,100,270450
20240115,09:36:37,230.0,100,270450
20240115,09:36:41,229.45,200,270450
20240115,09:36:42,229.15,50,270450
20240115,09:36:44,228.6,100,270450
20240115,09:36:44,229.0,50,270450
20240115,09:36:45,229.8,100,270450
20240115,09:36:46,229.2,500,270450
20240115,09:36:47,228.8,300,270450
20240115,09:36:48,227.7,850,270450
20240115,09:36:49,227.4,50,270450
20240115,09:36:52,227.85,50,270450
20240115,09:36:54,229.25,650,270450
20240115,09:36:56,230.25,200,270450
20240115,09:36:57,229.55,1050,270450
20240115,09:36:58,230.15,50,270450
20240115,09:37:00,229.5,450,270450
20240115,09:37:01,230.2,200,270450
20240115,09:37:02,229.85,3700,270450
20240115,09:37:03,229.15,1650,270450
20240115,09:37:03,229.6,250,270450
20240115,09:37:07,229.0,450,270450
20240115,09:37:08,229.55,50,270450
20240115,09:37:10,231.65,700,270450
20240115,09:37:11,231.7,100,270450
20240115,09:37:13,231.55,300,270450
20240115,09:37:14,231.8,250,270450
20240115,09:37:16,232.0,100,270450
20240115,09:37:17,231.4,100,270450
20240115,09:37:18,231.9,600,270450
20240115,09:37:18,231.6,300,270450
20240115,09:37:19,231.9,150,270450
20240115,09:37:20,232.45,200,270450
20240115,09:37:21,232.3,350,270450
20240115,09:37:24,232.35,50,270450
20240115,09:37:26,231.6,150,270450
20240115,09:37:27,231.0,200,270450
20240115,09:37:27,231.95,50,270450
20240115,09:37:28,232.4,550,270450
20240115,09:37:29,232.5,50,270450
20240115,09:37:30,232.35,100,270450
20240115,09:37:32,231.4,850,270450
20240115,09:37:33,232.05,50,270450
20240115,09:37:34,231.7,300,270450
20240115,09:37:35,232.2,300,270450
20240115,09:37:35,232.05,50,270450
20240115,09:37:36,232.05,50,270450
20240115,09:37:38,232.15,100,270450
20240115,09:37:41,231.8,300,270450
20240115,09:37:43,230.0,5050,270450
20240115,09:37:44,229.6,350,270450
20240115,09:37:48,231.25,150,270450
20240115,09:37:49,230.8,300,270450
20240115,09:37:50,231.7,100,270450
20240115,09:37:50,231.45,50,270450
20240115,09:37:51,232.6,550,270450
20240115,09:37:52,231.55,50,270450
20240115,09:37:53,231.6,100,270450
20240115,09:37:55,231.8,100,270450
20240115,09:37:58,231.7,200,270450
20240115,09:38:00,233.45,2500,270450
20240115,09:38:01,232.85,50,270450
20240115,09:38:02,232.65,250,270450
20240115,09:38:04,232.7,150,270450
20240115,09:38:05,231.05,400,270450
20240115,09:38:06,229.35,550,270450
20240115,09:38:07,229.5,100,270450
20240115,09:38:08,230.05,650,270450
20240115,09:38:09,230.35,150,270450
20240115,09:38:10,230.85,150,270450
20240115,09:38:12,230.85,550,270450
20240115,09:38:13,230.7,50,270450
20240115,09:38:14,230.2,50,270450
20240115,09:38:18,230.0,1300,270450
20240115,09:38:19,229.8,50,270450
20240115,09:38:21,229.0,100,270450
20240115,09:38:22,228.4,300,270450
20240115,09:38:24,228.35,100,270450
20240115,09:38:24,228.5,650,270450
20240115,09:38:26,229.2,100,270450
20240115,09:38:28,230.05,50,270450
20240115,09:38:30,230.6,50,281700
20240115,09:38:31,230.9,100,281700
20240115,09:38:33,231.3,400,281700
20240115,09:38:37,230.5,50,281700
20240115,09:38:38,230.9,50,281700
20240115,09:38:40,230.2,50,281700
20240115,09:38:41,230.15,2050,281700
20240115,09:38:42,229.35,150,281700
20240115,09:38:43,229.25,50,281700
20240115,09:38:45,229.4,50,281700
20240115,09:38:49,230.0,50,281700
20240115,09:38:51,230.15,500,281700
20240115,09:38:54,231.1,100,281700
20240115,09:38:55,230.95,250,281700
20240115,09:38:57,231.2,1100,281700
20240115,09:38:58,231.9,50,281700
20240115,09:38:59,231.45,150,281700
20240115,09:39:02,231.15,400,281700
20240115,09:39:03,230.6,250,281700
20240115,09:39:05,228.9,650,281700
20240115,09:39:09,228.85,100,281700
20240115,09:39:11,228.65,1450,281700
20240115,09:39:16,228.7,100,281700
20240115,09:39:17,228.0,50,281700
20240115,09:39:18,228.0,150,281700
20240115,09:39:21,228.2,400,281700
20240115,09:39:26,228.05,700,281700
20240115,09:39:28,228.4,100,281700
20240115,09:39:30,225.75,1600,281700
20240115,09:39:31,225.0,800,281700
20240115,09:39:32,225.35,100,281700
20240115,09:39:33,225.7,950,281700
20240115,09:39:34,225.55,350,281700
20240115,09:39:34,225.5,50,281700
20240115,09:39:35,225.55,550,281700
20240115,09:39:37,225.1,50,281700
20240115,09:39:38,225.2,150,281700
20240115,09:39:40,226.2,50,281700
20240115,09:39:42,226.15,100,281700
20240115,09:39:44,226.6,300,281700
20240115,09:39:45,229.0,100,281700
20240115,09:39:50,228.2,200,281700
20240115,09:39:53,227.3,250,281700
20240115,09:39:57,228.65,1150,281700
20240115,09:39:58,228.25,50,281700
20240115,09:39:59,229.75,100,281700
20240115,09:40:02,228.6,50,281700
20240115,09:40:03,228.15,100,281700
20240115,09:40:04,228.0,350,281700
20240115,09:40:05,227.0,300,281700
20240115,09:40:05,228.0,250,281700
20240115,09:40:11,227.0,150,281700
20240115,09:40:12,227.0,100,281700
20240115,09:40:13,227.85,50,281700
20240115,09:40:18,230.0,100,281700
20240115,09:40:19,230.35,100,281700
20240115,09:40:20,230.5,50,281700
20240115,09:40:21,230.45,350,281700
20240115,09:40:22,228.9,200,281700
20240115,09:40:24,228.7,300,281700
20240115,09:40:27,228.2,200,281700
20240115,09:40:29,228.4,250,281700
20240115,09:40:34,228.4,100,281700
20240115,09:40:35,228.95,50,281700
20240115,09:40:35,228.0,350,281700
20240115,09:40:37,227.5,50,281700
20240115,09:40:38,228.0,100,281700
20240115,09:40:41,228.35,50,281700
20240115,09:40:43,227.25,100,281700
20240115,09:40:47,228.4,100,281700
20240115,09:40:48,230.0,250,281700
20240115,09:40:51,230.15,550,281700
20240115,09:40:53,229.8,100,281700
20240115,09:40:55,230.0,50,281700
20240115,09:40:59,230.1,100,281700
20240115,09:41:01,229.4,100,281700
20240115,09:41:03,229.7,100,281700
20240115,09:41:08,231.0,350,281700
20240115,09:41:08,231.4,50,281700
20240115,09:41:10,231.1,50,281700
20240115,09:41:11,230.25,100,281700
20240115,09:41:12,230.85,50,281700
20240115,09:41:13,230.95,550,281700
20240115,09:41:15,231.6,250,281700
20240115,09:41:17,232.0,50,281700
20240115,09:41:19,231.4,300,281700
20240115,09:41:20,232.4,450,281700
20240115,09:41:21,234.05,650,281700
20240115,09:41:23,234.4,50,281700
20240115,09:41:24,234.25,700,281700
20240115,09:41:25,235.55,3750,281700
20240115,09:41:26,238.0,1600,281700
20240115,09:41:27,238.2,50,281700
20240115,09:41:28,237.15,600,281700
20240115,09:41:29,238.7,2350,281700
20240115,09:41:30,237.45,50,289850
20240115,09:41:30,237.35,100,289850
20240115,09:41:32,237.6,700,289850
20240115,09:41:33,237.0,600,289850
20240115,09:41:34,235.2,3000,289850
20240115,09:41:35,236.15,600,289850
20240115,09:41:36,235.1,50,289850
20240115,09:41:37,236.75,250,289850
20240115,09:41:38,237.4,50,289850
20240115,09:41:39,237.05,1300,289850
20240115,09:41:41,237.35,600,289850
20240115,09:41:43,238.05,150,289850
20240115,09:41:44,237.85,100,289850
20240115,09:41:45,236.5,500,289850
20240115,09:41:47,235.4,250,289850
20240115,09:41:48,236.0,350,289850
20240115,09:41:49,235.85,250,289850
20240115,09:41:50,235.2,900,289850
20240115,09:41:51,235.0,250,289850
20240115,09:41:52,236.65,150,289850
20240115,09:41:57,234.75,150,289850
20240115,09:42:00,235.75,100,289850
20240115,09:42:01,235.7,100,289850
20240115,09:42:02,237.35,250,289850
20240115,09:42:03,237.25,50,289850
20240115,09:42:04,237.3,450,289850
20240115,09:42:05,236.6,800,289850
20240115,09:42:07,237.05,100,289850
20240115,09:42:11,238.8,200,289850
20240115,09:42:12,238.95,50,289850
20240115,09:42:13,238.2,100,289850
20240115,09:42:15,238.6,50,289850
20240115,09:42:17,239.75,900,289850
20240115,09:42:18,239.6,50,289850
20240115,09:42:19,238.45,400,289850
20240115,09:42:20,240.0,50,289850
20240115,09:42:21,239.9,250,289850
20240115,09:42:22,239.95,900,289850
20240115,09:42:23,240.35,1000,289850
20240115,09:42:24,240.15,400,289850
20240115,09:42:25,239.25,3350,289850
20240115,09:42:26,239.4,300,289850
20240115,09:42:27,240.15,500,289850
20240115,09:42:28,238.85,150,289850
20240115,09:42:29,238.15,300,289850
20240115,09:42:30,238.2,100,289850
20240115,09:42:31,238.0,200,289850
20240115,09:42:32,237.5,100,289850
20240115,09:42:33,236.6,100,289850
20240115,09:42:34,235.75,100,289850
20240115,09:42:36,234.3,1400,289850
20240115,09:42:37,233.9,300,289850
20240115,09:42:38,233.25,500,289850
20240115,09:42:39,235.7,3100,289850
20240115,09:42:40,234.95,250,289850
20240115,09:42:41,235.65,300,289850
20240115,09:42:42,235.95,300,289850
20240115,09:42:44,235.25,100,289850
20240115,09:42:45,235.65,50,289850
20240115,09:42:46,236.05,450,289850
20240115,09:42:47,237.25,50,289850
20240115,09:42:48,237.1,300,289850
20240115,09:42:49,235.85,50,289850
20240115,09:42:51,235.65,700,289850
20240115,09:42:52,234.45,650,289850
20240115,09:42:53,234.4,300,289850
20240115,09:42:54,234.0,450,289850
20240115,09:42:57,234.25,100,289850
20240115,09:42:58,234.45,50,289850
20240115,09:42:59,234.15,50,289850
20240115,09:43:01,236.5,350,289850
20240115,09:43:02,236.45,150,289850
20240115,09:43:03,237.0,150,289850
20240115,09:43:05,236.8,300,289850
20240115,09:43:06,235.4,300,289850
20240115,09:43:07,235.45,600,289850
20240115,09:43:08,234.85,300,289850
20240115,09:43:09,234.9,100,289850
20240115,09:43:10,235.4,200,289850
20240115,09:43:12,237.0,350,289850
20240115,09:43:13,236.95,150,289850
20240115,09:43:14,235.95,250,289850
20240115,09:43:15,236.4,450,289850
20240115,09:43:17,237.05,200,289850
20240115,09:43:18,237.3,50,289850
20240115,09:43:19,237.3,250,289850
20240115,09:43:21,236.75,150,289850
20240115,09:43:22,237.85,50,289850
20240115,09:43:23,237.05,50,289850
20240115,09:43:24,237.5,350,289850
20240115,09:43:25,237.9,200,289850
20240115,09:43:26,237.05,200,289850
20240115,09:43:27,237.05,50,289850
20240115,09:43:28,237.7,100,289850
20240115,09:43:29,237.5,150,289850
20240115,09:43:30,237.0,200,289850
20240115,09:43:31,237.65,550,289850
20240115,09:43:32,238.15,100,289850
20240115,09:43:33,237.8,50,289850
20240115,09:43:34,237.8,50,289850
20240115,09:43:36,238.2,100,289850
20240115,09:43:38,237.55,200,289850
20240115,09:43:40,237.15,350,289850
20240115,09:43:41,237.4,1000,289850
20240115,09:43:42,237.05,400,289850
20240115,09:43:45,238.0,50,289850
20240115,09:43:46,238.45,50,289850
20240115,09:43:47,238.0,2650,289850
20240115,09:43:48,237.5,50,289850
20240115,09:43:53,238.0,50,289850
20240115,09:43:54,237.25,100,289850
20240115,09:43:55,236.3,100,289850
20240115,09:43:57,237.0,50,289850
20240115,09:43:59,236.1,900,289850
20240115,09:44:00,235.85,300,289850
20240115,09:44:02,235.65,200,289850
20240115,09:44:05,234.45,1350,289850
20240115,09:44:08,234.0,100,289850
20240115,09:44:13,234.25,600,289850
20240115,09:44:14,234.05,350,289850
20240115,09:44:15,233.75,400,289850
20240115,09:44:18,235.0,100,289850
20240115,09:44:19,235.85,50,289850
20240115,09:44:24,237.35,300,289850
20240115,09:44:25,237.35,100,289850
20240115,09:44:26,237.5,100,289850
20240115,09:44:27,236.65,1000,289850
20240115,09:44:34,238.0,100,294950
20240115,09:44:37,237.3,500,294950
20240115,09:44:40,237.6,50,294950
20240115,09:44:42,238.05,150,294950
20240115,09:44:44,237.75,100,294950
20240115,09:44:45,238.3,1950,294950
20240115,09:44:46,238.0,350,294950
20240115,09:44:48,237.55,50,294950
20240115,09:44:49,238.65,350,294950
20240115,09:44:50,240.3,900,294950
20240115,09:44:51,240.25,100,294950
20240115,09:44:52,240.65,150,294950
20240115,09:44:53,240.05,100,294950
20240115,09:44:54,239.7,150,294950
20240115,09:44:55,240.9,350,294950
20240115,09:44:56,240.7,100,294950
20240115,09:44:57,242.05,350,294950
20240115,09:44:58,242.65,1400,294950
20240115,09:44:59,243.0,100,294950
20240115,09:45:00,242.85,50,294950
20240115,09:45:01,241.45,850,294950
20240115,09:45:02,241.95,450,294950
20240115,09:45:03,243.65,650,294950
20240115,09:45:04,243.0,150,294950
20240115,09:45:05,245.55,1250,294950
20240115,09:45:06,246.15,100,294950
20240115,09:45:07,244.35,2150,294950
20240115,09:45:08,244.75,600,294950
20240115,09:45:09,246.25,250,294950
20240115,09:45:10,244.9,150,294950
20240115,09:45:11,244.2,100,294950
20240115,09:45:12,243.35,50,294950
20240115,09:45:13,242.85,450,294950
20240115,09:45:14,242.35,300,294950
20240115,09:45:16,240.65,150,294950
20240115,09:45:17,240.55,300,294950
20240115,09:45:18,241.15,300,294950
20240115,09:45:19,238.9,650,294950
20240115,09:45:20,239.8,250,294950
20240115,09:45:21,240.3,200,294950
20240115,09:45:23,238.3,700,294950
20240115,09:45:24,237.5,750,294950
20240115,09:45:25,238.55,150,294950
20240115,09:45:26,237.5,200,294950
20240115,09:45:27,237.4,250,294950
20240115,09:45:29,235.6,50,294950
20240115,09:45:30,237.5,2250,294950
20240115,09:45:31,236.9,650,294950
20240115,09:45:32,236.3,150,294950
20240115,09:45:33,236.3,500,294950
20240115,09:45:34,236.2,250,294950
20240115,09:45:35,236.85,2950,294950
20240115,09:45:37,237.75,250,294950
20240115,09:45:38,238.5,50,294950
20240115,09:45:39,239.0,50,294950
20240115,09:45:40,238.65,600,294950
20240115,09:45:41,239.2,250,294950
20240115,09:45:42,239.15,350,294950
20240115,09:45:43,238.6,100,294950
20240115,09:45:44,238.7,550,294950
20240115,09:45:45,238.05,250,294950
20240115,09:45:46,237.5,50,294950
20240115,09:45:47,236.95,250,294950
20240115,09:45:48,236.45,150,294950
20240115,09:45:49,237.25,250,294950
20240115,09:45:50,237.9,50,294950
20240115,09:45:51,237.85,200,294950
20240115,09:45:52,237.9,650,294950
20240115,09:45:54,237.7,350,294950
20240115,09:45:55,237.25,250,294950
20240115,09:45:56,237.2,300,294950
20240115,09:45:57,238.25,550,294950
20240115,09:45:58,238.45,100,294950
20240115,09:45:59,238.3,300,294950
20240115,09:46:01,239.9,950,294950
20240115,09:46:01,240.65,100,294950
20240115,09:46:02,239.85,500,294950
20240115,09:46:03,239.6,200,294950
20240115,09:46:04,238.65,550,294950
20240115,09:46:05,238.25,250,294950
20240115,09:46:06,238.8,150,294950
20240115,09:46:08,239.45,250,294950
20240115,09:46:08,239.35,50,294950
20240115,09:46:09,239.4,50,294950
20240115,09:46:10,238.05,450,294950
20240115,09:46:12,238.05,150,294950
20240115,09:46:13,238.25,150,294950
20240115,09:46:14,239.75,150,294950
20240115,09:46:15,240.0,850,294950
20240115,09:46:17,239.9,250,294950
20240115,09:46:18,240.25,250,294950
20240115,09:46:19,239.2,250,294950
20240115,09:46:20,239.7,350,294950
20240115,09:46:22,240.75,450,294950
20240115,09:46:22,240.5,150,294950
20240115,09:46:23,241.5,250,294950
20240115,09:46:24,241.0,700,294950
20240115,09:46:25,241.65,100,294950
20240115,09:46:27,242.2,300,294950
20240115,09:46:27,242.25,400,294950
20240115,09:46:28,243.0,400,294950
20240115,09:46:29,243.35,250,294950
20240115,09:46:30,242.7,300,294950
20240115,09:46:31,243.7,850,294950
20240115,09:46:32,243.5,300,294950
20240115,09:46:33,242.65,350,294950
20240115,09:46:36,240.7,350,294950
20240115,09:46:37,240.0,1150,294950
20240115,09:46:38,241.45,150,294950
20240115,09:46:39,241.4,100,294950
20240115,09:46:41,241.15,250,294950
20240115,09:46:41,240.45,50,294950
20240115,09:46:42,239.85,250,294950
20240115,09:46:43,240.65,50,294950
20240115,09:46:44,239.55,100,294950
20240115,09:46:45,240.05,200,294950
20240115,09:46:47,240.3,450,294950
20240115,09:46:47,240.4,50,294950
20240115,09:46:48,240.5,50,294950
20240115,09:46:54,241.95,150,294950
20240115,09:46:55,242.15,300,294950
20240115,09:46:57,242.15,50,294950
20240115,09:46:58,242.65,250,294950
20240115,09:47:00,241.95,300,294950
20240115,09:47:00,242.25,250,294950
20240115,09:47:02,241.55,100,294950
20240115,09:47:04,241.75,50,294950
20240115,09:47:05,241.95,50,294950
20240115,09:47:06,242.1,50,294950
20240115,09:47:07,242.5,50,294950
20240115,09:47:08,242.3,400,294950
20240115,09:47:10,241.05,50,294950
20240115,09:47:11,241.5,250,294950
20240115,09:47:13,241.8,300,294950
20240115,09:47:14,243.15,500,294950
20240115,09:47:17,242.6,500,294950
20240115,09:47:21,243.75,150,294950
20240115,09:47:22,243.55,50,294950
20240115,09:47:26,242.45,300,294950
20240115,09:47:29,245.5,4600,294950
20240115,09:47:30,247.1,650,294950
20240115,09:47:31,245.55,300,315050
20240115,09:47:32,245.3,450,315050
20240115,09:47:33,245.7,350,315050
20240115,09:47:35,246.6,100,315050
20240115,09:47:36,246.9,550,315050
20240115,09:47:37,245.15,200,315050
20240115,09:47:38,245.25,450,315050
20240115,09:47:39,244.75,50,315050
20240115,09:47:40,245.55,50,315050
20240115,09:47:42,245.85,50,315050
20240115,09:47:43,247.25,400,315050
20240115,09:47:49,245.0,1100,315050
20240115,09:47:50,245.0,50,315050
20240115,09:47:51,245.55,50,315050
20240115,09:47:56,244.7,100,315050
20240115,09:47:57,245.25,50,315050
20240115,09:47:58,244.75,350,315050
20240115,09:47:59,246.45,50,315050
20240115,09:48:01,248.85,1100,315050
20240115,09:48:03,248.25,150,315050
20240115,09:48:04,247.5,250,315050
20240115,09:48:04,247.15,50,315050
20240115,09:48:05,247.7,50,315050
20240115,09:48:07,247.65,500,315050
20240115,09:48:09,248.2,50,315050
20240115,09:48:14,246.15,300,315050
20240115,09:48:14,247.05,250,315050
20240115,09:48:15,246.05,100,315050
20240115,09:48:17,246.4,200,315050
20240115,09:48:18,247.9,150,315050
20240115,09:48:19,247.8,150,315050
20240115,09:48:20,247.4,250,315050
20240115,09:48:22,247.65,50,315050
20240115,09:48:23,248.35,550,315050
20240115,09:48:24,249.15,350,315050
20240115,09:48:25,250.5,1050,315050
20240115,09:48:26,250.3,350,315050
20240115,09:48:28,250.4,450,315050
20240115,09:48:29,251.6,150,315050
20240115,09:48:30,252.4,2600,315050
20240115,09:48:31,251.85,300,315050
20240115,09:48:32,250.7,50,315050
20240115,09:48:33,251.5,100,315050
20240115,09:48:33,250.5,1800,315050
20240115,09:48:34,251.3,200,315050
20240115,09:48:36,250.9,1500,315050
20240115,09:48:37,250.85,100,315050
20240115,09:48:38,250.8,200,315050
20240115,09:48:38,250.7,150,315050
20240115,09:48:39,249.7,1650,315050
20240115,09:48:40,249.7,250,315050
20240115,09:48:42,250.45,200,315050
20240115,09:48:46,250.1,50,315050
20240115,09:48:49,252.85,250,315050
20240115,09:48:50,254.45,700,315050
20240115,09:48:51,254.4,200,315050
20240115,09:48:52,255.4,1000,315050
20240115,09:48:53,254.7,350,315050
20240115,09:48:54,254.25,1000,315050
20240115,09:48:55,254.2,50,315050
20240115,09:48:57,253.2,150,315050
20240115,09:48:57,254.3,550,315050
20240115,09:48:58,254.25,400,315050
20240115,09:49:01,254.0,150,315050
20240115,09:49:02,254.15,300,315050
20240115,09:49:03,254.85,50,315050
20240115,09:49:03,254.65,200,315050
20240115,09:49:04,254.15,300,315050
20240115,09:49:05,255.0,700,315050
20240115,09:49:07,254.55,1450,315050
20240115,09:49:08,253.7,100,315050
20240115,09:49:09,252.45,300,315050
20240115,09:49:14,251.8,50,315050
20240115,09:49:15,253.9,250,315050
20240115,09:49:16,253.65,100,315050
20240115,09:49:17,253.75,650,315050
20240115,09:49:20,255.1,2100,315050
20240115,09:49:21,255.1,550,315050
20240115,09:49:22,255.85,350,315050
20240115,09:49:23,255.95,250,315050
20240115,09:49:26,255.35,150,315050
20240115,09:49:27,254.9,150,315050
20240115,09:49:28,255.7,700,315050
20240115,09:49:28,255.4,50,315050
20240115,09:49:30,256.55,350,315050
20240115,09:49:31,256.25,100,315050
20240115,09:49:32,256.5,550,315050
20240115,09:49:32,256.45,150,315050
20240115,09:49:35,257.7,1000,315050
20240115,09:49:36,256.15,750,315050
20240115,09:49:37,256.9,150,315050
20240115,09:49:39,256.05,50,315050
20240115,09:49:40,256.8,100,315050
20240115,09:49:43,256.9,50,315050
20240115,09:49:44,256.05,200,315050
20240115,09:49:45,255.6,300,315050
20240115,09:49:46,255.05,650,315050
20240115,09:49:47,255.0,650,315050
20240115,09:49:49,253.6,150,315050
20240115,09:49:50,253.3,450,315050
20240115,09:49:53,252.85,200,315050
20240115,09:49:54,252.9,300,315050
20240115,09:49:55,253.65,50,315050
20240115,09:49:56,254.9,50,315050
20240115,09:49:59,255.0,100,315050
20240115,09:50:02,255.15,250,315050
20240115,09:50:03,256.15,200,315050
20240115,09:50:06,256.15,350,315050
20240115,09:50:07,256.95,850,315050
20240115,09:50:09,256.35,100,315050
20240115,09:50:10,255.95,50,315050
20240115,09:50:11,254.75,200,315050
20240115,09:50:12,254.85,200,315050
20240115,09:50:14,253.85,250,315050
20240115,09:50:15,252.4,450,315050
20240115,09:50:17,252.4,450,315050
20240115,09:50:19,250.95,300,315050
20240115,09:50:20,248.85,650,315050
20240115,09:50:22,250.4,250,315050
20240115,09:50:23,249.05,100,315050
20240115,09:50:24,249.35,500,315050
20240115,09:50:25,248.45,450,315050
20240115,09:50:26,248.8,150,315050
20240115,09:50:28,248.0,300,315050
20240115,09:50:32,247.4,1000,310800
20240115,09:50:34,248.15,250,310800
20240115,09:50:35,248.15,150,310800
20240115,09:50:37,249.15,100,310800
20240115,09:50:42,251.5,50,310800
20240115,09:50:44,249.15,50,310800
20240115,09:50:50,252.45,250,310800
20240115,09:50:52,253.2,50,310800
20240115,09:50:54,254.4,150,310800
20240115,09:50:56,254.2,650,310800
20240115,09:50:57,254.45,150,310800
20240115,09:50:58,253.3,150,310800
20240115,09:51:00,254.0,100,310800
20240115,09:51:06,254.6,100,310800
20240115,09:51:08,254.2,50,310800
20240115,09:51:10,254.1,100,310800
20240115,09:51:11,255.0,50,310800
20240115,09:51:13,255.6,50,310800
20240115,09:51:15,255.65,350,310800
20240115,09:51:16,254.1,1600,310800
20240115,09:51:17,255.1,250,310800
20240115,09:51:19,255.15,100,310800
20240115,09:51:21,255.9,50,310800
20240115,09:51:22,255.75,300,310800
20240115,09:51:23,255.2,500,310800
20240115,09:51:25,256.65,250,310800
20240115,09:51:28,256.4,50,310800
20240115,09:51:29,256.5,200,310800
20240115,09:51:30,255.6,500,310800
20240115,09:51:31,256.7,100,310800
20240115,09:51:32,261.95,4050,310800
20240115,09:51:33,263.05,500,310800
20240115,09:51:34,263.6,800,310800
20240115,09:51:35,263.2,350,310800
20240115,09:51:36,264.0,1000,310800
20240115,09:51:37,264.85,900,310800
20240115,09:51:38,267.25,1500,310800
20240115,09:51:39,267.95,550,310800
20240115,09:51:41,263.7,1250,310800
20240115,09:51:42,264.85,150,310800
20240115,09:51:43,265.55,300,310800
20240115,09:51:44,265.6,300,310800
20240115,09:51:45,267.2,500,310800
20240115,09:51:46,266.7,2300,310800
20240115,09:51:47,270.0,600,310800
20240115,09:51:49,270.25,1000,310800
20240115,09:51:50,269.9,1150,310800
20240115,09:51:51,268.15,1050,310800
20240115,09:51:52,269.85,950,310800
20240115,09:51:53,269.55,200,310800
20240115,09:51:54,268.0,150,310800
20240115,09:51:55,268.0,300,310800
20240115,09:51:56,269.8,50,310800
20240115,09:51:58,270.0,200,310800
20240115,09:51:59,270.05,350,310800
20240115,09:52:00,268.75,550,310800
20240115,09:52:01,269.4,50,310800
20240115,09:52:03,269.0,400,310800
20240115,09:52:04,270.75,1850,310800
20240115,09:52:05,271.4,1600,310800
20240115,09:52:06,268.8,500,310800
20240115,09:52:09,268.95,100,310800
20240115,09:52:11,272.65,350,310800
20240115,09:52:13,270.5,550,310800
20240115,09:52:14,270.05,300,310800
20240115,09:52:15,269.85,150,310800
20240115,09:52:16,270.2,400,310800
20240115,09:52:17,271.55,100,310800
20240115,09:52:18,270.35,550,310800
20240115,09:52:21,270.25,100,310800
20240115,09:52:23,270.8,100,310800
20240115,09:52:24,273.45,350,310800
20240115,09:52:25,273.45,200,310800
20240115,09:52:26,272.35,600,310800
20240115,09:52:27,275.0,1300,310800
20240115,09:52:28,275.0,50,310800
20240115,09:52:30,272.35,350,310800
20240115,09:52:31,272.1,600,310800
20240115,09:52:34,271.85,50,310800
20240115,09:52:35,270.9,200,310800
20240115,09:52:37,266.3,550,310800
20240115,09:52:38,267.3,100,310800
20240115,09:52:39,267.5,100,310800
20240115,09:52:40,268.25,250,310800
20240115,09:52:42,266.25,150,310800
20240115,09:52:43,265.45,550,310800
20240115,09:52:44,262.35,550,310800
20240115,09:52:45,262.5,200,310800
20240115,09:52:46,263.15,300,310800
20240115,09:52:49,264.85,300,310800
20240115,09:52:50,264.9,100,310800
20240115,09:52:51,265.85,250,310800
20240115,09:52:53,267.0,300,310800
20240115,09:52:54,266.15,50,310800
20240115,09:52:56,267.1,50,310800
20240115,09:52:57,266.25,50,310800
20240115,09:52:58,263.5,50,310800
20240115,09:53:04,263.9,100,310800
20240115,09:53:06,262.9,500,310800
20240115,09:53:07,263.05,50,310800
20240115,09:53:08,263.45,50,310800
20240115,09:53:17,266.0,500,310800
20240115,09:53:18,267.0,50,310800
20240115,09:53:19,266.75,50,310800
20240115,09:53:21,262.4,150,310800
20240115,09:53:22,263.2,50,310800
20240115,09:53:23,263.3,150,310800
20240115,09:53:26,259.9,650,310800
20240115,09:53:28,258.75,50,310800
20240115,09:53:29,256.5,1450,310800
20240115,09:53:30,255.6,1050,310800
20240115,09:53:31,257.1,600,306250
20240115,09:53:32,255.9,250,306250
20240115,09:53:33,256.15,600,306250
20240115,09:53:34,256.05,50,306250
20240115,09:53:35,259.0,50,306250
20240115,09:53:38,253.6,3700,306250
20240115,09:53:39,253.5,850,306250
20240115,09:53:40,252.05,250,306250
20240115,09:53:41,252.55,100,306250
20240115,09:53:42,252.8,200,306250
20240115,09:53:43,253.9,200,306250
20240115,09:53:44,253.9,600,306250
20240115,09:53:45,255.35,250,306250
20240115,09:53:47,255.2,850,306250
20240115,09:53:48,255.85,250,306250
20240115,09:53:53,256.6,100,306250
20240115,09:53:54,256.7,50,306250
20240115,09:53:57,257.1,100,306250
20240115,09:53:58,260.0,150,306250
20240115,09:54:00,258.95,50,306250
20240115,09:54:03,258.95,200,306250
20240115,09:54:04,259.05,250,306250
20240115,09:54:05,261.0,100,306250
20240115,09:54:06,262.1,100,306250
20240115,09:54:08,263.1,50,306250
20240115,09:54:09,263.15,50,306250
20240115,09:54:12,264.85,500,306250
20240115,09:54:13,265.65,550,306250
20240115,09:54:14,266.1,100,306250
20240115,09:54:15,264.8,100,306250
20240115,09:54:16,265.75,350,306250
20240115,09:54:17,266.45,100,306250
20240115,09:54:18,264.75,50,306250
20240115,09:54:19,265.15,100,306250
20240115,09:54:21,265.0,100,306250
20240115,09:54:22,265.6,150,306250
20240115,09:54:24,266.3,150,306250
20240115,09:54:25,266.2,50,306250
20240115,09:54:27,266.1,100,306250
20240115,09:54:28,268.75,550,306250
20240115,09:54:33,269.05,300,306250
20240115,09:54:34,269.65,150,306250
20240115,09:54:36,270.0,450,306250
20240115,09:54:38,269.65,200,306250
20240115,09:54:39,272.65,850,306250
20240115,09:54:40,272.85,50,306250
20240115,09:54:43,273.7,750,306250
20240115,09:54:44,273.7,100,306250
20240115,09:54:45,277.0,2850,306250
20240115,09:54:47,278.55,2250,306250
20240115,09:54:48,279.0,100,306250
20240115,09:54:48,279.0,350,306250
20240115,09:54:49,278.4,750,306250
20240115,09:54:50,278.3,150,306250
20240115,09:54:51,279.5,600,306250
20240115,09:54:52,277.6,250,306250
20240115,09:54:54,278.5,150,306250
20240115,09:54:54,278.0,50,306250
20240115,09:54:55,278.0,150,306250
20240115,09:54:56,279.2,100,306250
20240115,09:54:57,277.55,100,306250
20240115,09:54:58,279.55,1050,306250
20240115,09:54:59,279.55,800,306250
20240115,09:55:01,277.35,300,306250
20240115,09:55:02,279.0,50,306250
20240115,09:55:03,280.9,650,306250
20240115,09:55:04,282.35,700,306250
20240115,09:55:05,283.75,50,306250
20240115,09:55:06,283.75,300,306250
20240115,09:55:07,280.4,100,306250
20240115,09:55:08,279.75,550,306250
20240115,09:55:09,280.65,100,306250
20240115,09:55:11,280.25,1900,306250
20240115,09:55:13,278.0,350,306250
20240115,09:55:14,276.55,250,306250
20240115,09:55:15,272.1,2550,306250
20240115,09:55:16,270.7,1150,306250
20240115,09:55:18,271.95,1050,306250
20240115,09:55:18,271.4,450,306250
20240115,09:55:19,274.05,600,306250
20240115,09:55:20,276.25,150,306250
20240115,09:55:21,275.8,850,306250
20240115,09:55:22,275.5,50,306250
20240115,09:55:25,277.9,200,306250
20240115,09:55:27,276.5,200,306250
20240115,09:55:27,276.55,100,306250
20240115,09:55:28,276.6,50,306250
20240115,09:55:29,275.3,350,306250
20240115,09:55:31,274.35,250,306250
20240115,09:55:32,274.75,350,306250
20240115,09:55:33,275.05,100,306250
20240115,09:55:34,273.85,200,306250
20240115,09:55:36,275.5,250,306250
20240115,09:55:37,274.7,250,306250
20240115,09:55:38,273.15,450,306250
20240115,09:55:39,274.75,550,306250
20240115,09:55:40,274.55,450,306250
20240115,09:55:41,275.45,200,306250
20240115,09:55:43,274.8,100,306250
20240115,09:55:45,272.95,100,306250
20240115,09:55:46,271.6,400,306250
20240115,09:55:49,273.4,50,306250
20240115,09:55:50,273.2,200,306250
20240115,09:55:53,272.55,150,306250
20240115,09:55:54,271.0,150,306250
20240115,09:55:56,267.5,400,306250
20240115,09:55:58,267.8,100,306250
20240115,09:55:58,269.25,50,306250
20240115,09:55:59,268.75,1900,306250
20240115,09:56:00,269.15,150,306250
20240115,09:56:01,269.5,700,306250
20240115,09:56:02,267.7,1250,306250
20240115,09:56:03,267.65,1550,306250
20240115,09:56:04,268.2,950,306250
20240115,09:56:05,268.7,250,306250
20240115,09:56:06,267.3,150,306250
20240115,09:56:07,269.95,100,306250
20240115,09:56:08,270.35,50,306250
20240115,09:56:12,272.0,850,306250
20240115,09:56:14,272.25,100,306250
20240115,09:56:17,271.8,300,306250
20240115,09:56:18,272.25,100,306250
20240115,09:56:19,273.7,50,306250
20240115,09:56:21,273.1,250,306250
20240115,09:56:24,273.4,50,306250
20240115,09:56:25,272.3,150,306250
20240115,09:56:26,272.55,50,306250
20240115,09:56:28,272.85,200,306250
20240115,09:56:31,276.0,400,306250
20240115,09:56:33,275.8,200,292000
20240115,09:56:36,274.3,1050,292000
20240115,09:56:37,274.65,550,292000
20240115,09:56:38,274.8,1050,292000
20240115,09:56:40,273.95,200,292000
20240115,09:56:41,274.25,100,292000
20240115,09:56:42,272.55,50,292000
20240115,09:56:43,273.15,2550,292000
20240115,09:56:45,272.15,100,292000
20240115,09:56:48,271.9,1450,292000
20240115,09:56:51,271.7,2650,292000
20240115,09:56:52,272.9,150,292000
20240115,09:56:53,273.4,100,292000
20240115,09:56:54,273.25,50,292000
20240115,09:56:58,274.3,250,292000
20240115,09:57:00,274.95,50,292000
20240115,09:57:03,279.85,350,292000
20240115,09:57:06,278.25,100,292000
20240115,09:57:07,278.75,200,292000
20240115,09:57:09,280.0,100,292000
20240115,09:57:10,280.8,50,292000
20240115,09:57:11,282.35,100,292000
20240115,09:57:12,280.75,50,292000
20240115,09:57:13,281.75,1350,292000
20240115,09:57:16,280.8,50,292000
20240115,09:57:17,279.9,250,292000
20240115,09:57:18,280.5,300,292000
20240115,09:57:20,281.05,50,292000
20240115,09:57:24,283.1,600,292000
20240115,09:57:25,284.45,50,292000
20240115,09:57:28,284.45,150,292000
20240115,09:57:29,282.4,100,292000
20240115,09:57:30,283.35,300,292000
20240115,09:57:32,283.8,250,292000
20240115,09:57:33,287.2,250,292000
20240115,09:57:36,287.2,200,292000
20240115,09:57:37,285.05,150,292000
20240115,09:57:39,285.6,200,292000
20240115,09:57:40,286.35,50,292000
20240115,09:57:42,285.35,50,292000
20240115,09:57:43,285.7,550,292000
20240115,09:57:45,286.0,50,292000
20240115,09:57:47,283.75,50,292000
20240115,09:57:51,284.5,100,292000
20240115,09:57:52,287.0,100,292000
20240115,09:57:53,288.0,50,292000
20240115,09:57:54,288.0,200,292000
20240115,09:57:55,290.0,300,292000
20240115,09:57:56,290.0,100,292000
20240115,09:57:58,288.95,50,292000
20240115,09:58:01,286.9,150,292000
20240115,09:58:02,287.95,200,292000
20240115,09:58:02,288.9,50,292000
20240115,09:58:03,287.15,2400,292000
20240115,09:58:04,288.45,150,292000
20240115,09:58:05,288.8,50,292000
20240115,09:58:07,288.95,150,292000
20240115,09:58:10,289.95,100,292000
20240115,09:58:12,283.8,150,292000
20240115,09:58:13,285.15,50,292000
20240115,09:58:17,285.05,100,292000
20240115,09:58:21,281.85,50,292000
20240115,09:58:22,283.15,150,292000
20240115,09:58:24,281.75,150,292000
20240115,09:58:25,282.25,50,292000
20240115,09:58:27,281.2,700,292000
20240115,09:58:28,281.5,350,292000
20240115,09:58:29,281.05,200,292000
20240115,09:58:30,282.9,1000,292000
20240115,09:58:32,283.05,150,292000
20240115,09:58:33,282.05,50,292000
20240115,09:58:37,279.4,50,292000
20240115,09:58:38,279.3,50,292000
20240115,09:58:40,279.05,50,292000
20240115,09:58:41,278.8,150,292000
20240115,09:58:42,278.8,50,292000
20240115,09:58:44,277.05,50,292000
20240115,09:58:46,278.85,50,292000
20240115,09:58:47,279.75,150,292000
20240115,09:58:50,278.35,150,292000
20240115,09:58:53,275.7,50,292000
20240115,09:58:54,276.1,50,292000
20240115,09:58:55,277.85,1150,292000
20240115,09:58:59,276.6,400,292000
20240115,09:59:02,278.05,250,292000
20240115,09:59:05,281.0,1000,292000
20240115,09:59:08,278.8,50,292000
20240115,09:59:11,279.9,4850,292000
20240115,09:59:12,279.6,250,292000
20240115,09:59:13,281.2,500,292000
20240115,09:59:16,279.95,600,292000
20240115,09:59:17,281.0,250,292000
20240115,09:59:18,281.35,100,292000
20240115,09:59:21,278.75,50,292000
20240115,09:59:23,279.85,50,292000
20240115,09:59:30,281.25,50,292000
20240115,09:59:31,282.0,50,292000
20240115,09:59:32,283.25,50,293850
20240115,09:59:33,284.55,200,293850
20240115,09:59:35,285.0,1200,293850
20240115,09:59:37,285.15,350,293850
20240115,09:59:38,286.05,50,293850
20240115,09:59:39,285.55,50,293850
20240115,09:59:43,284.3,300,293850
20240115,09:59:44,283.15,50,293850
20240115,09:59:45,282.25,100,293850
20240115,09:59:46,282.5,250,293850
20240115,09:59:49,281.5,50,293850
20240115,09:59:52,280.7,50,293850
20240115,09:59:56,284.5,50,293850
20240115,09:59:57,285.1,50,293850
20240115,09:59:58,285.55,1800,293850
20240115,09:59:59,286.35,200,293850
20240115,10:00:01,285.85,100,293850
20240115,10:00:02,287.75,200,293850
20240115,10:00:03,285.35,50,293850
20240115,10:00:05,289.95,50,293850
20240115,10:00:05,288.8,150,293850
20240115,10:00:06,289.05,50,293850
20240115,10:00:08,288.7,50,293850
20240115,10:00:09,288.0,400,293850
20240115,10:00:10,290.95,1900,293850
20240115,10:00:11,292.65,1500,293850
20240115,10:00:12,292.15,200,293850
20240115,10:00:13,291.7,250,293850
20240115,10:00:14,290.15,150,293850
20240115,10:00:16,293.1,350,293850
20240115,10:00:17,295.0,200,293850
20240115,10:00:18,296.3,3400,293850
20240115,10:00:19,297.5,2750,293850
20240115,10:00:19,296.75,100,293850
20240115,10:00:20,296.55,400,293850
20240115,10:00:21,296.6,500,293850
20240115,10:00:22,297.4,1800,293850
20240115,10:00:23,297.6,700,293850
20240115,10:00:24,296.4,150,293850
20240115,10:00:25,293.1,50,293850
20240115,10:00:28,295.9,1850,293850
20240115,10:00:29,294.7,50,293850
20240115,10:00:32,297.2,50,293850
20240115,10:00:33,295.2,2250,293850
20240115,10:00:35,295.75,50,293850
20240115,10:00:37,294.75,200,293850
20240115,10:00:38,295.55,100,293850
20240115,10:00:40,292.85,200,293850
20240115,10:00:41,293.8,200,293850
20240115,10:00:42,292.8,350,293850
20240115,10:00:44,291.6,400,293850
20240115,10:00:45,291.85,50,293850
20240115,10:00:46,289.4,150,293850
20240115,10:00:47,290.1,250,293850
20240115,10:00:47,289.65,200,293850
20240115,10:00:48,286.85,550,293850
20240115,10:00:49,287.3,150,293850
20240115,10:00:52,291.0,200,293850
20240115,10:00:55,291.85,1400,293850
20240115,10:00:56,294.35,50,293850
20240115,10:01:01,294.1,50,293850
20240115,10:01:01,295.4,100,293850
20240115,10:01:03,295.55,100,293850
20240115,10:01:06,295.65,150,293850
20240115,10:01:08,295.75,50,293850
20240115,10:01:11,295.7,250,293850
20240115,10:01:15,295.95,50,293850
20240115,10:01:17,294.25,650,293850
20240115,10:01:19,294.4,200,293850
20240115,10:01:21,294.9,150,293850
20240115,10:01:25,293.5,50,293850
20240115,10:01:26,293.85,200,293850
20240115,10:01:28,295.65,250,293850
20240115,10:01:29,295.5,100,293850
20240115,10:01:32,293.7,100,293850
