date,time,tick_price,volume,open_interest
20240123,10:36:50,91.0,50,50
20240123,10:49:09,114.85,50,50
20240123,11:42:17,131.45,50,100
20240123,11:46:33,140.0,100,150
20240123,11:51:05,130.7,100,250
20240123,11:51:11,134.3,100,250
20240123,11:51:21,135.75,150,250
20240123,11:51:36,134.3,100,250
20240123,11:56:18,137.75,50,500
20240123,11:57:23,139.45,50,500
20240123,11:58:09,145.9,100,500
20240123,11:59:02,145.9,100,500
20240123,12:00:13,142.9,250,650
20240123,12:02:30,149.25,100,650
20240123,12:05:38,159.2,100,400
20240123,12:10:02,164.05,50,450
20240123,12:10:10,164.05,50,450
20240123,12:15:49,154.4,100,550
20240123,12:20:21,159.4,100,450
20240123,12:23:02,159.35,50,550
20240123,12:31:51,155.85,50,600
20240123,12:58:40,178.0,200,650
20240123,12:58:44,175.65,100,650
20240123,13:09:32,184.0,100,750
20240123,13:11:57,183.0,200,750
20240123,13:12:58,177.35,600,900
20240123,13:18:26,176.0,50,1500
20240123,13:21:38,178.6,50,1450
20240123,13:54:26,190.0,100,1500
20240123,13:54:42,189.75,50,1500
20240123,13:55:50,190.1,100,1500
20240123,13:57:40,190.9,100,1650
20240123,13:59:24,191.8,50,1650
20240123,14:00:56,195.65,50,1500
20240123,14:05:45,182.1,150,1550
20240123,14:06:17,183.45,50,1550
20240123,14:10:58,192.65,50,1550
20240123,14:12:09,188.15,50,1550
20240123,14:24:10,214.3,50,1550
20240123,14:25:19,221.4,100,1550
20240123,14:27:05,228.05,300,1550
20240123,14:27:45,231.6,100,1750
20240123,14:30:44,221.65,250,1850
20240123,14:30:57,221.75,100,1850
20240123,14:36:09,226.55,100,1750
20240123,14:41:46,223.55,100,1850
20240123,14:45:16,235.25,50,1950
20240123,14:48:23,228.85,100,2000
20240123,14:50:26,218.7,50,2050
20240123,14:55:44,230.05,50,2050
20240123,14:56:43,230.0,150,2050
20240123,14:58:43,238.95,50,2150
20240123,15:00:08,236.3,150,2150
20240123,15:02:25,249.35,100,2250
20240123,15:02:33,249.25,50,2250
20240123,15:08:37,228.15,100,2300
20240123,15:09:12,229.15,100,2300
20240123,15:13:12,234.45,50,2400
20240123,15:17:03,230.0,100,2450
20240123,15:17:48,230.45,50,2450
20240123,15:20:08,228.35,100,2500
20240123,15:20:26,222.0,300,2500
20240123,15:20:36,223.55,200,2500
20240123,15:21:14,225.0,200,2500
20240123,15:29:59,229.65,1,2400
20240124,09:16:42,239.6,1,2400
20240124,09:16:42,239.6,100,2400
20240124,09:16:51,237.7,50,2400
20240124,09:17:08,237.7,100,2400
20240124,09:17:48,248.1,50,2400
20240124,09:19:08,258.6,50,2500
20240124,09:19:41,258.6,50,2500
20240124,09:20:07,265.65,400,2500
20240124,09:20:27,252.3,400,2500
20240124,09:20:37,250.0,50,2500
20240124,09:21:00,238.0,100,2550
20240124,09:21:32,240.0,550,2550
20240124,09:21:42,237.85,300,2550
20240124,09:21:53,234.35,250,2550
20240124,09:22:16,217.4,50,2550
20240124,09:24:01,217.4,50,3300
20240124,09:25:43,217.4,300,3300
20240124,09:26:27,245.65,250,3300
20240124,09:27:27,232.0,100,3550
20240124,09:27:37,235.7,600,3550
20240124,09:27:46,234.05,50,3550
20240124,09:28:05,232.35,1150,3550
20240124,09:28:35,235.25,100,3550
20240124,09:29:05,226.7,250,3550
20240124,09:29:46,222.2,250,3550
20240124,09:30:17,222.6,250,4550
20240124,09:31:56,210.1,450,4550
20240124,09:32:08,210.0,50,4550
20240124,09:33:09,210.0,450,4450
20240124,09:33:30,210.7,350,4450
20240124,09:36:23,217.65,100,4550
20240124,09:36:52,221.55,100,4550
20240124,09:39:19,207.9,100,4650
20240124,09:39:29,207.9,50,4650
20240124,09:40:57,203.0,100,4650
20240124,09:43:16,203.0,50,4550
20240124,09:43:35,213.2,250,4550
20240124,09:44:04,212.85,50,4550
20240124,09:44:43,212.45,250,4550
20240124,09:47:01,194.2,200,4900
20240124,09:47:35,192.1,50,4900
20240124,09:47:46,189.45,50,4900
20240124,09:48:19,189.45,50,5100
20240124,09:48:40,192.65,100,5100
20240124,09:50:19,195.7,50,5100
20240124,09:50:59,199.9,50,5100
20240124,09:51:01,197.5,50,5100
20240124,09:51:31,200.15,350,5100
20240124,09:52:29,203.15,250,5100
20240124,09:55:12,193.9,50,5400
20240124,09:55:22,192.65,50,5400
20240124,09:55:34,188.7,100,5400
20240124,09:58:03,176.55,50,5550
20240124,09:58:43,174.9,50,5550
20240124,09:58:55,171.9,250,5550
20240124,09:59:18,171.9,50,5550
20240124,10:00:32,160.75,50,5350
20240124,10:01:16,160.75,200,5350
20240124,10:01:28,166.15,50,5350
20240124,10:01:39,168.85,250,5350
20240124,10:01:49,168.6,50,5350
20240124,10:01:58,167.85,300,5350
20240124,10:02:29,172.05,100,5350
20240124,10:04:43,191.6,250,5250
20240124,10:05:07,189.3,600,5250
20240124,10:05:42,185.85,50,5250
20240124,10:06:04,182.3,150,5550
20240124,10:06:26,181.6,50,5550
20240124,10:07:38,180.25,100,5550
20240124,10:08:31,186.0,100,5550
20240124,10:08:47,187.45,50,5550
20240124,10:09:29,187.35,50,5750
20240124,10:10:44,195.5,50,5750
20240124,10:10:55,194.05,50,5750
20240124,10:11:02,193.6,50,5750
20240124,10:11:50,200.85,250,5750
20240124,10:11:55,200.05,50,5750
20240124,10:13:04,196.35,100,5850
20240124,10:13:14,196.25,250,5850
20240124,10:14:36,196.65,250,5850
20240124,10:14:56,196.8,50,5850
20240124,10:15:06,194.6,50,6150
20240124,10:17:32,179.05,200,6150
20240124,10:17:53,177.9,100,6150
20240124,10:18:03,174.95,50,6350
20240124,10:18:13,174.95,50,6350
20240124,10:19:55,174.95,50,6350
20240124,10:20:44,172.05,150,6350
20240124,10:23:11,169.25,50,6650
20240124,10:23:31,167.85,50,6650
20240124,10:24:00,167.0,150,6650
20240124,10:24:39,167.0,450,6650
20240124,10:25:08,167.65,50,6650
20240124,10:25:28,164.85,100,6650
20240124,10:25:48,164.35,150,6650
20240124,10:27:53,160.0,50,7150
20240124,10:31:00,160.0,50,7200
20240124,10:31:32,162.75,400,7200
20240124,10:34:16,158.0,50,7250
20240124,10:38:26,158.0,250,7300
20240124,10:39:42,166.8,250,7550
20240124,10:41:39,168.3,100,7550
20240124,10:43:40,171.05,50,7650
20240124,10:44:01,169.35,50,7650
20240124,10:45:58,179.5,50,7700
20240124,10:46:08,176.9,50,7700
20240124,10:46:37,178.85,100,7700
20240124,10:46:58,179.15,50,7700
20240124,10:47:17,177.9,250,7700
20240124,10:47:36,177.65,100,7700
20240124,10:48:36,177.65,50,8050
20240124,10:51:54,171.55,150,8050
20240124,10:53:22,177.55,250,8050
20240124,10:55:35,163.5,250,8200
20240124,10:56:15,162.6,100,8200
20240124,10:56:45,165.0,50,8200
20240124,11:03:39,164.5,50,8350
20240124,11:05:34,166.05,50,8350
20240124,11:06:23,163.45,50,8350
20240124,11:07:10,165.2,50,8350
20240124,11:07:21,165.75,50,8350
20240124,11:07:50,167.55,50,8350
20240124,11:09:07,166.65,50,8350
20240124,11:11:00,167.15,600,8350
20240124,11:11:10,165.3,100,8350
20240124,11:11:29,163.6,50,8350
20240124,11:11:59,167.1,50,8350
20240124,11:13:27,166.35,50,8350
20240124,11:13:46,165.7,50,8350
20240124,11:13:56,165.15,350,8350
20240124,11:15:55,165.0,50,8350
20240124,11:16:05,163.45,50,8350
20240124,11:18:26,163.65,50,8350
20240124,11:18:53,161.75,100,8350
20240124,11:19:49,163.95,50,8350
20240124,11:20:08,161.35,50,8350
20240124,11:23:47,166.95,50,8450
20240124,11:24:35,168.2,50,8450
20240124,11:25:59,176.0,50,8450
20240124,11:26:54,178.65,50,8450
20240124,11:27:23,181.65,300,8500
20240124,11:28:13,185.15,50,8500
20240124,11:30:27,195.1,50,8250
20240124,11:30:39,195.0,150,8250
20240124,11:31:14,200.95,100,8250
20240124,11:31:27,205.3,150,8250
20240124,11:31:39,204.1,50,8250
20240124,11:31:51,206.25,50,8250
20240124,11:32:02,210.0,50,8250
20240124,11:32:13,209.0,100,8250
20240124,11:32:37,219.5,50,8250
20240124,11:32:48,217.75,100,8250
20240124,11:32:58,218.5,250,8250
20240124,11:33:09,216.9,1050,8250
20240124,11:33:31,207.85,50,8600
20240124,11:33:41,207.65,100,8600
20240124,11:33:51,210.5,350,8600
20240124,11:34:12,200.6,400,8600
20240124,11:34:34,204.6,800,8600
20240124,11:34:53,209.4,100,8600
20240124,11:36:06,201.25,350,8600
20240124,11:36:18,194.4,100,9450
20240124,11:36:54,177.15,300,9450
20240124,11:37:00,179.75,50,9450
20240124,11:37:01,178.7,150,9450
20240124,11:37:05,183.4,100,9450
20240124,11:37:26,182.55,100,9450
20240124,11:37:34,183.05,100,9450
20240124,11:38:18,190.1,1250,9450
20240124,11:39:02,195.0,100,9450
20240124,11:39:23,198.4,400,9300
20240124,11:39:33,196.7,200,9300
20240124,11:39:43,197.6,1300,9300
20240124,11:39:52,197.9,100,9300
20240124,11:40:12,196.05,200,9300
20240124,11:40:32,196.4,100,9300
20240124,11:40:42,199.55,50,9300
20240124,11:40:53,201.35,50,9300
20240124,11:42:46,189.9,450,9300
20240124,11:43:07,191.85,100,9300
20240124,11:43:17,191.8,100,9300
20240124,11:44:29,191.45,550,9300
20240124,11:44:40,188.85,200,9300
20240124,11:45:09,189.15,150,9300
20240124,11:45:29,191.45,100,8650
20240124,11:46:17,197.5,150,8650
20240124,11:47:35,198.1,100,8650
20240124,11:48:42,199.95,700,8650
20240124,11:49:00,200.9,250,8650
20240124,11:49:12,202.5,50,8650
20240124,11:49:28,203.6,50,8650
20240124,11:49:30,202.5,50,8650
20240124,11:49:47,204.25,600,8650
20240124,11:49:48,201.2,950,8650
20240124,11:51:44,200.1,100,9000
20240124,11:52:59,201.9,50,9000
20240124,11:53:27,200.35,50,9000
20240124,11:54:05,200.8,250,9000
20240124,11:55:32,196.1,100,9200
20240124,11:58:13,204.0,500,9300
20240124,11:58:34,203.15,100,9300
20240124,12:00:53,205.0,100,9050
20240124,12:02:19,201.85,100,9050
20240124,12:02:29,202.9,100,9050
20240124,12:02:34,203.3,100,9050
20240124,12:02:37,204.55,100,9050
20240124,12:02:39,204.3,100,9050
20240124,12:02:40,204.3,50,9050
20240124,12:02:42,205.0,50,9050
20240124,12:03:15,201.1,100,9450
20240124,12:04:15,209.15,100,9450
20240124,12:04:26,209.15,600,9450
20240124,12:04:36,211.45,700,9450
20240124,12:05:07,215.0,200,9450
20240124,12:05:17,215.1,750,9450
20240124,12:05:38,217.4,200,9450
20240124,12:05:57,215.65,50,9450
20240124,12:06:17,214.45,450,10000
20240124,12:06:52,206.6,150,10000
20240124,12:07:00,209.55,100,10000
20240124,12:09:29,212.35,100,10000
20240124,12:10:07,211.05,350,10000
20240124,12:10:46,209.85,150,10000
20240124,12:11:05,211.5,150,10000
20240124,12:11:23,208.0,200,10000
20240124,12:11:33,208.05,100,10000
20240124,12:12:46,213.75,200,10100
20240124,12:12:56,215.65,50,10100
20240124,12:13:05,214.75,100,10100
20240124,12:13:25,216.5,150,10100
20240124,12:14:11,216.05,100,10100
20240124,12:14:39,210.2,450,10100
20240124,12:16:29,208.0,50,10250
20240124,12:16:38,206.45,200,10250
20240124,12:18:48,205.9,100,10350
20240124,12:19:26,199.25,200,10350
20240124,12:19:38,199.8,50,10350
20240124,12:19:50,197.3,250,10350
20240124,12:20:01,193.3,50,10350
20240124,12:20:12,190.0,450,10350
20240124,12:20:22,190.9,200,10350
20240124,12:20:52,194.45,200,10350
20240124,12:21:02,194.4,50,10350
20240124,12:21:22,195.45,500,10350
20240124,12:21:41,198.25,350,10300
20240124,12:22:00,199.8,200,10300
20240124,12:22:10,199.45,150,10300
20240124,12:22:30,205.55,50,10300
20240124,12:22:49,203.9,50,10300
20240124,12:23:18,206.15,250,10300
20240124,12:27:03,216.8,50,10300
20240124,12:27:13,214.9,50,10300
20240124,12:27:23,215.75,150,10350
20240124,12:27:41,216.7,150,10350
20240124,12:27:52,220.0,200,10350
20240124,12:28:00,224.25,150,10350
20240124,12:28:30,228.5,400,10350
20240124,12:28:34,227.8,50,10350
20240124,12:28:47,227.0,50,10350
20240124,12:29:11,215.1,900,10350
20240124,12:30:23,212.95,250,10550
20240124,12:31:12,215.1,150,10550
20240124,12:31:40,216.7,50,10550
20240124,12:32:56,220.65,100,10550
20240124,12:33:15,222.05,250,10550
20240124,12:33:45,226.25,50,10300
20240124,12:34:04,227.3,150,10300
20240124,12:34:14,224.2,300,10300
20240124,12:35:30,222.7,100,10300
20240124,12:35:40,221.8,350,10300
20240124,12:36:36,222.05,150,10350
20240124,12:37:44,225.75,250,10350
20240124,12:38:39,226.0,50,10350
20240124,12:41:38,224.6,50,10050
20240124,12:41:47,224.45,300,10050
20240124,12:43:50,216.85,250,10350
20240124,12:44:46,223.05,100,10350
20240124,12:45:05,222.55,100,10350
20240124,12:45:43,221.05,50,10100
20240124,12:51:00,200.1,600,10150
20240124,12:53:53,200.0,100,10100
20240124,12:55:31,200.0,100,10200
20240124,12:56:19,198.95,250,10200
20240124,12:57:34,198.3,400,10400
20240124,12:58:01,198.05,50,10400
20240124,12:58:19,195.7,200,10400
20240124,12:58:31,190.0,50,10400
20240124,13:00:21,189.15,100,10400
20240124,13:00:31,189.8,50,10000
20240124,13:00:42,186.35,250,10000
20240124,13:05:49,181.3,250,9750
20240124,13:06:10,185.25,250,9750
20240124,13:07:45,183.7,200,10000
20240124,13:10:34,186.05,250,10050
20240124,13:10:59,183.9,250,10050
20240124,13:13:57,193.5,150,10050
20240124,13:14:25,191.0,250,10050
20240124,13:18:36,190.0,50,10300
20240124,13:20:11,173.75,100,10300
20240124,13:21:57,177.55,100,10350
20240124,13:23:35,182.15,100,10350
20240124,13:27:41,183.25,700,10300
20240124,13:31:31,188.0,300,10400
20240124,13:32:10,192.0,150,10400
20240124,13:33:14,191.4,150,10400
20240124,13:42:27,188.2,150,10400
20240124,13:42:37,188.4,250,10450
20240124,13:42:46,188.1,50,10450
20240124,13:45:45,185.2,50,10250
20240124,13:47:54,185.35,100,10250
20240124,13:48:22,182.45,50,10250
20240124,13:52:51,189.95,250,10400
20240124,13:54:42,190.2,250,10650
20240124,13:58:58,183.4,150,10400
20240124,13:59:26,181.25,50,10400
20240124,14:00:01,186.9,300,10400
20240124,14:01:47,180.35,50,10600
20240124,14:01:57,175.35,50,10600
20240124,14:05:41,165.0,50,10600
20240124,14:06:01,165.0,100,10600
20240124,14:07:09,166.4,50,10600
20240124,14:08:10,171.8,100,10550
20240124,14:08:12,172.0,250,10550
20240124,14:08:30,175.45,50,10550
20240124,14:08:38,174.45,50,10550
20240124,14:08:42,174.1,50,10550
20240124,14:09:12,174.75,250,10550
20240124,14:09:53,175.4,1050,10350
20240124,14:10:22,178.15,100,10350
20240124,14:10:32,179.65,100,10350
20240124,14:10:43,179.45,100,10350
20240124,14:10:52,179.5,50,10350
20240124,14:11:11,179.6,200,10350
20240124,14:11:20,179.4,150,10350
20240124,14:12:42,172.8,50,11250
20240124,14:15:13,172.35,50,11250
20240124,14:15:43,168.35,50,11200
20240124,14:19:08,168.5,50,11200
20240124,14:21:07,165.1,100,11200
20240124,14:21:29,163.9,300,11200
20240124,14:21:39,163.55,250,11200
20240124,14:24:52,167.05,800,10850
20240124,14:25:12,166.35,50,10850
20240124,14:31:26,152.1,50,10800
20240124,14:33:52,151.15,50,10800
20240124,14:34:28,151.15,50,10800
20240124,14:35:06,151.05,50,10800
20240124,14:36:22,147.25,200,10800
20240124,14:40:47,145.0,50,10600
20240124,14:41:32,144.05,50,10600
20240124,14:43:28,133.2,100,10650
20240124,14:44:13,133.2,350,10650
20240124,14:45:12,132.55,500,10650
20240124,14:45:54,132.55,350,10650
20240124,14:46:12,136.45,100,10650
20240124,14:46:54,141.05,250,10650
20240124,14:47:04,138.1,100,10650
20240124,14:47:34,138.25,100,10650
20240124,14:48:00,140.35,50,10650
20240124,14:48:07,141.65,250,10650
20240124,14:48:08,141.95,100,10650
20240124,14:49:14,145.2,250,10600
20240124,14:51:28,135.95,250,10600
20240124,14:52:07,135.95,250,10850
20240124,14:56:03,133.25,50,10750
20240124,14:57:01,137.5,100,10750
20240124,15:00:44,126.35,50,10800
20240124,15:00:56,126.35,200,10800
20240124,15:02:08,126.35,100,10800
20240124,15:02:40,130.85,50,10800
20240124,15:05:14,136.4,50,10700
20240124,15:06:02,132.5,50,10700
20240124,15:07:31,134.0,50,10750
20240124,15:10:00,135.0,50,10700
20240124,15:12:49,130.05,50,10750
20240124,15:12:58,130.85,50,10750
20240124,15:13:08,133.45,50,10750
20240124,15:14:14,128.9,300,10750
20240124,15:15:31,126.9,150,10750
20240124,15:16:58,120.3,50,10650
20240124,15:19:11,118.5,50,10700
20240124,15:19:51,117.35,50,10700
20240124,15:20:32,117.35,250,10700
20240124,15:20:59,118.75,200,10700
20240124,15:22:25,118.75,100,11000
20240124,15:24:16,121.05,50,11000
20240124,15:24:53,120.75,50,11100
20240124,15:25:01,118.95,50,11100
20240124,15:25:48,118.85,50,11100
20240124,15:27:03,115.7,100,11100
20240124,15:28:03,115.25,50,11000
20240124,15:28:12,115.15,50,11000
20240124,15:28:48,115.15,50,11000
20240124,15:29:25,116.0,50,11000
20240124,15:29:34,116.0,50,11000
20240124,15:29:45,116.4,50,11000
20240125,09:17:23,123.85,1,11050
20240125,09:17:23,130.2,100,11050
20240125,09:17:44,132.0,100,11050
20240125,09:17:55,135.0,100,11050
20240125,09:18:07,136.0,250,10900
20240125,09:19:36,140.0,50,10900
20240125,09:20:38,140.0,100,10900
20240125,09:22:33,133.55,50,10700
20240125,09:23:31,140.0,50,10700
20240125,09:24:04,148.65,50,10700
20240125,09:24:46,152.55,150,10650
20240125,09:24:57,155.0,50,10650
20240125,09:25:08,155.0,50,10650
20240125,09:25:19,150.05,100,10650
20240125,09:25:38,153.0,50,10650
20240125,09:30:20,132.75,100,10700
20240125,09:30:51,132.75,350,10700
20240125,09:31:11,132.3,50,10700
20240125,09:31:31,134.15,50,10700
20240125,09:32:13,141.75,50,10700
20240125,09:33:13,143.0,50,10900
20240125,09:35:14,144.4,50,10900
20240125,09:36:12,147.15,50,11000
20240125,09:37:51,144.4,50,11000
20240125,09:38:30,139.7,50,11000
20240125,09:40:25,146.35,50,11050
20240125,09:41:53,139.7,150,11050
20240125,09:43:42,146.35,50,11150
20240125,09:44:32,150.0,100,11150
20240125,09:45:05,155.0,150,11150
20240125,09:45:28,154.0,50,11050
20240125,09:46:12,155.0,50,11050
20240125,09:47:17,144.85,50,11050
20240125,09:48:31,149.8,100,10900
20240125,09:48:41,149.8,50,10900
20240125,09:48:51,147.65,100,10900
20240125,09:49:23,145.0,150,10900
20240125,09:51:36,151.65,50,11050
20240125,09:53:35,153.7,50,11050
20240125,09:54:05,155.65,50,11050
20240125,09:54:46,159.4,50,11000
20240125,09:55:29,159.4,500,11000
20240125,09:59:28,149.8,600,11500
20240125,10:08:50,151.25,50,11500
20240125,10:09:01,153.45,50,11500
20240125,10:10:03,160.1,50,11600
20240125,10:11:07,160.1,50,11600
20240125,10:16:52,162.0,100,11600
20240125,10:17:02,162.0,100,11600
20240125,10:19:05,167.5,50,11700
20240125,10:19:38,167.5,50,11700
20240125,10:19:59,167.5,50,11700
20240125,10:20:10,170.25,50,11700
20240125,10:20:22,173.0,100,11700
20240125,10:20:35,175.5,150,11700
20240125,10:20:47,175.5,50,11700
20240125,10:20:58,176.5,50,11700
20240125,10:21:34,179.9,100,11500
20240125,10:21:45,179.9,200,11500
20240125,10:21:55,176.8,100,11500
20240125,10:22:05,177.05,100,11500
20240125,10:23:31,184.75,100,11500
20240125,10:29:25,184.75,100,11500
20240125,10:32:32,168.4,100,11500
20240125,10:33:24,169.45,50,11500
20240125,10:35:15,179.45,100,11500
20240125,10:35:35,175.45,50,11500
20240125,10:36:25,179.35,100,11500
20240125,10:42:40,175.0,100,11600
20240125,10:44:52,173.75,200,11600
20240125,10:47:11,177.4,200,11800
20240125,10:47:40,177.75,50,11800
20240125,10:49:06,177.05,100,11650
20240125,10:50:02,177.25,250,11650
20240125,10:50:22,177.25,50,11650
20240125,10:54:06,186.4,50,11950
20240125,10:54:16,187.55,200,11950
20240125,10:54:28,190.7,200,12050
20240125,10:55:15,198.4,300,12050
20240125,10:55:26,198.4,50,12050
20240125,10:55:48,197.6,200,12050
20240125,10:56:00,196.1,100,12050
20240125,10:56:23,199.0,100,12050
20240125,10:56:34,199.0,50,12050
20240125,10:57:45,197.15,50,12450
20240125,10:58:05,195.55,50,12450
20240125,10:58:25,197.0,100,12450
20240125,10:59:15,199.1,150,12450
20240125,10:59:58,199.1,2300,12450
20240125,11:00:18,197.95,200,12450
20240125,11:00:38,198.25,50,13500
20240125,11:00:50,198.95,200,13500
20240125,11:01:40,199.55,50,13500
20240125,11:02:02,201.55,150,13500
20240125,11:02:34,201.55,200,13500
20240125,11:03:16,194.05,100,13500
20240125,11:03:27,190.45,200,13750
20240125,11:03:39,191.2,100,13750
20240125,11:03:51,189.85,200,13750
20240125,11:04:02,188.4,200,13750
20240125,11:04:33,193.95,50,13750
20240125,11:05:04,195.55,100,13750
20240125,11:05:13,195.75,50,13750
20240125,11:05:33,196.8,250,13750
20240125,11:06:22,193.85,200,13750
20240125,11:11:49,184.4,100,13600
20240125,11:12:34,184.3,50,13600
20240125,11:13:36,186.0,50,13600
20240125,11:14:36,191.6,50,13600
20240125,11:15:47,191.6,250,13650
20240125,11:17:36,187.0,150,13650
20240125,11:17:47,187.2,100,13650
20240125,11:19:47,179.35,100,13650
20240125,11:20:03,177.6,100,13650
20240125,11:20:18,176.75,50,13650
20240125,11:20:48,180.0,500,13650
20240125,11:21:08,175.7,100,13650
20240125,11:21:54,170.45,100,14150
20240125,11:22:38,165.7,50,14150
20240125,11:23:02,170.2,450,14150
20240125,11:23:14,172.3,450,14150
20240125,11:24:08,174.7,100,14150
20240125,11:25:29,176.9,100,14700
20240125,11:28:11,183.15,100,14800
20240125,11:29:24,183.3,100,14800
20240125,11:31:29,182.6,350,14800
20240125,11:35:42,184.1,200,15050
20240125,11:36:02,181.7,50,15050
20240125,11:36:13,182.05,50,15050
20240125,11:37:33,173.25,50,15200
20240125,11:37:55,170.45,50,15200
20240125,11:38:25,170.0,100,15200
20240125,11:38:57,167.7,1000,15200
20240125,11:39:08,161.2,50,15200
20240125,11:39:20,158.6,50,15200
20240125,11:40:53,152.25,50,16150
20240125,11:41:16,152.25,250,16150
20240125,11:41:27,150.0,50,16150
20240125,11:41:48,150.9,50,16150
20240125,11:43:04,145.1,250,16150
20240125,11:43:14,148.5,50,16150
20240125,11:43:25,148.25,200,16150
20240125,11:44:06,147.65,50,16150
20240125,11:44:27,150.0,100,16150
20240125,11:45:44,154.55,50,16300
20240125,11:45:54,150.0,50,16300
20240125,11:46:04,149.5,50,16300
20240125,11:46:45,154.85,150,16300
20240125,11:47:16,157.2,50,16300
20240125,11:47:28,158.15,300,16300
20240125,11:49:18,160.0,50,16500
20240125,11:49:41,165.35,500,16500
20240125,11:50:59,171.75,1000,16500
20240125,11:51:10,174.8,50,16500
20240125,11:51:21,172.3,550,16500
20240125,11:55:52,180.0,50,15150
20240125,11:56:44,180.0,50,15150
20240125,12:00:59,179.55,50,15100
20240125,12:04:14,172.2,100,15100
20240125,12:06:48,179.05,50,15000
20240125,12:08:06,180.9,50,15000
20240125,12:11:56,172.6,50,15000
20240125,12:14:20,175.0,50,15000
20240125,12:15:26,177.35,50,15000
20240125,12:15:36,180.0,50,15000
20240125,12:16:40,184.45,100,15000
20240125,12:16:59,182.6,500,15000
20240125,12:20:43,188.7,100,15000
20240125,12:22:06,186.3,100,15000
20240125,12:22:16,186.65,100,15000
20240125,12:23:14,183.7,100,15000
20240125,12:24:21,182.0,100,15000
20240125,12:29:39,171.9,50,14700
20240125,12:32:15,176.8,100,14700
20240125,12:34:34,177.2,700,14650
20240125,12:35:11,176.75,50,14650
20240125,12:36:29,172.15,50,14650
20240125,12:38:08,172.85,50,14350
20240125,12:40:42,166.65,1100,14250
20240125,12:40:52,166.3,50,14250
20240125,12:41:02,168.35,850,14250
20240125,12:41:11,169.7,150,14250
20240125,12:48:36,167.7,450,13750
20240125,12:48:46,167.75,100,13750
20240125,12:48:56,167.7,550,13750
20240125,12:49:43,169.6,50,13750
20240125,12:51:32,173.5,50,13750
20240125,12:53:37,175.6,200,14300
20240125,12:54:15,177.5,200,14300
20240125,12:56:51,181.0,50,14500
20240125,12:58:52,181.0,50,14500
20240125,12:59:02,182.6,50,14500
20240125,13:00:06,186.75,100,14500
20240125,13:00:38,183.65,100,14500
20240125,13:00:57,182.8,150,14500
20240125,13:01:36,184.7,50,14500
20240125,13:04:05,182.0,1500,14450
20240125,13:09:03,182.45,650,14500
20240125,13:10:01,183.95,50,14300
20240125,13:10:11,182.55,50,14300
20240125,13:10:40,180.95,50,14300
20240125,13:10:48,181.35,50,14300
20240125,13:18:49,174.75,50,14250
20240125,13:22:07,171.8,50,14200
20240125,13:23:30,169.75,50,14200
20240125,13:27:28,177.6,150,14250
20240125,13:29:53,180.85,350,14400
20240125,13:30:22,180.0,50,14400
20240125,13:30:32,178.95,100,14400
20240125,13:33:21,180.1,100,14350
20240125,13:36:02,180.1,150,14300
20240125,13:37:27,180.7,700,14250
20240125,13:38:33,179.85,100,14250
20240125,13:38:50,179.95,50,14250
20240125,13:40:29,175.4,50,14950
20240125,13:46:23,171.45,50,14900
20240125,13:47:50,170.0,50,14900
20240125,13:49:34,166.4,500,14900
20240125,13:51:55,166.1,50,15350
20240125,13:52:35,167.6,50,15350
20240125,13:54:00,170.25,150,15350
20240125,13:54:10,169.95,200,15350
20240125,13:54:20,169.6,150,15350
20240125,13:54:38,169.4,50,15350
20240125,13:55:34,171.7,100,15500
20240125,13:57:33,164.0,200,15500
20240125,13:59:12,164.05,50,15400
20240125,14:03:42,164.8,200,15450
20240125,14:04:55,165.25,50,15250
20240125,14:05:40,164.4,50,15250
20240125,14:06:26,161.15,50,15250
20240125,14:07:24,165.6,50,15300
20240125,14:14:16,170.15,150,15300
20240125,14:14:45,169.35,50,15300
20240125,14:15:42,173.5,50,15300
20240125,14:15:51,172.0,50,15400
20240125,14:21:50,172.35,1000,15350
20240125,14:22:07,171.2,50,16250
20240125,14:22:52,168.8,1000,16250
20240125,14:23:01,170.2,50,16250
20240125,14:23:28,171.75,50,16250
20240125,14:23:37,171.75,100,16250
20240125,14:26:20,171.0,50,14950
20240125,14:28:54,167.3,50,15000
20240125,14:30:45,161.25,50,15000
20240125,14:31:50,164.7,50,15000
20240125,14:33:24,168.15,50,15000
20240125,14:35:04,168.3,100,14950
20240125,14:35:32,168.45,100,14950
20240125,14:39:09,174.1,50,14900
20240125,14:39:47,174.6,1000,14900
20240125,14:41:52,175.8,50,14900
20240125,14:44:11,179.05,50,14850
20240125,14:44:58,176.05,50,14850
20240125,14:46:01,173.5,50,14950
20240125,14:46:19,170.95,50,14950
20240125,14:46:39,170.65,700,14950
20240125,14:46:49,173.4,50,14950
20240125,14:49:10,173.0,50,14450
20240125,14:49:28,173.1,50,14450
20240125,14:54:18,169.8,50,14450
20240125,14:54:37,168.1,50,14450
20240125,14:56:46,167.8,50,14450
20240125,14:56:55,167.75,50,14450
20240125,14:57:04,168.25,50,14450
20240125,14:57:12,167.8,100,14450
20240125,14:58:40,168.1,100,14400
20240125,14:59:40,167.95,100,14400
20240125,15:00:27,162.4,100,14400
20240125,15:00:46,158.65,850,14400
20240125,15:00:56,157.45,100,13900
20240125,15:01:38,154.05,150,13900
20240125,15:01:49,151.35,50,13900
20240125,15:01:59,150.45,150,13900
20240125,15:02:31,149.1,50,13900
20240125,15:02:41,149.95,100,13900
20240125,15:03:00,150.45,50,13900
20240125,15:03:51,149.55,50,13900
20240125,15:04:12,149.05,50,13700
20240125,15:04:22,149.0,50,13700
20240125,15:05:06,145.25,50,13700
20240125,15:05:14,143.7,450,13700
20240125,15:05:35,142.7,50,13700
20240125,15:06:00,140.9,50,13700
20240125,15:06:44,138.65,50,13700
20240125,15:07:07,138.3,300,13900
20240125,15:07:18,137.95,50,13900
20240125,15:07:28,138.05,50,13900
20240125,15:07:38,138.55,300,13900
20240125,15:07:48,138.2,350,13900
20240125,15:07:58,138.9,150,13900
20240125,15:08:30,138.8,100,13900
20240125,15:09:12,134.05,500,13900
20240125,15:09:35,135.15,500,13900
20240125,15:09:58,136.35,50,13550
20240125,15:10:19,137.65,50,13550
20240125,15:10:52,137.65,150,13550
20240125,15:11:33,138.25,100,13550
20240125,15:11:55,135.65,100,13550
20240125,15:12:17,133.2,100,13550
20240125,15:12:28,133.3,50,13550
20240125,15:12:51,131.6,1000,13550
20240125,15:13:34,128.3,50,14500
20240125,15:13:45,127.95,50,14500
20240125,15:13:56,128.75,750,14500
20240125,15:14:17,130.55,750,14500
20240125,15:14:38,132.8,50,14500
20240125,15:14:50,132.45,2350,14500
20240125,15:15:00,133.85,150,14500
20240125,15:15:11,132.5,500,14500
20240125,15:15:31,133.15,550,14500
20240125,15:15:41,134.1,50,14500
20240125,15:16:14,133.25,50,15050
20240125,15:16:25,133.5,50,15050
20240125,15:16:36,133.0,100,15050
20240125,15:17:06,133.45,150,15050
20240125,15:17:28,133.65,500,15050
20240125,15:17:40,133.75,500,15050
20240125,15:18:00,134.05,900,15050
20240125,15:18:53,133.25,100,15050
20240125,15:19:12,130.65,250,15550
20240125,15:19:45,130.5,100,15550
20240125,15:19:55,131.55,150,15550
20240125,15:20:04,133.0,300,15550
20240125,15:20:13,130.3,600,15550
20240125,15:20:23,130.3,50,15550
20240125,15:20:32,131.05,650,15550
20240125,15:22:01,126.0,50,15550
20240125,15:22:46,125.65,50,15000
20240125,15:23:46,127.0,50,15000
20240125,15:23:58,127.45,250,15000
20240125,15:24:10,128.65,100,15000
20240125,15:24:20,129.75,500,15000
20240125,15:24:28,128.15,50,15000
20240125,15:25:06,128.3,600,15100
20240125,15:25:26,127.05,50,15100
20240125,15:25:44,126.7,200,15100
20240125,15:25:54,124.35,500,15100
20240125,15:26:24,122.6,50,15100
20240125,15:27:04,120.3,250,15100
20240125,15:27:14,120.3,1000,15100
20240125,15:27:27,121.05,100,15100
20240125,15:27:39,119.75,1300,15100
20240125,15:28:36,121.65,150,16000
20240125,15:28:46,122.8,2650,16000
20240125,15:29:16,123.95,50,16000
20240125,15:29:26,125.0,1800,16000
20240125,15:29:48,100.0,1800,16000
20240129,09:15:06,103.6,1,16250
20240129,09:15:06,103.6,50,16250
20240129,09:15:12,117.45,300,16250
20240129,09:15:17,97.15,2350,16250
20240129,09:15:23,102.4,150,16250
20240129,09:15:27,102.55,100,16250
20240129,09:15:49,102.9,50,16250
20240129,09:15:53,101.85,850,16250
20240129,09:15:57,103.35,350,16250
20240129,09:16:01,102.85,2050,16250
20240129,09:16:06,105.3,7000,16250
20240129,09:16:10,105.0,2200,16250
20240129,09:16:15,107.6,1750,16250
20240129,09:16:19,106.9,1400,16250
20240129,09:16:23,106.45,300,16250
20240129,09:16:27,106.8,400,16250
20240129,09:16:31,106.9,550,16250
20240129,09:16:35,106.8,1100,16250
20240129,09:16:43,106.85,3750,16250
20240129,09:16:51,107.6,1250,16250
20240129,09:16:56,106.45,600,16250
20240129,09:17:00,106.3,1350,16250
20240129,09:17:08,104.35,800,16250
20240129,09:17:13,104.35,150,20950
20240129,09:17:22,105.75,400,20950
20240129,09:17:26,106.9,850,20950
20240129,09:17:35,107.65,750,20950
20240129,09:17:39,108.25,950,20950
20240129,09:17:43,108.45,50,20950
20240129,09:17:47,108.35,100,20950
20240129,09:17:51,108.45,900,20950
20240129,09:17:59,109.05,150,20950
20240129,09:18:01,108.45,50,20950
20240129,09:18:02,107.7,600,20950
20240129,09:18:06,108.75,950,20950
20240129,09:18:12,108.85,750,20950
20240129,09:18:14,108.5,200,20950
20240129,09:18:16,107.0,250,20950
20240129,09:18:17,107.1,750,20950
20240129,09:18:29,105.0,1800,20950
20240129,09:18:32,105.65,200,20950
20240129,09:18:39,106.15,50,20950
20240129,09:18:46,105.6,50,20950
20240129,09:18:49,105.0,100,20950
20240129,09:18:52,104.6,50,20950
20240129,09:19:00,103.6,100,20950
20240129,09:19:02,103.7,500,20950
20240129,09:19:05,104.3,900,20950
20240129,09:19:07,104.15,50,20950
20240129,09:19:10,104.2,50,20950
20240129,09:19:14,103.5,150,20950
20240129,09:19:15,103.95,100,20950
20240129,09:19:19,103.9,800,20950
20240129,09:19:25,104.0,650,20950
20240129,09:19:50,103.55,350,20950
20240129,09:19:52,103.4,800,20950
20240129,09:19:54,103.75,50,20950
20240129,09:20:05,101.25,250,20950
20240129,09:20:19,100.45,50,23050
20240129,09:20:20,100.0,650,23050
20240129,09:20:25,99.5,150,23050
20240129,09:20:27,99.75,400,23050
20240129,09:20:47,100.5,150,23050
20240129,09:20:55,99.95,50,23050
20240129,09:20:59,99.75,200,23050
20240129,09:21:02,99.45,1850,23050
20240129,09:21:04,98.0,100,23050
20240129,09:21:05,97.6,50,23050
20240129,09:21:07,97.0,100,23050
20240129,09:21:10,96.95,100,23050
20240129,09:21:12,96.95,1000,23050
20240129,09:21:17,96.25,200,23050
20240129,09:21:24,94.65,700,23050
20240129,09:21:25,94.85,250,23050
20240129,09:21:27,95.75,250,23050
20240129,09:21:29,95.8,250,23050
20240129,09:21:32,97.4,150,23050
20240129,09:21:35,96.95,50,23050
20240129,09:21:45,96.75,200,23050
20240129,09:21:55,97.5,500,23050
20240129,09:21:59,97.2,50,23050
20240129,09:22:04,96.85,500,23050
20240129,09:22:10,95.55,500,23050
20240129,09:22:12,95.8,200,23050
20240129,09:22:35,96.75,100,23050
20240129,09:22:37,97.25,200,23050
20240129,09:22:39,97.45,500,23050
20240129,09:22:50,97.8,1000,23050
20240129,09:22:57,97.0,150,23050
20240129,09:23:02,96.4,50,23050
20240129,09:23:10,95.8,50,25550
20240129,09:23:24,95.8,50,25550
20240129,09:24:04,95.0,200,25550
20240129,09:24:06,94.8,150,25550
20240129,09:24:18,93.9,700,25550
20240129,09:24:23,93.9,50,25550
20240129,09:24:26,94.25,50,25550
20240129,09:24:48,94.25,50,25550
20240129,09:24:49,94.5,50,25550
20240129,09:24:54,94.7,50,25550
20240129,09:24:58,94.65,100,25550
20240129,09:24:59,94.45,600,25550
20240129,09:25:01,93.4,100,25550
20240129,09:25:04,93.0,700,25550
20240129,09:25:06,92.9,50,25550
20240129,09:25:18,92.0,50,25550
20240129,09:25:21,92.0,100,25550
20240129,09:25:26,91.8,50,25550
20240129,09:25:33,91.8,100,25550
20240129,09:25:34,92.05,200,25550
20240129,09:25:39,91.35,150,25550
20240129,09:25:41,91.35,100,25550
20240129,09:25:45,93.2,100,25550
20240129,09:26:00,93.0,150,25550
20240129,09:26:08,93.9,1800,25600
20240129,09:26:21,93.15,50,25600
20240129,09:26:30,93.75,100,25600
20240129,09:26:31,93.6,150,25600
20240129,09:26:38,93.15,50,25600
20240129,09:26:41,93.45,150,25600
20240129,09:26:53,93.4,150,25600
20240129,09:26:58,93.0,50,25600
20240129,09:27:08,92.95,750,25600
20240129,09:27:13,93.4,200,25600
20240129,09:27:30,94.2,500,25600
20240129,09:27:55,95.5,100,25600
20240129,09:28:00,95.25,350,25600
20240129,09:28:27,96.25,50,25600
20240129,09:28:28,95.15,750,25600
20240129,09:28:40,93.6,550,25600
20240129,09:28:47,93.8,350,25600
20240129,09:28:50,94.2,250,25600
20240129,09:29:01,93.8,100,25600
20240129,09:29:05,93.4,100,25600
20240129,09:29:10,93.05,100,26300
20240129,09:29:11,93.4,200,26300
20240129,09:29:13,93.8,250,26300
20240129,09:29:15,94.35,350,26300
20240129,09:29:16,94.65,100,26300
20240129,09:29:20,94.4,50,26300
20240129,09:29:21,94.5,100,26300
20240129,09:29:23,94.6,50,26300
20240129,09:29:25,94.8,50,26300
20240129,09:29:28,94.8,150,26300
20240129,09:29:31,94.85,50,26300
20240129,09:29:33,95.1,100,26300
20240129,09:29:38,95.5,100,26300
20240129,09:29:39,95.75,50,26300
20240129,09:29:44,95.3,50,26300
20240129,09:29:49,95.2,150,26300
20240129,09:29:52,95.25,50,26300
20240129,09:29:56,94.4,150,26300
20240129,09:29:57,94.4,50,26300
20240129,09:30:02,93.55,50,26300
20240129,09:30:04,94.0,300,26300
20240129,09:30:07,93.8,200,26300
20240129,09:30:09,93.95,50,26300
20240129,09:30:14,94.95,250,26300
20240129,09:30:22,94.65,100,26300
20240129,09:30:29,94.45,100,26300
20240129,09:30:49,95.25,100,26300
20240129,09:31:04,95.6,200,26300
20240129,09:31:09,95.4,250,26300
20240129,09:31:14,95.15,50,26300
20240129,09:31:19,96.2,200,26300
20240129,09:31:21,96.7,150,26300
20240129,09:31:26,96.2,50,26300
20240129,09:31:29,96.3,100,26300
20240129,09:31:34,96.2,50,26300
20240129,09:31:39,96.5,100,26300
20240129,09:31:44,96.3,50,26300
20240129,09:31:46,96.65,50,26300
20240129,09:31:49,96.7,100,26300
20240129,09:31:56,97.1,150,26300
20240129,09:31:57,96.5,50,26300
20240129,09:31:59,96.75,50,26300
20240129,09:32:04,97.65,150,26300
20240129,09:32:09,97.2,50,26300
20240129,09:32:10,98.2,100,26950
20240129,09:32:15,97.5,100,26950
20240129,09:32:22,97.75,250,26950
20240129,09:32:39,98.35,200,26950
20240129,09:32:44,98.5,50,26950
20240129,09:32:49,99.0,400,26950
20240129,09:32:50,98.85,100,26950
20240129,09:32:55,99.2,200,26950
20240129,09:32:59,99.0,300,26950
20240129,09:33:02,97.8,250,26950
20240129,09:33:04,98.0,300,26950
20240129,09:33:14,97.7,150,26950
20240129,09:33:20,98.6,250,26950
20240129,09:33:27,99.45,150,26950
20240129,09:33:32,99.4,50,26950
20240129,09:34:00,97.4,450,26950
20240129,09:34:04,96.65,50,26950
20240129,09:34:08,95.85,50,26950
20240129,09:34:10,95.25,50,26950
20240129,09:34:17,95.45,150,26950
20240129,09:34:22,94.5,500,26950
20240129,09:34:36,96.0,50,26950
20240129,09:34:43,95.8,250,26950
20240129,09:34:50,96.2,50,26950
20240129,09:36:20,98.85,850,26450
20240129,09:36:26,99.15,100,26450
20240129,09:36:28,99.0,50,26450
20240129,09:36:36,98.9,50,26450
20240129,09:36:43,98.2,50,26450
20240129,09:36:45,98.7,50,26450
20240129,09:36:48,99.5,50,26450
20240129,09:36:55,100.0,200,26450
20240129,09:37:20,99.9,100,26450
20240129,09:37:22,100.15,100,26450
20240129,09:37:50,100.5,50,26450
20240129,09:38:25,102.05,150,25600
20240129,09:38:30,102.1,50,25600
20240129,09:38:58,100.4,50,25600
20240129,09:39:05,100.85,50,25600
20240129,09:39:18,101.25,100,25600
20240129,09:39:23,102.55,150,25600
20240129,09:39:36,102.5,50,25600
20240129,09:39:45,102.65,50,25600
20240129,09:40:20,100.1,100,25600
20240129,09:40:31,101.65,150,25600
20240129,09:40:48,99.9,150,25600
20240129,09:41:04,98.1,250,25600
20240129,09:41:11,98.1,450,26000
20240129,09:41:14,98.8,100,26000
20240129,09:41:24,97.55,50,26000
20240129,09:41:33,96.8,50,26000
20240129,09:41:34,96.85,50,26000
20240129,09:41:38,95.7,50,26000
20240129,09:41:49,96.9,1200,26000
20240129,09:41:53,97.95,50,26000
20240129,09:42:37,100.0,50,26000
20240129,09:42:42,99.4,100,26000
20240129,09:43:00,98.65,200,26000
20240129,09:43:24,97.45,150,26000
20240129,09:43:29,96.75,200,26000
20240129,09:43:40,97.7,100,26000
20240129,09:43:50,98.4,50,26000
20240129,09:44:39,99.3,200,26400
20240129,09:44:40,98.8,50,26400
20240129,09:44:44,99.6,50,26400
20240129,09:45:00,98.8,150,26400
20240129,09:45:20,97.35,100,26400
20240129,09:45:56,99.0,100,26400
20240129,09:47:21,98.15,50,26050
20240129,09:47:32,98.0,250,26050
20240129,09:47:51,99.75,100,26050
20240129,09:47:52,99.9,100,26050
20240129,09:48:04,98.8,100,26050
20240129,09:48:12,99.1,900,26050
20240129,09:48:14,99.15,50,26050
20240129,09:48:27,100.1,50,26050
20240129,09:48:36,99.8,200,26050
20240129,09:48:47,99.75,700,26050
20240129,09:48:57,98.15,1000,26050
20240129,09:49:09,98.15,150,26050
20240129,09:49:11,100.0,50,26050
20240129,09:49:19,100.2,50,26050
20240129,09:49:21,100.05,50,26050
20240129,09:49:34,99.4,50,26050
20240129,09:49:39,99.95,100,26050
20240129,09:49:59,100.45,50,26050
20240129,09:50:08,98.7,50,26050
20240129,09:50:24,98.05,150,26050
20240129,09:50:33,98.8,200,26150
20240129,09:50:49,99.25,100,26150
20240129,09:50:54,99.45,500,26150
20240129,09:51:39,98.65,50,26150
20240129,09:52:16,98.4,50,26150
20240129,09:53:24,97.55,100,26900
20240129,09:53:26,97.2,100,26900
20240129,09:53:31,98.35,50,26900
20240129,09:53:37,97.85,350,26900
20240129,09:53:57,98.95,200,26900
20240129,09:54:00,99.0,50,26900
20240129,09:54:20,99.95,100,26900
20240129,09:54:22,100.6,150,26900
20240129,09:54:25,99.65,50,26900
20240129,09:54:27,99.9,100,26900
20240129,09:55:00,99.55,100,26900
20240129,09:56:10,100.4,50,26900
20240129,09:56:20,100.55,50,26500
20240129,09:56:53,97.8,50,26500
20240129,09:57:37,95.25,100,26500
20240129,09:57:38,95.15,50,26500
20240129,09:57:42,92.7,300,26500
20240129,09:57:52,93.2,100,26500
20240129,09:57:58,93.65,100,26500
20240129,09:58:13,93.0,150,26500
20240129,09:58:17,92.55,200,26500
20240129,09:58:20,92.0,50,26500
20240129,09:58:25,91.0,50,26500
20240129,09:58:27,91.0,100,26500
20240129,09:58:32,90.0,500,26500
20240129,09:58:35,89.35,400,26500
20240129,09:58:42,88.8,50,26500
20240129,09:58:47,88.8,350,26500
20240129,09:58:52,89.0,50,26500
20240129,09:58:58,88.2,150,26500
20240129,09:59:00,87.85,50,26500
20240129,09:59:18,87.0,50,27650
20240129,09:59:25,87.0,50,27650
20240129,09:59:33,87.0,100,27650
20240129,09:59:35,86.75,400,27650
20240129,09:59:58,86.0,250,27650
20240129,10:00:03,84.8,200,27650
20240129,10:00:07,84.4,100,27650
20240129,10:00:18,84.4,150,27650
20240129,10:00:20,86.0,100,27650
20240129,10:00:40,85.7,50,27650
20240129,10:01:56,88.55,50,27650
20240129,10:01:58,88.65,100,27650
20240129,10:02:13,88.2,100,27650
20240129,10:02:37,88.7,50,27600
20240129,10:02:48,89.05,50,27600
20240129,10:02:50,88.95,100,27600
20240129,10:03:00,88.65,900,27600
20240129,10:03:45,89.1,50,27600
20240129,10:04:03,89.15,50,27600
20240129,10:04:13,89.8,150,27600
20240129,10:04:37,88.75,50,27600
20240129,10:04:52,89.45,50,27600
20240129,10:05:08,88.75,300,27600
20240129,10:05:12,88.85,150,27600
20240129,10:05:15,88.95,200,28700
20240129,10:06:10,91.0,50,28700
20240129,10:06:20,90.05,150,28700
20240129,10:07:10,90.8,100,28700
20240129,10:07:23,91.6,100,28700
20240129,10:07:26,91.75,50,28700
20240129,10:07:41,91.95,100,28700
20240129,10:07:50,90.65,500,28700
20240129,10:07:56,90.65,50,28700
20240129,10:08:13,92.15,200,28700
20240129,10:08:18,92.1,100,29050
20240129,10:08:23,91.4,200,29050
20240129,10:08:30,91.0,100,29050
20240129,10:08:51,91.65,50,29050
20240129,10:08:56,90.6,50,29050
20240129,10:09:02,89.35,50,29050
20240129,10:09:07,89.55,150,29050
20240129,10:09:36,91.0,50,29050
20240129,10:10:07,91.35,150,29050
20240129,10:10:11,90.95,150,29050
20240129,10:10:12,91.4,200,29050
20240129,10:10:35,89.85,50,29050
20240129,10:10:49,89.85,150,29050
20240129,10:10:50,90.85,300,29050
20240129,10:11:02,90.05,350,29050
20240129,10:11:25,91.15,500,29450
20240129,10:11:26,90.95,50,29450
20240129,10:11:53,92.25,250,29450
20240129,10:11:55,91.85,100,29450
20240129,10:12:25,90.7,350,29450
20240129,10:12:56,89.55,250,29450
20240129,10:13:12,87.9,50,29450
20240129,10:13:17,88.65,300,29450
20240129,10:13:56,90.8,50,29450
20240129,10:14:09,90.0,250,29450
20240129,10:14:41,90.3,50,30500
20240129,10:14:48,89.25,50,30500
20240129,10:15:10,88.55,350,30500
20240129,10:15:38,86.8,550,30500
20240129,10:16:01,89.25,100,30500
20240129,10:16:16,88.5,200,30500
20240129,10:16:41,87.15,100,30500
20240129,10:17:07,86.4,300,30500
20240129,10:17:49,87.85,100,30500
20240129,10:18:16,88.0,50,30100
20240129,10:18:17,87.7,100,30100
20240129,10:18:29,88.15,50,30100
20240129,10:18:31,87.95,50,30100
20240129,10:18:41,88.6,50,30100
20240129,10:18:42,88.7,50,30100
20240129,10:18:50,89.0,50,30100
20240129,10:18:54,89.35,50,30100
20240129,10:18:55,89.25,50,30100
20240129,10:19:04,88.85,100,30100
20240129,10:19:19,88.15,50,30100
20240129,10:19:27,88.0,50,30100
20240129,10:19:40,89.2,100,30100
20240129,10:19:52,88.55,150,30100
20240129,10:20:12,90.1,50,30100
20240129,10:20:18,89.7,100,30100
20240129,10:20:20,89.05,350,30100
20240129,10:20:22,89.15,50,30100
20240129,10:20:43,87.55,50,30100
20240129,10:21:03,87.55,100,30100
20240129,10:21:22,88.85,50,30100
20240129,10:21:30,88.15,50,30100
20240129,10:23:10,88.55,100,30100
20240129,10:23:35,89.25,50,30250
20240129,10:25:09,88.3,150,30250
20240129,10:25:12,88.4,100,30250
20240129,10:26:42,87.7,350,30200
20240129,10:26:55,89.0,500,30200
20240129,10:27:07,88.5,250,30200
20240129,10:28:15,90.5,250,30200
20240129,10:29:03,90.75,50,30200
20240129,10:29:36,89.6,200,30200
20240129,10:30:11,89.55,300,30200
20240129,10:30:34,91.8,150,30200
20240129,10:31:06,91.45,100,30200
20240129,10:31:19,91.75,100,30200
20240129,10:32:08,90.9,50,30200
20240129,10:32:31,91.55,200,30200
20240129,10:33:01,92.5,100,30200
20240129,10:33:14,91.75,400,30200
20240129,10:33:16,91.25,600,30200
20240129,10:33:42,91.2,50,30200
20240129,10:34:32,91.95,50,30200
20240129,10:34:53,91.0,200,30200
20240129,10:35:46,90.2,250,30350
20240129,10:35:48,90.0,100,30350
20240129,10:37:03,90.0,200,30350
20240129,10:37:32,89.55,100,30350
20240129,10:38:28,89.75,500,30400
20240129,10:38:55,90.3,50,30400
20240129,10:38:59,89.95,200,30400
20240129,10:39:01,89.95,50,30400
20240129,10:39:12,90.0,900,30400
20240129,10:39:29,89.4,350,30400
20240129,10:39:48,89.35,50,30400
20240129,10:39:50,88.65,50,30400
20240129,10:42:28,89.3,50,30850
20240129,10:42:40,90.4,50,30850
20240129,10:43:25,90.15,50,30850
20240129,10:43:26,89.55,50,30850
20240129,10:43:43,90.3,200,30850
20240129,10:44:11,90.85,50,30850
20240129,10:45:09,91.25,300,31000
20240129,10:45:33,90.5,50,31000
20240129,10:45:35,89.75,100,31000
20240129,10:45:41,90.65,150,31000
20240129,10:46:18,90.3,50,31000
20240129,10:47:05,91.15,50,31000
20240129,10:50:02,91.2,100,30950
20240129,10:50:33,90.0,50,30900
20240129,10:50:36,90.0,50,30900
20240129,10:50:44,90.0,450,30900
20240129,10:50:52,89.8,50,30900
20240129,10:51:03,90.45,50,30900
20240129,10:51:12,90.25,50,30900
20240129,10:51:22,90.15,50,30900
20240129,10:51:47,89.75,200,30900
20240129,10:51:56,89.4,50,30900
20240129,10:54:11,90.65,50,31200
20240129,10:54:19,90.25,50,31200
20240129,10:54:53,90.25,50,31200
20240129,10:56:16,88.95,50,31200
20240129,10:57:18,88.2,150,31200
20240129,10:57:23,86.55,150,31250
20240129,10:57:32,86.8,100,31250
20240129,10:57:35,86.8,50,31250
20240129,10:57:36,87.05,50,31250
20240129,10:58:00,86.85,50,31250
20240129,10:58:29,88.75,100,31250
20240129,10:58:31,89.25,50,31250
20240129,10:59:22,87.3,100,31100
20240129,10:59:25,87.25,250,31100
20240129,11:00:31,86.25,100,31100
20240129,11:00:39,86.3,50,31100
20240129,11:01:34,86.7,50,31100
20240129,11:02:18,87.0,50,31100
20240129,11:02:23,87.75,250,31050
20240129,11:03:19,86.85,50,31050
20240129,11:03:53,86.7,50,31050
20240129,11:04:09,86.65,100,31050
20240129,11:04:36,85.65,50,31050
20240129,11:06:38,85.8,200,31300
20240129,11:06:48,84.75,150,31300
20240129,11:07:07,85.25,250,31300
20240129,11:07:37,85.55,400,31300
20240129,11:08:12,85.55,50,31300
20240129,11:09:15,85.85,400,31300
20240129,11:10:40,86.4,50,31300
20240129,11:12:45,86.25,50,31350
20240129,11:14:17,87.95,100,31350
20240129,11:14:42,87.05,50,31500
20240129,11:16:22,86.5,50,31500
20240129,11:17:16,86.0,50,31500
20240129,11:17:53,86.8,50,31550
20240129,11:18:09,86.35,100,31550
20240129,11:19:36,89.4,100,31550
20240129,11:19:38,90.0,100,31550
20240129,11:19:43,90.25,1350,31550
20240129,11:19:46,89.55,50,31550
20240129,11:19:48,89.85,1050,31550
20240129,11:19:50,89.0,1000,31550
20240129,11:19:56,88.55,250,31550
20240129,11:19:57,89.3,300,31550
20240129,11:20:07,89.7,50,31550
20240129,11:20:21,89.45,200,31550
20240129,11:20:42,89.25,200,32450
20240129,11:21:49,92.0,100,32450
20240129,11:22:15,92.0,50,32450
20240129,11:22:17,91.8,50,32450
20240129,11:22:42,90.65,100,32450
20240129,11:22:50,90.5,50,32450
20240129,11:23:03,91.0,150,32450
20240129,11:23:05,91.0,350,32450
20240129,11:23:38,93.0,100,33050
20240129,11:23:40,93.2,300,33050
20240129,11:23:46,93.65,100,33050
20240129,11:24:00,92.45,50,33050
20240129,11:24:03,92.8,100,33050
20240129,11:24:17,92.8,250,33050
20240129,11:24:22,92.8,150,33050
20240129,11:24:23,92.75,350,33050
20240129,11:24:25,92.25,50,33050
20240129,11:24:27,92.2,800,33050
20240129,11:24:28,91.9,50,33050
20240129,11:24:35,91.4,50,33050
20240129,11:24:48,92.4,50,33050
20240129,11:25:45,90.75,500,33050
20240129,11:26:02,90.0,1400,33050
20240129,11:26:05,88.95,100,33050
20240129,11:26:40,90.6,50,34400
20240129,11:26:47,90.8,150,34400
20240129,11:27:13,90.4,150,34400
20240129,11:28:09,88.9,150,34400
20240129,11:28:49,86.8,50,34400
20240129,11:29:16,85.75,50,34400
20240129,11:29:19,85.25,400,34400
20240129,11:29:22,85.2,50,34400
20240129,11:29:31,85.35,300,34400
20240129,11:29:32,85.0,50,34400
20240129,11:29:41,83.15,50,34400
20240129,11:29:42,82.45,50,34400
20240129,11:29:46,82.45,50,34400
20240129,11:30:01,83.2,50,34400
20240129,11:30:02,83.15,50,34400
20240129,11:30:16,81.65,1000,34400
20240129,11:30:39,80.15,50,34400
20240129,11:31:03,80.15,100,34400
20240129,11:31:08,82.35,50,34400
20240129,11:31:11,82.95,150,34400
20240129,11:31:26,83.25,50,34400
20240129,11:31:34,83.85,150,34400
20240129,11:32:06,84.45,300,34400
20240129,11:32:07,84.65,400,34400
20240129,11:32:09,84.75,300,34400
20240129,11:32:24,85.3,50,34400
20240129,11:32:58,85.0,50,34350
20240129,11:33:24,87.25,50,34350
20240129,11:33:31,86.25,50,34350
20240129,11:33:37,85.75,50,34350
20240129,11:34:25,87.45,150,34350
20240129,11:34:38,86.75,150,34350
20240129,11:34:43,86.85,50,34350
20240129,11:35:21,85.7,50,34350
20240129,11:35:23,86.85,50,34350
20240129,11:35:38,86.4,50,34300
20240129,11:37:39,84.35,250,34300
20240129,11:37:59,84.0,100,34300
20240129,11:38:42,85.65,50,34300
20240129,11:38:49,85.75,300,34100
20240129,11:39:00,86.35,100,34100
20240129,11:39:17,86.15,250,34100
20240129,11:42:01,85.75,50,34450
20240129,11:42:07,85.6,100,34450
20240129,11:43:41,86.0,50,34450
20240129,11:44:02,86.5,100,34450
20240129,11:45:41,84.1,150,34450
20240129,11:45:53,84.05,100,34450
20240129,11:46:01,84.45,100,34450
20240129,11:47:53,84.45,50,34300
20240129,11:47:56,84.95,100,34300
20240129,11:49:48,84.95,100,34300
20240129,11:50:02,85.25,50,34300
20240129,11:51:56,83.75,50,34250
20240129,11:52:01,83.3,50,34250
20240129,11:52:15,83.25,50,34250
20240129,11:52:17,83.25,100,34250
20240129,11:52:37,83.7,200,34250
20240129,11:53:28,84.4,100,34250
20240129,11:53:32,84.85,100,34250
20240129,11:53:33,84.35,100,34250
20240129,11:53:48,83.2,50,34250
20240129,11:53:50,83.55,50,34250
20240129,11:54:00,82.55,50,34250
20240129,11:54:03,81.95,50,34250
20240129,11:54:06,81.65,50,34250
20240129,11:54:47,82.2,200,34250
20240129,11:54:52,82.0,50,34250
20240129,11:55:03,82.45,50,34250
20240129,11:56:06,83.85,150,34250
20240129,11:58:22,83.75,300,34450
20240129,11:58:51,85.2,150,34450
20240129,12:00:39,83.55,100,34500
20240129,12:01:34,83.9,100,34500
20240129,12:01:36,83.3,100,34500
20240129,12:02:22,84.95,100,34500
20240129,12:02:28,85.0,100,34500
20240129,12:02:48,84.95,1000,34600
20240129,12:03:03,84.75,100,34600
20240129,12:03:22,84.4,150,34600
20240129,12:03:34,84.05,50,34600
20240129,12:07:26,85.05,50,35500
20240129,12:07:44,85.0,50,35500
20240129,12:08:05,84.3,50,35500
20240129,12:08:49,84.85,50,35450
20240129,12:09:48,84.3,100,35450
20240129,12:11:01,84.4,150,35450
20240129,12:11:19,84.0,50,35450
20240129,12:11:27,84.0,50,35450
20240129,12:11:32,84.0,100,35450
20240129,12:11:39,84.1,50,35650
20240129,12:11:42,84.25,700,35650
20240129,12:11:43,84.25,900,35650
20240129,12:11:59,83.55,50,35650
20240129,12:12:29,83.65,100,35650
20240129,12:13:15,84.45,300,35650
20240129,12:14:52,84.0,100,37350
20240129,12:14:58,84.0,200,37350
20240129,12:15:00,84.3,50,37350
20240129,12:15:52,84.35,100,37350
20240129,12:16:03,83.85,100,37350
20240129,12:17:45,85.1,100,37300
20240129,12:17:47,84.55,150,37300
20240129,12:18:17,84.1,50,37300
20240129,12:18:24,84.35,50,37300
20240129,12:20:00,83.7,50,37300
20240129,12:20:44,82.8,50,37450
20240129,12:21:40,83.55,250,37450
20240129,12:23:01,83.15,100,37450
20240129,12:23:37,82.85,50,37450
20240129,12:24:11,84.4,50,37200
20240129,12:24:17,84.3,150,37200
20240129,12:24:20,84.45,100,37200
20240129,12:25:07,84.5,500,37200
20240129,12:25:59,84.95,500,37200
20240129,12:26:04,84.0,100,37200
20240129,12:26:44,86.05,100,37500
20240129,12:26:59,85.6,50,37500
20240129,12:27:06,85.2,50,37500
20240129,12:28:06,84.65,200,37500
20240129,12:28:07,84.85,500,37500
20240129,12:28:37,84.0,100,37500
20240129,12:29:12,85.85,200,37500
20240129,12:29:41,85.15,50,36900
20240129,12:29:59,84.45,200,36900
20240129,12:30:09,84.4,200,36900
20240129,12:31:53,83.45,50,36900
20240129,12:31:58,83.75,400,36900
20240129,12:32:11,83.35,100,36900
20240129,12:32:55,83.45,50,36900
20240129,12:32:58,83.45,200,36900
20240129,12:33:22,82.05,200,36900
20240129,12:33:27,82.2,150,36900
20240129,12:33:49,82.55,150,36900
20240129,12:34:51,82.65,50,36900
20240129,12:35:08,81.0,150,36900
20240129,12:35:40,82.2,200,37200
20240129,12:36:07,80.75,1800,37200
20240129,12:37:35,82.0,50,37200
20240129,12:38:06,81.05,50,37200
20240129,12:38:41,81.85,50,35400
20240129,12:39:14,80.5,350,35400
20240129,12:39:22,80.6,50,35400
20240129,12:39:43,81.15,50,35400
20240129,12:39:50,81.25,50,35400
20240129,12:40:41,81.55,100,35400
20240129,12:41:54,82.25,100,35550
20240129,12:41:58,82.7,200,35550
20240129,12:42:02,82.2,50,35550
20240129,12:42:07,81.65,50,35550
20240129,12:43:40,81.65,50,35550
20240129,12:43:42,81.95,50,35550
20240129,12:45:23,80.0,50,35750
20240129,12:45:26,79.9,250,35750
20240129,12:45:36,78.9,250,35750
20240129,12:47:43,78.9,50,35450
20240129,12:48:04,79.55,200,35450
20240129,12:48:21,79.5,50,35450
20240129,12:48:31,80.15,50,35450
20240129,12:49:58,80.7,50,35450
20240129,12:50:12,80.0,50,35450
20240129,12:50:20,80.35,100,35450
20240129,12:50:22,80.0,50,35450
20240129,12:51:47,79.8,50,35250
20240129,12:52:37,79.45,50,35250
20240129,12:52:53,80.0,100,35250
20240129,12:53:01,80.45,50,35250
20240129,12:53:25,80.3,100,35250
20240129,12:53:56,81.2,200,35450
20240129,12:56:24,81.3,100,35450
20240129,12:58:00,80.65,100,35350
20240129,12:59:34,80.35,200,35350
20240129,13:00:15,79.45,150,35450
20240129,13:00:25,78.85,50,35450
20240129,13:00:43,78.6,100,35450
20240129,13:00:51,78.6,200,35450
20240129,13:01:18,79.1,50,35450
20240129,13:01:48,79.8,800,35450
20240129,13:02:07,79.8,250,35450
20240129,13:02:11,79.85,100,35450
20240129,13:02:17,80.35,250,35450
20240129,13:02:19,80.6,200,35450
20240129,13:02:49,80.0,150,35050
20240129,13:03:16,80.3,300,35050
20240129,13:03:47,80.2,50,35050
20240129,13:04:15,80.05,50,35050
20240129,13:05:01,80.5,600,35050
20240129,13:05:07,80.8,100,35050
20240129,13:05:28,80.2,50,35050
20240129,13:05:30,80.0,50,35050
20240129,13:05:40,80.6,100,35150
20240129,13:06:09,80.65,100,35150
20240129,13:07:10,80.05,50,35150
20240129,13:07:27,80.95,250,35150
20240129,13:08:28,81.35,50,35150
20240129,13:09:16,81.3,150,35100
20240129,13:09:37,82.25,50,35100
20240129,13:10:02,81.75,200,35100
20240129,13:10:28,82.25,50,35100
20240129,13:12:33,81.05,50,35100
20240129,13:12:48,80.7,50,35100
20240129,13:13:23,80.9,50,35100
20240129,13:13:34,80.5,50,35100
20240129,13:13:46,80.95,150,35100
20240129,13:13:51,80.85,150,35100
20240129,13:15:28,80.4,50,35400
20240129,13:17:49,82.15,200,35400
20240129,13:18:04,82.1,100,35400
20240129,13:18:09,82.0,50,35400
20240129,13:18:28,81.5,350,35400
20240129,13:18:30,81.75,450,35400
20240129,13:18:37,81.8,150,35400
20240129,13:18:45,82.6,50,35400
20240129,13:18:53,82.75,50,35400
20240129,13:18:54,82.8,100,35400
20240129,13:18:57,82.6,100,35400
20240129,13:19:01,82.65,100,35400
20240129,13:19:10,82.5,50,35400
20240129,13:19:15,82.65,50,35400
20240129,13:19:19,83.05,200,35400
20240129,13:19:22,83.05,50,35400
20240129,13:19:24,83.25,150,35400
20240129,13:19:32,83.5,150,35400
20240129,13:19:40,83.8,200,35400
20240129,13:20:56,83.0,600,35100
20240129,13:22:13,83.0,50,35100
20240129,13:22:56,84.3,50,35100
20240129,13:23:29,83.75,50,35100
20240129,13:23:52,85.0,50,35200
20240129,13:24:13,84.55,50,35200
20240129,13:24:46,83.1,50,35200
20240129,13:25:03,82.0,50,35200
20240129,13:25:35,81.2,100,35200
20240129,13:27:42,82.75,50,35050
20240129,13:28:01,83.5,50,35050
20240129,13:28:38,83.35,50,35050
20240129,13:28:52,83.4,200,35050
20240129,13:29:32,84.2,100,35050
20240129,13:29:37,84.3,200,35050
20240129,13:30:02,84.45,50,34900
20240129,13:30:59,84.0,100,34900
20240129,13:33:14,83.0,150,34950
20240129,13:33:17,82.6,50,34950
20240129,13:33:56,81.9,100,34950
20240129,13:34:08,81.75,50,34950
20240129,13:34:18,82.55,100,34950
20240129,13:34:19,82.95,100,34950
20240129,13:35:35,82.45,50,34950
20240129,13:36:04,82.05,100,34500
20240129,13:36:32,81.0,50,34500
20240129,13:36:41,81.0,250,34500
20240129,13:38:24,82.05,200,34500
20240129,13:38:55,83.05,50,34600
20240129,13:39:00,82.85,50,34600
20240129,13:39:03,82.7,50,34600
20240129,13:39:31,82.65,50,34600
20240129,13:39:59,82.9,250,34600
20240129,13:40:09,83.05,200,34600
20240129,13:40:14,83.0,50,34600
20240129,13:40:20,83.0,100,34600
20240129,13:40:24,83.1,100,34600
20240129,13:40:25,82.8,150,34600
20240129,13:40:27,82.75,100,34600
20240129,13:42:34,82.3,50,34600
20240129,13:42:57,82.3,50,34600
20240129,13:45:18,82.0,200,34600
20240129,13:46:20,81.85,50,34600
20240129,13:46:40,82.8,50,34600
20240129,13:47:01,82.35,50,34600
20240129,13:47:31,81.2,50,34600
20240129,13:48:07,80.15,50,34450
20240129,13:48:09,80.05,50,34450
20240129,13:48:10,80.0,50,34450
20240129,13:48:54,81.35,50,34450
20240129,13:49:06,81.6,50,34450
20240129,13:49:07,81.5,100,34450
20240129,13:49:11,81.3,250,34450
20240129,13:49:14,81.0,300,34450
20240129,13:49:47,79.55,350,34450
20240129,13:49:50,78.65,50,34450
20240129,13:49:58,78.95,250,34450
20240129,13:50:10,78.8,50,34450
20240129,13:50:31,79.35,50,34450
20240129,13:50:47,79.4,50,33950
20240129,13:51:15,79.8,100,33950
20240129,13:52:07,78.05,100,33950
20240129,13:52:23,78.05,50,33950
20240129,13:52:25,78.95,50,33950
20240129,13:52:32,79.25,50,33950
20240129,13:52:50,78.75,50,33950
20240129,13:53:18,78.0,50,33950
20240129,13:53:31,77.75,100,33950
20240129,13:53:34,77.05,150,33950
20240129,13:53:38,76.95,50,33950
20240129,13:54:04,76.95,250,33950
20240129,13:55:28,77.85,100,33950
20240129,13:55:57,78.4,50,33950
20240129,13:56:26,78.95,50,33950
20240129,13:56:35,78.75,50,33950
20240129,13:57:13,79.35,50,33950
20240129,13:57:14,79.55,50,33950
20240129,13:57:18,79.55,50,33950
20240129,13:58:04,79.1,250,33950
20240129,13:58:06,79.6,50,33950
20240129,13:58:12,79.15,50,33950
20240129,13:58:23,79.6,50,33950
20240129,13:59:11,78.4,100,33950
20240129,13:59:24,78.4,50,33950
20240129,13:59:39,78.85,50,33950
20240129,14:00:19,79.15,50,34300
20240129,14:01:34,78.15,100,34300
20240129,14:01:42,76.65,50,34300
20240129,14:01:55,76.65,50,34300
20240129,14:02:22,77.65,50,34300
20240129,14:02:33,78.95,50,34300
20240129,14:03:00,78.7,150,34450
20240129,14:03:18,77.75,100,34450
20240129,14:03:28,78.15,100,34450
20240129,14:03:55,79.4,350,34450
20240129,14:06:52,78.7,500,34400
20240129,14:08:24,80.1,250,34400
20240129,14:09:37,78.45,50,33950
20240129,14:10:06,79.55,50,33950
20240129,14:10:43,79.55,50,33950
20240129,14:11:29,79.8,50,33950
20240129,14:11:37,79.4,50,33950
20240129,14:13:48,80.45,50,33950
20240129,14:14:28,80.95,100,33850
20240129,14:15:30,81.85,50,33700
20240129,14:15:48,80.5,50,33700
20240129,14:16:23,81.85,100,33700
20240129,14:17:29,81.2,50,33700
20240129,14:18:00,79.6,200,33700
20240129,14:18:08,79.25,50,33700
20240129,14:19:26,80.45,50,33700
20240129,14:23:34,79.25,50,33800
20240129,14:24:05,79.0,50,33800
20240129,14:24:15,78.95,50,33800
20240129,14:26:03,79.55,150,33800
20240129,14:27:37,79.35,50,33900
20240129,14:27:42,79.75,50,33900
20240129,14:31:03,80.65,250,33950
20240129,14:31:16,81.6,450,33950
20240129,14:31:18,82.0,150,33950
20240129,14:31:23,82.75,50,33950
20240129,14:31:31,82.7,50,33950
20240129,14:31:39,82.55,200,33950
20240129,14:31:41,82.8,150,33950
20240129,14:32:09,82.4,150,33950
20240129,14:32:23,82.7,50,33950
20240129,14:32:27,83.0,50,33950
20240129,14:32:45,84.25,50,33950
20240129,14:34:48,81.15,50,34400
20240129,14:34:58,81.55,500,34400
20240129,14:36:02,80.0,200,34050
20240129,14:36:07,80.05,100,34050
20240129,14:36:22,80.1,100,34050
20240129,14:38:36,77.75,50,34050
20240129,14:38:41,76.7,50,34050
20240129,14:39:07,76.0,50,33950
20240129,14:39:19,74.95,100,33950
20240129,14:40:32,74.95,50,33950
20240129,14:40:50,75.4,50,33950
20240129,14:40:53,76.25,250,33950
20240129,14:41:04,76.5,50,33950
20240129,14:41:15,76.5,50,33950
20240129,14:41:19,76.05,100,33950
20240129,14:42:32,75.95,100,34050
20240129,14:42:47,76.65,50,34050
20240129,14:46:09,76.7,100,33400
20240129,14:47:09,75.4,50,33400
20240129,14:48:51,77.35,50,33350
20240129,14:49:16,76.95,150,33350
20240129,14:51:15,76.7,50,33350
20240129,14:52:42,75.5,100,33350
20240129,14:52:54,76.25,50,33350
20240129,14:53:10,75.7,50,33350
20240129,14:53:17,74.9,200,33350
20240129,14:54:46,74.9,400,33400
20240129,14:55:13,75.9,50,33400
20240129,14:55:15,75.9,50,33400
20240129,14:55:18,75.95,150,33400
20240129,14:55:24,76.3,1100,33400
20240129,14:56:12,76.45,200,33400
20240129,14:56:27,76.4,200,33400
20240129,14:57:37,77.3,1000,32550
20240129,14:58:11,77.55,50,32550
20240129,14:58:17,78.65,250,32550
20240129,14:58:24,79.7,50,32550
20240129,14:58:44,81.05,150,32550
20240129,14:58:46,81.7,150,32550
20240129,14:58:51,82.15,100,32550
20240129,14:58:52,82.0,200,32550
20240129,14:58:54,80.75,250,32550
20240129,14:59:00,80.75,200,32550
20240129,14:59:24,80.0,150,32550
20240129,14:59:30,79.05,100,32550
20240129,14:59:35,80.05,50,32550
20240129,14:59:44,79.8,50,32550
20240129,14:59:47,79.8,200,32550
20240129,14:59:58,81.3,50,33150
20240129,15:00:02,81.25,50,33150
20240129,15:00:20,79.2,50,33150
20240129,15:00:55,82.35,100,33150
20240129,15:01:00,81.2,950,33150
20240129,15:01:12,82.4,1750,33150
20240129,15:01:13,81.75,50,33150
20240129,15:01:32,79.15,50,33150
20240129,15:01:33,79.1,50,33150
20240129,15:01:40,80.1,50,33150
20240129,15:01:48,79.95,50,33150
20240129,15:01:55,78.8,150,33150
20240129,15:02:05,79.1,100,33150
20240129,15:02:13,76.65,100,33150
20240129,15:02:17,75.25,700,33150
20240129,15:02:18,74.95,50,33150
20240129,15:02:23,71.8,200,33150
20240129,15:02:25,70.7,350,33150
20240129,15:02:27,72.15,150,33150
20240129,15:02:35,73.45,100,33150
20240129,15:02:42,75.15,500,33150
20240129,15:02:48,77.05,50,33150
20240129,15:02:58,77.65,450,34300
20240129,15:03:00,78.35,100,34300
20240129,15:03:03,78.25,100,34300
20240129,15:03:07,78.4,1050,34300
20240129,15:03:12,78.35,400,34300
20240129,15:03:17,77.75,100,34300
20240129,15:03:18,77.25,100,34300
20240129,15:03:20,76.85,100,34300
20240129,15:03:22,77.0,150,34300
20240129,15:03:23,77.15,250,34300
20240129,15:03:37,78.5,200,34300
20240129,15:03:38,78.4,300,34300
20240129,15:03:50,79.25,50,34300
20240129,15:03:57,78.95,50,34300
20240129,15:04:18,77.9,50,34300
20240129,15:04:20,77.75,50,34300
20240129,15:04:21,78.25,100,34300
20240129,15:04:28,77.85,150,34300
20240129,15:04:31,77.75,500,34300
20240129,15:04:36,78.35,50,34300
20240129,15:04:49,77.75,100,34300
20240129,15:04:52,77.5,100,34300
20240129,15:05:11,79.65,200,34300
20240129,15:05:17,78.55,100,34300
20240129,15:05:19,78.4,100,34300
20240129,15:05:32,80.3,850,34300
20240129,15:05:34,79.55,150,34300
20240129,15:05:39,78.6,50,34300
20240129,15:05:47,78.05,100,34300
20240129,15:06:40,77.2,150,35850
20240129,15:07:56,74.55,300,35850
20240129,15:07:58,74.55,50,35850
20240129,15:08:01,75.95,100,35850
20240129,15:08:03,76.0,100,35850
20240129,15:08:29,76.3,50,35850
20240129,15:08:48,76.1,50,35850
20240129,15:09:39,74.4,500,35900
20240129,15:09:45,73.65,100,35900
20240129,15:10:04,73.45,150,35900
20240129,15:10:10,72.35,300,35900
20240129,15:10:20,72.35,50,35900
20240129,15:10:27,73.1,50,35900
20240129,15:10:58,74.4,500,35900
20240129,15:11:00,74.7,50,35900
20240129,15:11:05,75.55,100,35900
20240129,15:11:10,75.1,50,35900
20240129,15:11:15,74.4,1150,35900
20240129,15:11:18,74.4,150,35900
20240129,15:11:31,75.0,50,35900
20240129,15:13:49,76.3,600,33850
20240129,15:14:07,76.6,50,33850
20240129,15:14:17,76.75,50,33850
20240129,15:14:36,76.0,650,33850
20240129,15:14:40,76.35,50,33850
20240129,15:14:46,75.15,150,33850
20240129,15:15:01,76.2,100,34800
20240129,15:15:03,76.0,100,34800
20240129,15:15:08,76.05,100,34800
20240129,15:15:13,76.45,150,34800
20240129,15:15:18,76.1,250,34800
20240129,15:15:23,76.55,50,34800
20240129,15:15:28,76.5,50,34800
20240129,15:15:31,76.55,50,34800
20240129,15:15:36,76.6,50,34800
20240129,15:15:41,76.6,50,34800
20240129,15:15:42,76.7,50,34800
20240129,15:15:46,76.55,50,34800
20240129,15:15:49,76.6,50,34800
20240129,15:15:54,76.2,50,34800
20240129,15:15:59,76.6,50,34800
20240129,15:16:04,76.6,50,34800
20240129,15:16:07,76.9,50,34800
20240129,15:16:12,76.85,50,34800
20240129,15:16:17,76.7,100,34800
20240129,15:16:22,76.95,50,34800
20240129,15:16:27,76.95,50,34800
20240129,15:16:30,76.6,300,34800
20240129,15:16:36,77.15,50,34800
20240129,15:16:37,76.6,250,34800
20240129,15:16:40,77.05,50,34800
20240129,15:16:44,76.65,50,34800
20240129,15:16:47,76.95,150,34800
20240129,15:16:52,77.3,50,34800
20240129,15:16:57,77.4,50,34800
20240129,15:16:59,77.0,50,34800
20240129,15:17:02,77.65,50,34800
20240129,15:17:05,77.85,50,34800
20240129,15:17:10,77.95,50,34800
20240129,15:17:14,77.45,150,34800
20240129,15:17:19,77.8,50,34800
20240129,15:17:22,77.8,50,34800
20240129,15:17:27,77.8,50,34800
20240129,15:17:32,77.8,50,34800
20240129,15:17:33,77.4,100,34800
20240129,15:17:36,77.75,50,34800
20240129,15:17:38,77.35,50,34800
20240129,15:17:43,77.7,50,34800
20240129,15:17:48,77.75,50,34800
20240129,15:17:53,77.9,50,34800
20240129,15:17:54,77.45,250,34800
20240129,15:17:58,77.95,50,33800
20240129,15:18:01,78.0,50,33800
20240129,15:18:06,77.95,50,33800
20240129,15:18:07,77.9,200,33800
20240129,15:18:12,77.95,50,33800
20240129,15:18:17,77.95,50,33800
20240129,15:18:20,77.55,250,33800
20240129,15:18:22,77.5,50,33800
20240129,15:18:26,77.4,150,33800
20240129,15:18:28,77.2,100,33800
20240129,15:19:01,76.45,1800,33800
20240129,15:19:04,75.65,600,33800
20240129,15:19:30,75.7,1800,33800
20240129,15:19:34,75.0,100,33800
20240129,15:19:50,74.55,250,33800
20240129,15:19:52,74.9,1800,33800
20240129,15:19:57,74.55,50,33800
20240129,15:20:03,74.7,50,33800
20240129,15:20:08,75.45,50,33800
20240129,15:20:11,75.7,50,33800
20240129,15:20:13,75.25,400,33800
20240129,15:20:14,75.0,400,33800
20240129,15:20:19,75.25,100,33800
20240129,15:20:23,75.25,50,33800
20240129,15:20:27,75.6,50,33800
20240129,15:20:31,75.75,50,33800
20240129,15:20:36,75.65,50,33800
20240129,15:20:40,75.5,50,33800
20240129,15:20:52,74.4,100,33800
20240129,15:20:55,74.75,250,33800
20240129,15:21:05,74.75,50,39300
20240129,15:21:08,74.4,100,39300
20240129,15:21:12,74.2,400,39300
20240129,15:21:17,74.0,50,39300
20240129,15:21:36,73.15,200,39300
20240129,15:21:43,72.85,50,39300
20240129,15:21:48,72.75,100,39300
20240129,15:21:51,72.65,50,39300
20240129,15:21:58,72.3,200,39300
20240129,15:21:59,72.3,100,39300
20240129,15:22:09,72.0,250,39300
20240129,15:22:26,71.85,300,39300
20240129,15:22:27,71.8,450,39300
20240129,15:22:32,71.35,450,39300
20240129,15:22:50,71.35,50,39300
20240129,15:23:20,70.05,150,39300
20240129,15:23:25,69.8,50,39300
20240129,15:23:51,69.75,50,39300
20240129,15:24:16,69.75,350,38900
20240129,15:24:41,70.6,200,38900
20240129,15:24:44,70.4,50,38900
20240129,15:25:01,70.55,100,38900
20240129,15:25:16,70.25,350,38900
20240129,15:25:19,70.35,50,38900
20240129,15:25:34,70.75,1800,38900
20240129,15:25:39,70.05,100,38900
20240129,15:25:42,69.75,50,38900
20240129,15:25:49,69.3,50,38900
20240129,15:25:57,69.3,700,38900
20240129,15:26:24,70.1,450,38900
20240129,15:26:29,69.65,50,38900
20240129,15:26:39,69.35,100,38900
20240129,15:26:49,69.0,700,38900
20240129,15:27:06,69.0,100,39650
20240129,15:27:14,69.9,150,39650
20240129,15:27:16,69.9,50,39650
20240129,15:27:17,70.05,50,39650
20240129,15:27:21,70.3,300,39650
20240129,15:27:22,70.35,400,39650
20240129,15:27:29,70.35,50,39650
20240129,15:27:34,70.55,400,39650
20240129,15:27:35,70.55,100,39650
20240129,15:27:37,70.55,200,39650
20240129,15:27:42,70.7,750,39650
20240129,15:27:45,70.95,50,39650
20240129,15:28:05,70.8,250,39650
20240129,15:28:07,70.8,100,39650
20240129,15:28:08,70.8,150,39650
20240129,15:28:18,70.45,50,39650
20240129,15:28:35,70.6,200,39650
20240129,15:28:40,70.0,50,39650
20240129,15:28:50,70.2,50,39650
20240129,15:28:51,70.2,100,39650
20240129,15:29:02,70.35,200,39650
20240129,15:29:08,69.05,100,39650
20240129,15:29:12,69.95,50,39650
20240129,15:29:17,68.6,550,39650
20240129,15:29:45,68.05,50,39650
20240129,15:29:56,68.0,50,39650
20240129,15:29:59,68.0,50,39650
20240130,09:15:19,67.2,1,39300
20240130,09:15:19,67.2,50,39300
20240130,09:15:30,61.85,150,39300
20240130,09:16:12,63.95,300,39300
20240130,09:16:23,64.65,200,39300
20240130,09:16:45,66.0,50,39300
20240130,09:17:28,65.6,400,39550
20240130,09:17:37,66.15,200,39550
20240130,09:17:58,68.0,250,39550
20240130,09:18:06,68.2,100,39550
20240130,09:18:16,69.0,100,39550
20240130,09:18:17,69.15,350,39550
20240130,09:18:24,69.15,300,39550
20240130,09:18:29,68.0,50,39550
20240130,09:18:36,68.15,100,39550
20240130,09:18:42,67.15,1000,39550
20240130,09:18:49,67.95,100,39550
20240130,09:19:06,68.0,300,39550
20240130,09:19:11,68.2,50,39550
20240130,09:19:22,68.7,50,39550
20240130,09:19:31,68.0,150,39550
20240130,09:19:32,67.75,50,39550
20240130,09:19:42,68.0,200,39550
20240130,09:19:49,67.55,150,39550
20240130,09:19:56,66.95,500,39550
20240130,09:20:00,67.5,150,39550
20240130,09:20:04,67.7,100,39550
20240130,09:20:12,68.75,550,39550
20240130,09:20:16,69.2,50,38550
20240130,09:20:17,69.7,600,38550
20240130,09:20:19,70.0,50,38550
20240130,09:20:22,70.6,50,38550
20240130,09:20:24,70.8,50,38550
20240130,09:20:26,70.8,50,38550
20240130,09:20:29,71.2,50,38550
20240130,09:20:37,71.8,50,38550
20240130,09:20:39,72.0,400,38550
20240130,09:20:42,72.45,400,38550
20240130,09:20:49,73.05,150,38550
20240130,09:20:51,73.55,150,38550
20240130,09:20:54,72.9,100,38550
20240130,09:20:59,72.45,450,38550
20240130,09:21:06,74.9,50,38550
20240130,09:21:12,75.25,100,38550
20240130,09:21:16,76.0,400,38550
20240130,09:21:19,76.0,100,38550
20240130,09:21:21,74.65,50,38550
20240130,09:21:24,74.45,150,38550
20240130,09:21:31,74.1,150,38550
20240130,09:21:32,74.55,50,38550
20240130,09:21:39,74.1,100,38550
20240130,09:21:44,74.75,50,38550
20240130,09:21:47,74.95,50,38550
20240130,09:21:56,76.4,350,38550
20240130,09:22:00,76.4,100,38550
20240130,09:22:05,74.7,250,38550
20240130,09:22:07,74.7,150,38550
20240130,09:22:11,73.65,50,38550
20240130,09:22:12,74.25,450,38550
20240130,09:22:22,75.8,50,38550
20240130,09:22:27,74.7,50,38550
20240130,09:22:31,75.5,350,38550
20240130,09:22:34,75.85,600,38550
20240130,09:22:39,75.7,50,38550
20240130,09:22:42,76.1,50,38550
20240130,09:22:44,75.8,50,38550
20240130,09:22:54,76.75,100,38550
20240130,09:23:01,76.75,50,38550
20240130,09:23:12,75.5,50,38550
20240130,09:23:16,75.7,50,36900
20240130,09:23:19,76.15,50,36900
20240130,09:23:22,76.5,50,36900
20240130,09:23:24,76.2,200,36900
20240130,09:23:34,76.15,50,36900
20240130,09:23:39,76.2,150,36900
20240130,09:23:41,76.35,50,36900
20240130,09:23:44,75.75,50,36900
20240130,09:23:57,74.9,200,36900
20240130,09:24:12,73.6,300,36900
20240130,09:24:22,76.6,50,36900
20240130,09:24:25,76.35,50,36900
20240130,09:24:27,76.15,50,36900
20240130,09:24:29,76.2,100,36900
20240130,09:24:37,76.8,100,36900
20240130,09:24:44,77.4,250,36900
20240130,09:24:45,78.0,550,36900
20240130,09:24:48,77.25,150,36900
20240130,09:24:55,76.55,50,36900
20240130,09:25:05,76.75,50,36900
20240130,09:25:07,76.6,50,36900
20240130,09:25:15,78.5,300,36900
20240130,09:25:17,78.5,100,36900
20240130,09:25:23,79.8,600,36900
20240130,09:25:25,79.8,150,36900
20240130,09:25:27,80.0,1000,36900
20240130,09:25:28,80.0,200,36900
20240130,09:25:30,80.15,100,36900
20240130,09:25:35,80.7,50,36900
20240130,09:25:37,81.35,50,36900
20240130,09:25:47,82.9,400,36900
20240130,09:25:48,82.75,550,36900
20240130,09:25:50,82.9,50,36900
20240130,09:25:53,82.95,200,36900
20240130,09:25:55,83.5,500,36900
20240130,09:25:59,83.8,400,36900
20240130,09:26:01,83.8,250,36900
20240130,09:26:03,83.4,50,36900
20240130,09:26:04,83.25,50,36900
20240130,09:26:06,83.0,50,36900
20240130,09:26:08,82.95,50,36900
20240130,09:26:09,83.0,50,36900
20240130,09:26:11,84.05,200,36900
20240130,09:26:13,84.1,50,36900
20240130,09:26:14,84.35,150,37350
20240130,09:26:16,84.05,150,37350
20240130,09:26:18,84.55,100,37350
20240130,09:26:20,84.65,50,37350
20240130,09:26:21,84.95,250,37350
20240130,09:26:26,85.15,50,37350
20240130,09:26:28,85.2,50,37350
20240130,09:26:30,85.25,100,37350
20240130,09:26:40,84.15,50,37350
20240130,09:26:50,83.4,200,37350
20240130,09:26:54,84.55,250,37350
20240130,09:27:00,84.85,50,37350
20240130,09:27:01,84.35,200,37350
20240130,09:27:03,82.8,350,37350
20240130,09:27:06,82.9,450,37350
20240130,09:27:08,83.55,300,37350
20240130,09:27:10,84.3,50,37350
20240130,09:27:11,83.75,300,37350
20240130,09:27:15,82.7,50,37350
20240130,09:27:20,81.95,50,37350
20240130,09:27:23,82.7,150,37350
20240130,09:27:25,82.65,100,37350
20240130,09:27:26,82.05,50,37350
20240130,09:27:28,82.35,100,37350
20240130,09:27:30,81.8,50,37350
20240130,09:27:33,82.15,50,37350
20240130,09:27:38,82.85,50,37350
20240130,09:27:40,83.35,100,37350
20240130,09:27:43,82.8,150,37350
20240130,09:27:46,82.6,50,37350
20240130,09:27:50,83.55,50,37350
20240130,09:27:51,84.0,200,37350
20240130,09:27:56,84.0,150,37350
20240130,09:28:00,84.35,50,37350
20240130,09:28:01,83.9,250,37350
20240130,09:28:03,84.25,100,37350
20240130,09:28:06,83.25,350,37350
20240130,09:28:11,83.05,250,37350
20240130,09:28:13,83.45,100,37350
20240130,09:28:15,83.4,350,37350
20240130,09:28:20,83.55,100,37350
20240130,09:28:23,82.8,50,37350
20240130,09:28:26,84.75,250,37350
20240130,09:28:28,85.35,400,37350
20240130,09:28:30,85.05,200,37350
20240130,09:28:31,85.55,250,37350
20240130,09:28:33,85.7,250,37350
20240130,09:28:35,85.7,150,37350
20240130,09:28:36,85.65,150,37350
20240130,09:28:40,86.95,50,37350
20240130,09:28:41,87.2,250,37350
20240130,09:28:43,87.2,300,37350
20240130,09:28:48,87.6,650,37350
20240130,09:28:50,87.65,100,37350
20240130,09:28:53,87.65,100,37350
20240130,09:28:55,86.55,100,37350
20240130,09:28:56,85.55,100,37350
20240130,09:28:58,85.8,150,37350
20240130,09:29:03,87.05,100,37350
20240130,09:29:05,86.25,600,37350
20240130,09:29:06,86.3,450,37350
20240130,09:29:08,85.55,150,37350
20240130,09:29:10,85.0,100,37350
20240130,09:29:11,85.55,100,37350
20240130,09:29:18,86.45,50,37450
20240130,09:29:21,85.85,50,37450
20240130,09:29:23,85.55,150,37450
20240130,09:29:33,86.35,100,37450
20240130,09:29:34,86.2,200,37450
20240130,09:29:46,86.45,100,37450
20240130,09:29:47,86.55,100,37450
20240130,09:29:54,86.45,350,37450
20240130,09:29:58,87.35,50,37450
20240130,09:30:04,87.95,100,37450
20240130,09:30:09,88.0,150,37450
20240130,09:30:11,88.05,100,37450
20240130,09:30:14,89.05,200,37450
20240130,09:30:16,89.55,200,37450
20240130,09:30:19,89.5,50,37450
20240130,09:30:24,88.2,250,37450
20240130,09:30:32,86.75,50,37450
20240130,09:30:39,85.9,200,37450
20240130,09:30:41,84.5,750,37450
20240130,09:30:44,81.45,600,37450
20240130,09:30:46,82.0,50,37450
20240130,09:30:48,81.8,50,37450
20240130,09:30:49,80.8,200,37450
20240130,09:30:51,80.9,600,37450
20240130,09:30:53,81.15,250,37450
20240130,09:30:56,80.8,100,37450
20240130,09:31:01,80.6,50,37450
20240130,09:31:04,77.0,2050,37450
20240130,09:31:06,77.4,400,37450
20240130,09:31:08,77.55,100,37450
20240130,09:31:09,75.3,650,37450
20240130,09:31:11,75.8,600,37450
20240130,09:31:13,75.5,250,37450
20240130,09:31:14,75.75,550,37450
20240130,09:31:16,76.6,250,37450
20240130,09:31:21,77.05,250,37450
20240130,09:31:24,76.55,200,37450
20240130,09:31:26,77.7,1150,37450
20240130,09:31:31,77.45,150,37450
20240130,09:31:34,77.7,150,37450
20240130,09:31:36,78.6,100,37450
20240130,09:31:38,78.3,200,37450
20240130,09:31:39,78.25,100,37450
20240130,09:31:41,78.35,100,37450
20240130,09:31:44,79.1,50,37450
20240130,09:31:46,78.95,50,37450
20240130,09:31:49,79.15,350,37450
20240130,09:31:51,79.95,100,37450
20240130,09:31:56,80.35,450,37450
20240130,09:31:58,80.75,100,37450
20240130,09:31:59,80.75,400,37450
20240130,09:32:03,80.75,250,37450
20240130,09:32:08,79.5,550,37450
20240130,09:32:09,79.4,50,37450
20240130,09:32:11,79.95,300,37450
20240130,09:32:13,80.45,300,37450
20240130,09:32:14,80.85,100,37450
20240130,09:32:16,80.35,100,38200
20240130,09:32:19,80.2,400,38200
20240130,09:32:23,80.7,100,38200
20240130,09:32:24,80.0,300,38200
20240130,09:32:26,80.6,600,38200
20240130,09:32:28,80.4,50,38200
20240130,09:32:41,80.3,100,38200
20240130,09:32:54,80.25,150,38200
20240130,09:32:56,80.45,50,38200
20240130,09:32:57,80.7,200,38200
20240130,09:32:59,81.7,250,38200
20240130,09:33:04,82.15,100,38200
20240130,09:33:11,80.85,50,38200
20240130,09:33:13,81.95,150,38200
20240130,09:33:16,81.35,50,38200
20240130,09:33:18,82.65,500,38200
20240130,09:33:19,83.55,50,38200
20240130,09:33:31,82.55,300,38200
20240130,09:33:41,81.45,50,38200
20240130,09:33:48,82.55,50,38200
20240130,09:33:58,83.25,300,38200
20240130,09:34:28,85.75,1100,38200
20240130,09:34:33,86.4,500,38200
20240130,09:34:36,86.05,250,38200
20240130,09:34:38,84.8,650,38200
20240130,09:34:40,84.8,550,38200
20240130,09:34:41,85.1,450,38200
20240130,09:34:43,85.35,150,38200
20240130,09:34:45,84.4,300,38200
20240130,09:34:46,85.15,200,38200
20240130,09:34:53,84.9,250,38200
20240130,09:35:01,84.85,200,38200
20240130,09:35:08,85.25,100,38200
20240130,09:35:09,85.3,100,38200
20240130,09:35:11,84.2,400,38200
20240130,09:35:13,84.3,150,38200
20240130,09:35:18,84.1,50,36500
20240130,09:35:21,84.2,700,36500
20240130,09:35:26,82.2,500,36500
20240130,09:35:28,82.2,200,36500
20240130,09:35:33,81.75,400,36500
20240130,09:35:43,83.5,50,36500
20240130,09:35:53,84.6,50,36500
20240130,09:36:03,83.35,50,36500
20240130,09:36:06,83.55,50,36500
20240130,09:36:26,82.8,50,36500
20240130,09:36:31,82.25,350,36500
20240130,09:36:39,82.35,400,36500
20240130,09:36:41,82.0,650,36500
20240130,09:36:44,82.15,300,36500
20240130,09:36:48,81.75,800,36500
20240130,09:36:49,81.5,350,36500
20240130,09:36:53,82.15,150,36500
20240130,09:36:56,82.95,50,36500
20240130,09:36:59,82.25,50,36500
20240130,09:37:31,81.25,1200,36500
20240130,09:37:45,83.05,50,36500
20240130,09:37:53,82.95,100,36500
20240130,09:38:01,83.7,100,36500
20240130,09:38:02,84.1,50,36500
20240130,09:38:04,83.8,450,36500
20240130,09:38:06,83.75,50,36500
20240130,09:38:07,83.1,800,36500
20240130,09:38:09,83.4,50,36500
20240130,09:38:16,82.95,250,36500
20240130,09:38:34,84.65,100,36500
20240130,09:38:36,84.75,150,36900
20240130,09:39:04,81.05,50,36900
20240130,09:39:09,80.45,100,36900
20240130,09:39:44,80.75,50,36900
20240130,09:40:09,81.5,150,36900
20240130,09:40:13,81.05,100,36900
20240130,09:40:38,79.95,100,36900
20240130,09:40:43,79.6,50,36900
20240130,09:40:44,79.3,50,36900
20240130,09:40:49,80.95,50,36900
20240130,09:41:01,81.95,50,36900
20240130,09:41:04,82.0,150,36900
20240130,09:41:21,79.9,50,37050
20240130,09:41:27,79.85,50,37050
20240130,09:41:31,81.05,50,37050
20240130,09:41:56,80.35,50,37050
20240130,09:42:11,80.25,250,37050
20240130,09:42:34,76.9,100,37050
20240130,09:42:36,77.1,150,37050
20240130,09:42:43,75.55,50,37050
20240130,09:42:44,75.8,100,37050
20240130,09:43:01,74.65,50,37050
20240130,09:43:04,74.35,100,37050
20240130,09:43:08,74.15,250,37050
20240130,09:43:13,74.1,50,37050
20240130,09:43:51,71.8,50,37050
20240130,09:43:55,71.85,50,37050
20240130,09:43:56,72.65,50,37050
20240130,09:44:10,72.55,150,37050
20240130,09:44:30,73.05,50,37250
20240130,09:44:45,73.25,50,37250
20240130,09:44:50,73.15,100,37250
20240130,09:45:12,72.95,50,37250
20240130,09:45:33,76.05,150,37250
20240130,09:45:45,76.45,50,37250
20240130,09:45:56,75.65,800,37250
20240130,09:46:07,76.15,50,37250
20240130,09:46:18,76.75,50,37250
20240130,09:46:28,76.45,50,37250
20240130,09:46:38,76.95,50,37250
20240130,09:46:48,77.35,250,37250
20240130,09:46:58,76.15,50,37250
20240130,09:47:03,75.95,100,37250
20240130,09:47:23,76.9,1850,37050
20240130,09:48:01,78.9,100,37050
20240130,09:48:04,78.85,50,37050
20240130,09:48:19,79.6,150,37050
20240130,09:48:21,78.6,350,37050
20240130,09:48:26,79.25,50,37050
20240130,09:48:29,79.1,50,37050
20240130,09:48:34,79.35,50,37050
20240130,09:48:43,80.0,50,37050
20240130,09:49:18,79.4,100,37050
20240130,09:49:41,79.35,50,37050
20240130,09:49:56,80.2,100,37050
20240130,09:50:01,80.75,450,37050
20240130,09:50:09,79.55,50,37050
20240130,09:50:11,79.95,50,37050
20240130,09:50:19,80.4,50,37050
20240130,09:50:28,80.2,50,36550
20240130,09:50:36,79.35,200,36550
20240130,09:50:39,79.6,1150,36550
20240130,09:50:48,80.25,50,36550
20240130,09:50:54,80.0,1100,36550
20240130,09:50:57,79.6,200,36550
20240130,09:51:01,79.65,50,36550
20240130,09:51:06,79.2,100,36550
20240130,09:51:12,78.2,50,36550
20240130,09:51:16,78.55,50,36550
20240130,09:51:34,78.85,100,36550
20240130,09:51:36,78.75,50,36550
20240130,09:51:39,79.0,50,36550
20240130,09:51:49,79.7,50,36550
20240130,09:52:40,79.25,50,36550
20240130,09:52:50,80.45,50,36550
20240130,09:52:52,80.65,150,36550
20240130,09:52:55,80.8,150,36550
20240130,09:52:57,81.35,50,36550
20240130,09:53:07,81.6,150,36550
20240130,09:53:09,81.6,300,36550
20240130,09:53:19,80.85,50,35200
20240130,09:53:24,80.85,700,35200
20240130,09:53:26,81.05,50,35200
20240130,09:54:27,81.6,1000,35200
20240130,09:54:39,82.2,150,35200
20240130,09:54:44,82.7,100,35200
20240130,09:55:04,82.0,550,35200
20240130,09:55:14,82.0,50,35200
20240130,09:55:24,81.75,1100,35200
20240130,09:55:34,82.4,50,35200
20240130,09:55:45,83.45,50,35200
20240130,09:55:55,83.25,600,35200
20240130,09:56:11,82.1,100,35200
20240130,09:57:06,83.8,400,33500
20240130,09:57:25,83.45,100,33500
20240130,09:57:35,83.05,50,33500
20240130,09:57:56,81.8,200,33500
20240130,09:58:07,80.35,50,33500
20240130,09:58:18,80.9,50,33500
20240130,09:58:50,80.0,50,33500
20240130,09:59:10,80.0,1750,33500
20240130,09:59:23,80.4,250,31750
20240130,09:59:39,79.75,50,31750
20240130,09:59:46,79.75,100,31750
20240130,09:59:49,79.0,250,31750
20240130,09:59:57,77.85,50,31750
20240130,10:00:00,77.95,50,31750
20240130,10:00:29,75.65,50,31750
20240130,10:00:35,74.7,200,31750
20240130,10:00:45,76.75,50,31750
20240130,10:00:52,76.3,50,31750
20240130,10:00:59,77.05,50,31750
20240130,10:01:01,76.3,1750,31750
20240130,10:01:04,76.75,300,31750
20240130,10:01:07,77.8,50,31750
20240130,10:01:09,78.25,50,31750
20240130,10:01:27,77.55,100,31750
20240130,10:01:32,77.7,100,31750
20240130,10:01:34,77.25,1050,31750
20240130,10:01:42,76.6,250,31750
20240130,10:01:44,76.5,50,31750
20240130,10:01:49,76.65,50,31750
20240130,10:01:52,76.25,50,31750
20240130,10:02:04,76.75,50,31750
20240130,10:02:06,77.2,50,31750
20240130,10:02:07,77.45,100,31750
20240130,10:02:22,77.9,50,34000
20240130,10:02:47,76.85,150,34000
20240130,10:03:04,76.6,100,34000
20240130,10:03:44,75.1,50,34000
20240130,10:03:50,74.4,100,34000
20240130,10:03:55,74.75,50,34000
20240130,10:03:57,74.45,50,34000
20240130,10:03:59,74.55,50,34000
20240130,10:04:25,75.65,50,34000
20240130,10:04:32,75.25,50,34000
20240130,10:05:01,74.15,50,34000
20240130,10:05:21,75.15,50,34000
20240130,10:05:32,76.0,50,33950
20240130,10:05:59,76.05,50,33950
20240130,10:06:16,76.0,50,33950
20240130,10:06:18,76.3,50,33950
20240130,10:06:46,77.95,50,33950
20240130,10:07:03,77.4,100,33950
20240130,10:10:08,77.05,500,33750
20240130,10:10:26,77.1,50,33750
20240130,10:11:49,75.55,100,33600
20240130,10:12:26,75.25,50,33600
20240130,10:13:02,75.0,1750,33600
20240130,10:13:12,74.45,200,33600
20240130,10:13:34,73.1,250,33600
20240130,10:13:45,72.5,50,33600
20240130,10:14:34,73.85,300,33600
20240130,10:14:56,73.95,50,31800
20240130,10:16:00,74.55,50,31800
20240130,10:16:09,75.25,50,31800
20240130,10:16:39,75.75,50,31800
20240130,10:16:59,75.75,50,31800
20240130,10:17:20,76.95,50,31800
20240130,10:18:27,77.0,1550,32200
20240130,10:18:37,77.5,50,32200
20240130,10:19:06,76.85,50,32200
20240130,10:19:44,76.35,50,32200
20240130,10:20:30,77.45,300,33600
20240130,10:20:47,76.1,600,33600
20240130,10:20:56,76.1,150,33600
20240130,10:21:22,75.5,50,33600
20240130,10:21:31,75.5,250,33600
20240130,10:22:00,76.55,200,33600
20240130,10:22:27,77.4,50,33600
20240130,10:22:54,77.6,100,33600
20240130,10:23:07,79.0,100,33600
20240130,10:23:20,79.2,250,33600
20240130,10:23:27,79.65,50,34000
20240130,10:23:52,77.25,50,34000
20240130,10:24:22,75.4,50,34000
20240130,10:24:32,75.8,150,34000
20240130,10:25:08,75.4,50,34000
20240130,10:25:38,77.3,100,34000
20240130,10:25:56,76.5,200,34000
20240130,10:26:54,78.5,1050,33750
20240130,10:27:44,79.95,50,33750
20240130,10:27:55,79.8,50,33750
20240130,10:28:16,79.3,150,33750
20240130,10:30:26,80.65,50,32450
20240130,10:30:57,78.45,100,32450
20240130,10:31:49,78.5,50,32450
20240130,10:33:17,79.95,100,32550
20240130,10:33:47,81.5,50,32550
20240130,10:33:57,81.2,50,32550
20240130,10:36:12,76.75,200,32450
20240130,10:36:22,77.65,50,32450
20240130,10:37:02,76.0,100,32450
20240130,10:37:44,73.85,50,32450
20240130,10:37:54,74.6,50,32450
20240130,10:44:16,81.6,50,32500
20240130,10:44:26,80.7,50,32500
20240130,10:45:12,81.25,50,32500
20240130,10:45:22,82.0,50,32500
20240130,10:45:24,82.0,50,32500
20240130,10:45:31,82.5,50,32500
20240130,10:45:32,82.3,50,32500
20240130,10:45:56,80.0,50,32500
20240130,10:46:48,81.35,50,32500
20240130,10:47:36,81.4,50,32500
20240130,10:48:20,83.4,100,32500
20240130,10:48:23,83.2,100,32500
20240130,10:48:28,83.45,50,32500
20240130,10:48:31,83.4,250,32500
20240130,10:48:35,83.4,100,32500
20240130,10:48:36,83.25,150,32500
20240130,10:48:45,84.35,200,32500
20240130,10:48:46,84.5,150,32500
20240130,10:48:55,83.85,150,32500
20240130,10:49:03,83.8,50,32500
20240130,10:49:05,83.4,50,32500
20240130,10:49:20,83.05,100,32500
20240130,10:49:51,81.75,50,32500
20240130,10:50:05,83.0,50,32500
20240130,10:50:13,83.3,50,32500
20240130,10:50:21,84.55,150,32500
20240130,10:50:23,84.45,350,32500
20240130,10:50:25,85.0,200,32500
20240130,10:50:31,85.25,50,32300
20240130,10:50:36,86.0,50,32300
20240130,10:50:40,87.0,50,32300
20240130,10:50:41,87.55,250,32300
20240130,10:50:54,86.75,100,32300
20240130,10:51:01,86.85,100,32300
20240130,10:51:24,85.7,50,32300
20240130,10:51:39,86.15,50,32300
20240130,10:52:57,87.75,50,32300
20240130,10:53:17,85.55,50,32300
20240130,10:53:27,84.35,400,32300
20240130,10:53:36,84.2,50,32300
20240130,10:53:46,83.55,150,32300
20240130,10:54:09,84.65,50,32300
20240130,10:54:21,85.25,50,32300
20240130,10:54:29,85.15,100,32300
20240130,10:55:02,83.95,50,32300
20240130,10:55:04,84.5,250,32300
20240130,10:55:26,84.15,200,32300
20240130,10:55:37,84.0,50,32300
20240130,10:56:33,82.1,50,32300
20240130,10:58:04,83.35,50,32150
20240130,10:58:40,85.0,50,32150
20240130,10:59:54,82.75,50,32150
20240130,11:00:15,82.45,50,32150
20240130,11:00:23,82.4,50,32150
20240130,11:01:09,82.1,50,32150
20240130,11:01:19,82.1,500,32150
20240130,11:01:38,80.1,200,32150
20240130,11:01:57,80.0,1100,32150
20240130,11:02:04,78.9,50,32150
20240130,11:02:24,80.45,100,32150
20240130,11:03:24,82.5,150,33800
20240130,11:03:26,82.9,100,33800
20240130,11:03:42,81.7,50,33800
20240130,11:03:52,83.0,50,33800
20240130,11:04:17,83.15,2200,33800
20240130,11:05:19,83.2,500,33800
20240130,11:05:31,84.35,50,36000
20240130,11:05:37,85.0,50,36000
20240130,11:05:54,85.4,100,36000
20240130,11:05:55,85.0,650,36000
20240130,11:05:58,85.6,1100,36000
20240130,11:06:00,85.3,100,36000
20240130,11:06:02,85.7,150,36000
20240130,11:06:22,86.05,100,36000
20240130,11:06:33,86.4,100,36000
20240130,11:06:50,87.0,150,36000
20240130,11:06:53,88.0,500,36000
20240130,11:06:56,88.35,250,36000
20240130,11:06:58,88.3,150,36000
20240130,11:07:00,88.95,250,36000
20240130,11:07:27,89.2,50,36000
20240130,11:07:32,89.3,700,36000
20240130,11:07:37,87.65,100,36000
20240130,11:07:50,87.85,100,36000
20240130,11:08:01,88.2,50,36000
20240130,11:08:08,86.3,100,36000
20240130,11:08:13,86.5,150,36000
20240130,11:08:15,86.75,200,36000
20240130,11:08:20,86.65,150,36000
20240130,11:08:41,87.4,100,38850
20240130,11:09:18,86.15,50,38850
20240130,11:09:24,87.45,100,38850
20240130,11:09:53,89.85,50,38850
20240130,11:10:01,89.85,50,38850
20240130,11:10:03,89.25,50,38850
20240130,11:10:21,88.2,850,38850
20240130,11:10:31,87.1,50,38850
20240130,11:10:51,87.8,50,38850
20240130,11:12:48,86.55,50,39800
20240130,11:13:32,86.45,50,39800
20240130,11:13:45,86.8,50,39800
20240130,11:14:49,86.2,100,39800
20240130,11:14:54,85.65,50,39800
20240130,11:15:21,85.6,50,39800
20240130,11:16:32,84.55,350,39800
20240130,11:16:34,84.5,650,39800
20240130,11:18:29,86.45,100,39650
20240130,11:18:32,86.25,50,39650
20240130,11:18:52,85.65,50,39650
20240130,11:18:55,85.0,150,39650
20240130,11:18:57,85.2,100,39650
20240130,11:20:09,83.6,50,39650
20240130,11:20:35,85.8,50,39750
20240130,11:20:37,85.75,50,39750
20240130,11:20:52,85.8,300,39750
20240130,11:21:06,84.2,300,39750
20240130,11:22:02,84.85,50,39750
20240130,11:22:43,84.85,50,39750
20240130,11:22:50,85.1,50,39750
20240130,11:22:52,86.0,50,39750
20240130,11:23:47,85.85,100,39450
20240130,11:24:53,87.0,350,39450
20240130,11:25:10,86.55,250,39450
20240130,11:25:56,84.85,50,39450
20240130,11:26:14,83.15,100,39450
20240130,11:27:35,83.15,500,39350
20240130,11:27:58,82.35,100,39350
20240130,11:28:00,82.8,50,39350
20240130,11:28:29,81.05,50,39350
20240130,11:29:00,79.65,50,39350
20240130,11:29:01,78.8,50,39350
20240130,11:29:21,80.55,50,39350
20240130,11:29:33,79.8,50,39450
20240130,11:29:39,80.45,50,39450
20240130,11:29:49,79.7,100,39450
20240130,11:30:00,79.75,50,39450
20240130,11:30:14,79.15,50,39450
20240130,11:31:00,77.9,250,39450
20240130,11:31:03,77.35,150,39450
20240130,11:31:23,79.2,100,39450
20240130,11:31:43,79.45,50,39450
20240130,11:32:12,82.0,50,39450
20240130,11:32:40,80.35,50,39350
20240130,11:33:01,80.15,50,39350
20240130,11:33:25,81.0,50,39350
20240130,11:33:45,81.0,50,39350
20240130,11:33:58,80.55,100,39350
20240130,11:34:36,79.45,100,39350
20240130,11:34:51,78.8,50,39350
20240130,11:34:52,78.1,50,39350
20240130,11:36:06,77.9,50,39350
20240130,11:36:08,77.9,50,39450
20240130,11:36:24,75.95,100,39450
20240130,11:36:26,75.9,300,39450
20240130,11:36:28,75.9,50,39450
20240130,11:36:29,74.7,200,39450
20240130,11:36:31,74.3,50,39450
20240130,11:36:32,74.55,150,39450
20240130,11:36:36,74.6,100,39450
20240130,11:36:39,75.1,200,39450
20240130,11:36:41,74.45,300,39450
20240130,11:36:44,73.8,350,39450
20240130,11:36:51,73.95,200,39450
20240130,11:36:59,74.5,100,39450
20240130,11:37:36,75.9,50,39450
20240130,11:38:04,76.4,50,39450
20240130,11:38:21,76.55,100,39450
20240130,11:38:46,77.3,50,38500
20240130,11:40:47,75.95,550,38500
20240130,11:41:06,77.25,250,38500
20240130,11:41:09,77.35,50,38500
20240130,11:42:49,76.8,50,38450
20240130,11:43:02,76.8,50,38450
20240130,11:45:20,75.65,1300,38450
20240130,11:45:31,75.65,200,38000
20240130,11:45:44,75.4,50,38000
20240130,11:46:04,75.7,50,38000
20240130,11:46:07,75.95,50,38000
20240130,11:46:42,77.4,100,38000
20240130,11:47:01,76.7,100,38000
20240130,11:47:03,77.1,500,38000
20240130,11:48:08,77.65,100,38050
20240130,11:49:01,76.85,1800,38050
20240130,11:49:05,76.85,400,38050
20240130,11:49:16,77.65,50,38050
20240130,11:49:43,78.35,50,38050
20240130,11:49:46,78.0,50,38050
20240130,11:50:46,78.3,250,38100
20240130,11:51:20,76.6,100,38100
20240130,11:51:29,76.5,50,38100
20240130,11:51:32,76.75,150,38100
20240130,11:51:57,77.75,250,38100
20240130,11:52:08,77.4,50,38100
20240130,11:53:34,78.35,300,38100
20240130,11:56:23,77.25,50,38000
20240130,11:56:25,77.3,50,38000
20240130,11:56:52,77.6,250,37950
20240130,11:58:07,76.0,100,37950
20240130,11:58:14,75.25,100,37950
20240130,11:59:02,73.9,50,37950
20240130,11:59:04,73.75,100,37950
20240130,11:59:05,73.7,150,37950
20240130,11:59:07,74.0,200,37950
20240130,11:59:12,73.9,250,37950
20240130,11:59:15,73.25,350,37950
20240130,11:59:17,72.4,50,37950
20240130,11:59:30,72.5,50,37950
20240130,11:59:42,72.85,50,37900
20240130,11:59:45,73.1,500,37900
20240130,11:59:49,72.5,50,37900
20240130,11:59:50,72.25,50,37900
20240130,12:00:17,72.55,1100,37900
20240130,12:01:25,73.5,50,37900
20240130,12:01:32,73.65,450,37900
20240130,12:01:39,73.2,50,37900
20240130,12:02:17,74.65,1000,37900
20240130,12:04:10,75.95,150,39300
20240130,12:05:37,78.0,50,39300
20240130,12:05:57,78.65,600,39250
20240130,12:06:06,78.1,150,39250
20240130,12:07:04,78.0,50,39250
20240130,12:08:08,79.45,50,39250
20240130,12:08:38,79.5,50,39250
20240130,12:09:39,79.3,50,40000
20240130,12:09:54,79.4,250,40000
20240130,12:10:07,80.15,400,40000
20240130,12:11:00,77.45,50,40000
20240130,12:12:41,75.7,100,40050
20240130,12:14:25,76.85,50,40050
20240130,12:15:06,78.4,400,39950
20240130,12:15:12,77.85,50,39950
20240130,12:15:55,78.35,50,39950
20240130,12:17:03,77.95,50,39950
20240130,12:17:21,77.4,100,39950
20240130,12:17:34,76.35,50,39950
20240130,12:17:36,76.85,200,39950
20240130,12:17:37,76.95,200,39950
20240130,12:17:44,76.4,50,40250
20240130,12:17:47,76.4,50,40250
20240130,12:18:22,75.6,50,40250
20240130,12:20:06,75.65,50,40250
20240130,12:20:14,76.7,100,40250
20240130,12:20:18,76.95,250,40250
20240130,12:20:21,77.0,50,40250
20240130,12:20:23,76.6,50,40250
20240130,12:20:52,76.05,50,40300
20240130,12:20:54,76.5,1600,40300
20240130,12:20:56,76.5,650,40300
20240130,12:21:07,76.85,200,40300
20240130,12:21:24,76.55,50,40300
20240130,12:21:40,77.3,50,40300
20240130,12:22:37,75.85,50,40300
20240130,12:22:47,75.1,50,40300
20240130,12:23:14,76.2,50,40300
20240130,12:23:47,77.1,50,41300
20240130,12:24:28,78.45,50,41300
20240130,12:24:58,79.25,50,41300
20240130,12:25:23,79.0,50,41300
20240130,12:25:35,79.75,50,41300
20240130,12:28:23,77.1,50,41300
20240130,12:28:33,76.8,50,41300
20240130,12:29:04,75.55,50,41300
20240130,12:29:26,75.5,500,41300
20240130,12:29:44,75.2,50,41250
20240130,12:29:56,75.1,50,41250
20240130,12:30:03,75.0,50,41250
20240130,12:30:05,74.95,50,41250
20240130,12:30:15,74.7,100,41250
20240130,12:30:34,75.45,50,41250
20240130,12:30:58,75.3,50,41250
20240130,12:31:06,75.3,50,41250
20240130,12:31:46,74.45,50,41250
20240130,12:31:49,75.2,300,41250
20240130,12:32:34,75.25,400,41250
20240130,12:33:25,75.55,50,41500
20240130,12:33:29,75.55,50,41500
20240130,12:34:36,75.55,50,41500
20240130,12:39:01,74.45,50,41500
20240130,12:40:04,75.3,50,41500
20240130,12:40:33,75.0,50,41500
20240130,12:41:34,76.15,50,41500
20240130,12:41:36,76.25,100,41500
20240130,12:42:04,77.1,50,41600
20240130,12:42:31,78.2,50,41600
20240130,12:43:50,80.0,50,41600
20240130,12:44:13,79.2,1250,41600
20240130,12:45:03,79.25,250,40350
20240130,12:45:57,80.0,550,40350
20240130,12:47:57,82.05,150,40300
20240130,12:47:59,83.1,100,40300
20240130,12:48:24,83.05,250,40300
20240130,12:50:43,79.65,100,40150
20240130,12:50:48,79.1,1100,40150
20240130,12:51:48,79.1,2250,40150
20240130,12:55:32,76.65,50,38950
20240130,12:56:18,77.3,50,38950
20240130,12:57:16,76.85,50,38950
20240130,12:57:18,76.8,50,38950
20240130,12:59:08,76.8,100,38950
20240130,12:59:48,75.9,50,38900
20240130,13:02:21,77.7,50,38900
20240130,13:03:16,78.8,100,38950
20240130,13:04:20,78.0,100,38950
20240130,13:08:45,81.4,50,38950
20240130,13:09:53,81.8,250,39100
20240130,13:10:05,81.8,750,39100
20240130,13:10:30,82.45,50,39100
20240130,13:10:35,83.2,100,39100
20240130,13:11:06,82.0,150,39100
20240130,13:14:32,80.55,50,38150
20240130,13:15:04,82.05,50,38150
20240130,13:16:39,81.95,50,38150
20240130,13:16:49,82.45,50,38150
20240130,13:18:15,82.8,50,38250
20240130,13:19:15,81.3,50,38250
20240130,13:21:53,85.7,50,38250
20240130,13:21:56,85.55,50,38250
20240130,13:22:03,85.75,100,38250
20240130,13:22:09,86.0,900,38250
20240130,13:22:23,85.15,50,38250
20240130,13:22:25,84.9,50,38250
20240130,13:22:26,84.7,100,38250
20240130,13:22:28,84.85,150,38250
20240130,13:22:33,85.3,100,38250
20240130,13:22:38,85.5,100,38250
20240130,13:23:50,81.65,50,39650
20240130,13:24:05,82.55,50,39650
20240130,13:24:21,81.5,50,39650
20240130,13:24:23,81.0,100,39650
20240130,13:24:43,79.7,50,39650
20240130,13:25:56,79.75,50,39650
20240130,13:26:07,79.05,50,39650
20240130,13:26:09,79.15,50,39650
20240130,13:26:14,79.05,50,39650
20240130,13:26:16,79.05,50,39650
20240130,13:26:19,78.7,100,39650
20240130,13:26:21,78.55,50,39650
20240130,13:26:52,76.4,50,40150
20240130,13:26:54,76.4,50,40150
20240130,13:26:57,76.7,50,40150
20240130,13:27:34,76.05,50,40150
20240130,13:28:29,74.95,50,40150
20240130,13:28:35,74.8,50,40150
20240130,13:29:00,73.9,50,40150
20240130,13:29:22,73.5,500,40150
20240130,13:29:32,73.05,50,40150
20240130,13:29:37,73.0,100,40150
20240130,13:30:13,74.95,50,40950
20240130,13:30:15,74.4,350,40950
20240130,13:30:17,74.5,50,40950
20240130,13:30:18,74.55,100,40950
20240130,13:30:20,74.55,50,40950
20240130,13:30:22,74.4,50,40950
20240130,13:30:30,73.95,50,40950
20240130,13:31:21,75.85,50,40950
20240130,13:31:23,75.9,50,40950
20240130,13:31:54,75.35,50,40950
20240130,13:31:56,75.65,2250,40950
20240130,13:32:05,75.5,200,40950
20240130,13:32:11,75.5,50,40950
20240130,13:33:45,76.8,50,43050
20240130,13:33:48,76.75,50,43050
20240130,13:33:56,76.75,50,43050
20240130,13:33:58,76.8,50,43050
20240130,13:34:00,76.85,50,43050
20240130,13:34:06,76.9,50,43050
20240130,13:34:11,76.15,50,43050
20240130,13:34:45,76.55,50,43050
20240130,13:34:55,76.45,50,43050
20240130,13:34:56,76.5,50,43050
20240130,13:34:58,76.75,50,43050
20240130,13:35:08,77.2,150,43050
20240130,13:35:10,77.25,100,43050
20240130,13:35:11,76.8,500,43050
20240130,13:35:48,75.8,50,43050
20240130,13:35:53,75.35,450,43000
20240130,13:36:23,76.35,50,43000
20240130,13:36:54,76.75,50,43000
20240130,13:37:02,76.9,50,43000
20240130,13:37:20,77.4,50,43000
20240130,13:37:43,77.45,50,43000
20240130,13:37:48,76.65,50,43000
20240130,13:38:10,76.45,50,43000
20240130,13:38:26,75.6,100,43000
20240130,13:40:01,76.1,50,43250
20240130,13:40:13,75.0,250,43250
20240130,13:40:46,74.4,50,43250
20240130,13:42:43,76.85,50,43050
20240130,13:42:44,76.8,50,43050
20240130,13:42:48,77.05,50,43050
20240130,13:42:51,76.9,50,43050
20240130,13:42:58,76.75,50,43050
20240130,13:43:00,76.75,150,43050
20240130,13:43:01,76.8,100,43050
20240130,13:43:05,76.65,50,43050
20240130,13:43:18,77.65,50,43050
20240130,13:43:21,77.0,100,43050
20240130,13:43:23,77.0,50,43050
