date,time,tick_price,volume,open_interest
20231228,09:15:12,42.25,1,9800
20231228,09:15:12,42.3,400,9800
20231228,09:15:24,40.0,4250,9800
20231228,09:15:34,42.1,650,9800
20231228,09:15:42,41.3,500,9800
20231228,09:15:51,41.45,250,9800
20231228,09:16:06,42.6,300,9800
20231228,09:16:16,43.05,100,9800
20231228,09:16:26,44.4,250,9800
20231228,09:16:34,44.1,200,9800
20231228,09:16:43,44.05,1100,9800
20231228,09:16:52,44.45,100,9800
20231228,09:17:00,44.8,100,9800
20231228,09:17:09,44.8,350,9800
20231228,09:17:17,45.1,1550,9800
20231228,09:17:25,45.05,150,9800
20231228,09:17:33,45.3,1000,9800
20231228,09:17:42,45.9,1800,9800
20231228,09:17:50,45.65,1050,9800
20231228,09:17:58,45.8,300,9800
20231228,09:18:06,45.95,2050,9800
20231228,09:18:14,46.0,300,9800
20231228,09:18:23,46.5,1600,9800
20231228,09:18:31,46.8,2350,9800
20231228,09:18:39,46.5,550,9800
20231228,09:18:47,47.1,2200,9800
20231228,09:18:56,46.8,50,9800
20231228,09:19:04,46.85,50,9800
20231228,09:19:12,47.4,2350,9800
20231228,09:19:21,47.05,2700,9800
20231228,09:19:29,46.75,1800,9800
20231228,09:19:38,47.15,300,9800
20231228,09:19:47,47.55,1050,9800
20231228,09:19:55,47.25,600,9800
20231228,09:20:03,47.5,1100,9800
20231228,09:20:12,47.6,400,9800
20231228,09:20:21,47.5,350,9800
20231228,09:20:30,47.95,150,9800
20231228,09:20:40,48.25,1100,9800
20231228,09:20:50,48.75,50,9800
20231228,09:20:59,49.0,900,9800
20231228,09:21:09,49.7,600,23450
20231228,09:21:19,49.75,950,23450
20231228,09:21:28,50.0,900,23450
20231228,09:21:38,50.35,1300,23450
20231228,09:21:47,50.45,250,23450
20231228,09:21:56,50.65,50,23450
20231228,09:22:07,51.6,250,23450
20231228,09:22:17,51.85,450,23450
20231228,09:22:29,52.25,1400,23450
20231228,09:22:49,52.1,50,23450
20231228,09:22:59,52.4,150,23450
20231228,09:23:08,52.4,2050,23450
20231228,09:23:19,52.1,4200,23450
20231228,09:23:31,51.95,50,23450
20231228,09:23:41,52.6,250,23450
20231228,09:23:50,52.45,250,23450
20231228,09:24:00,52.25,900,28800
20231228,09:24:09,52.3,350,28800
20231228,09:24:18,52.25,450,28800
20231228,09:24:27,52.4,650,28800
20231228,09:24:36,52.55,100,28800
20231228,09:24:45,52.65,200,28800
20231228,09:24:54,52.7,150,28800
20231228,09:25:03,52.8,250,28800
20231228,09:25:12,52.65,450,28800
20231228,09:25:21,52.75,150,28800
20231228,09:25:30,52.55,100,28800
20231228,09:25:39,52.55,250,28800
20231228,09:25:48,52.55,1100,28800
20231228,09:25:57,52.6,50,28800
20231228,09:26:06,52.3,700,28800
20231228,09:26:15,52.1,550,28800
20231228,09:26:24,52.1,850,28800
20231228,09:26:33,51.8,250,28800
20231228,09:26:42,51.8,450,28800
20231228,09:26:51,51.5,50,28800
20231228,09:27:00,51.45,600,33750
20231228,09:27:09,51.5,850,33750
20231228,09:27:18,51.6,200,33750
20231228,09:27:28,51.6,700,33750
20231228,09:27:37,51.5,750,33750
20231228,09:27:47,51.55,150,33750
20231228,09:27:56,51.55,450,33750
20231228,09:28:08,51.6,450,33750
20231228,09:28:19,51.2,1950,33750
20231228,09:28:28,51.0,350,33750
20231228,09:28:37,51.25,200,33750
20231228,09:28:55,51.3,50,33750
20231228,09:29:04,51.3,500,33750
20231228,09:29:13,50.9,1150,33750
20231228,09:29:23,51.05,250,33750
20231228,09:29:32,51.15,250,33750
20231228,09:29:41,50.7,350,33750
20231228,09:29:51,50.6,300,33750
20231228,09:30:00,50.45,2450,37350
20231228,09:30:09,50.6,1200,37350
20231228,09:30:18,50.95,350,37350
20231228,09:30:28,51.0,650,37350
20231228,09:30:38,51.2,150,37350
20231228,09:30:47,51.45,400,37350
20231228,09:30:57,51.3,250,37350
20231228,09:31:06,51.3,550,37350
20231228,09:31:15,51.3,100,37350
20231228,09:31:24,51.25,400,37350
20231228,09:31:33,51.0,450,37350
20231228,09:31:42,51.1,1250,37350
20231228,09:31:51,51.2,650,37350
20231228,09:32:00,50.95,500,37350
20231228,09:32:09,51.25,1000,37350
20231228,09:32:27,51.45,550,37350
20231228,09:32:36,51.3,500,37350
20231228,09:32:45,51.65,50,37350
20231228,09:32:54,51.45,500,37350
20231228,09:33:03,51.65,150,40950
20231228,09:33:12,51.7,350,40950
20231228,09:33:21,51.65,1150,40950
20231228,09:33:38,51.6,50,40950
20231228,09:33:47,51.7,250,40950
20231228,09:33:56,51.75,300,40950
20231228,09:34:05,51.9,800,40950
20231228,09:34:14,51.65,1000,40950
20231228,09:34:23,51.6,2200,40950
20231228,09:34:34,50.35,1600,40950
20231228,09:34:44,50.25,850,40950
20231228,09:34:54,50.6,550,40950
20231228,09:35:03,50.65,500,40950
20231228,09:35:13,50.75,150,40950
20231228,09:35:22,50.05,1950,40950
20231228,09:35:32,50.1,650,40950
20231228,09:35:41,50.2,200,40950
20231228,09:35:51,49.6,750,40950
20231228,09:36:00,49.5,1100,40950
20231228,09:36:10,48.7,600,45800
20231228,09:36:19,49.0,200,45800
20231228,09:36:37,48.5,100,45800
20231228,09:36:46,48.65,650,45800
20231228,09:36:55,48.65,650,45800
20231228,09:37:04,48.65,100,45800
20231228,09:37:14,48.5,1300,45800
20231228,09:37:23,48.35,50,45800
20231228,09:37:32,48.05,50,45800
20231228,09:37:41,47.85,900,45800
20231228,09:38:26,47.6,450,45800
20231228,09:38:35,47.85,300,45800
20231228,09:39:11,47.5,250,46800
20231228,09:39:20,48.3,300,46800
20231228,09:39:30,48.4,500,46800
20231228,09:39:39,49.0,100,46800
20231228,09:39:48,49.05,50,46800
20231228,09:39:58,48.85,50,46800
20231228,09:40:07,48.6,5000,46800
20231228,09:40:34,48.65,1800,46800
20231228,09:40:43,48.95,3650,46800
20231228,09:40:52,49.0,250,46800
20231228,09:41:01,49.0,1050,46800
20231228,09:41:10,49.1,200,46800
20231228,09:41:28,48.85,150,46800
20231228,09:41:37,48.85,100,46800
20231228,09:42:04,49.0,2050,54200
20231228,09:42:13,48.95,200,54200
20231228,09:42:21,49.0,50,54200
20231228,09:42:31,49.2,400,54200
20231228,09:42:39,49.0,50,54200
20231228,09:42:48,49.85,1050,54200
20231228,09:42:58,50.0,1050,54200
20231228,09:43:08,50.0,900,54200
20231228,09:43:20,50.0,500,54200
20231228,09:43:40,50.25,750,54200
20231228,09:43:50,50.6,1300,54200
20231228,09:43:59,50.55,650,54200
20231228,09:44:09,50.65,400,54200
20231228,09:44:18,50.5,100,54200
20231228,09:44:27,50.55,650,54200
20231228,09:44:45,50.5,1000,54200
20231228,09:44:54,50.65,550,54200
20231228,09:45:03,50.8,150,54200
20231228,09:45:13,50.75,100,58050
20231228,09:45:22,50.85,1600,58050
20231228,09:45:31,51.1,1550,58050
20231228,09:45:40,51.0,250,58050
20231228,09:45:49,51.45,350,58050
20231228,09:45:59,51.6,100,58050
20231228,09:46:07,51.5,1650,58050
20231228,09:46:16,51.25,650,58050
20231228,09:46:25,51.0,250,58050
20231228,09:46:34,50.75,500,58050
20231228,09:46:43,51.0,2150,58050
20231228,09:47:02,50.5,300,58050
20231228,09:47:10,50.95,1850,58050
20231228,09:47:20,50.5,400,58050
20231228,09:47:39,51.0,10000,58050
20231228,09:47:50,52.0,8450,58050
20231228,09:48:02,51.85,3400,58050
20231228,09:48:13,52.0,1100,84350
20231228,09:48:23,52.35,50,84350
20231228,09:48:32,52.25,50,84350
20231228,09:48:41,52.6,4000,84350
20231228,09:48:51,52.45,1700,84350
20231228,09:49:00,52.45,500,84350
20231228,09:49:09,52.1,500,84350
20231228,09:49:19,52.45,250,84350
20231228,09:49:28,52.55,350,84350
20231228,09:49:37,52.3,1300,84350
20231228,09:49:46,52.4,150,84350
20231228,09:49:56,52.25,150,84350
20231228,09:50:05,52.35,450,84350
20231228,09:50:14,52.3,100,84350
20231228,09:50:24,52.45,1100,84350
20231228,09:50:33,52.45,500,84350
20231228,09:50:42,52.75,600,84350
20231228,09:50:51,52.7,150,84350
20231228,09:51:01,52.9,2150,90300
20231228,09:51:10,53.05,1500,90300
20231228,09:51:20,53.1,400,90300
20231228,09:51:30,52.8,950,90300
20231228,09:51:39,52.9,300,90300
20231228,09:51:48,52.6,1850,90300
20231228,09:51:58,52.35,850,90300
20231228,09:52:07,52.5,250,90300
20231228,09:52:16,52.4,200,90300
20231228,09:52:26,52.45,3350,90300
20231228,09:52:35,52.7,250,90300
20231228,09:52:44,52.5,1800,90300
20231228,09:52:54,52.9,450,90300
20231228,09:53:03,52.9,350,90300
20231228,09:53:12,52.7,50,90300
20231228,09:53:22,52.8,1050,90300
20231228,09:53:31,52.5,300,90300
20231228,09:53:40,52.5,1800,90300
20231228,09:53:50,52.9,200,90300
20231228,09:53:59,52.75,50,90300
20231228,09:54:09,52.5,2700,97400
20231228,09:54:27,52.9,1300,97400
20231228,09:54:36,53.0,1950,97400
20231228,09:55:11,52.55,600,97400
20231228,09:55:20,52.5,150,97400
20231228,09:55:29,52.55,50,97400
20231228,09:55:38,52.6,1850,97400
20231228,09:55:48,51.25,1800,97400
20231228,09:55:59,50.6,1450,97400
20231228,09:56:10,50.65,2350,97400
20231228,09:56:20,51.0,2600,97400
20231228,09:56:29,50.9,15900,97400
20231228,09:56:39,50.85,5500,97400
20231228,09:56:48,50.85,450,97400
20231228,09:56:58,50.85,50,97400
20231228,09:57:07,50.3,200,91800
20231228,09:57:34,50.15,500,91800
20231228,09:57:43,49.85,1200,91800
20231228,09:57:52,49.75,1750,91800
20231228,09:58:01,49.8,400,91800
20231228,09:58:10,49.9,200,91800
20231228,09:58:19,50.05,100,91800
20231228,09:58:28,49.95,100,91800
20231228,09:58:37,50.3,2100,91800
20231228,09:58:46,49.95,150,91800
20231228,09:58:54,49.9,2950,91800
20231228,09:59:03,50.0,200,91800
20231228,09:59:11,50.2,600,91800
20231228,09:59:20,49.25,2150,91800
20231228,09:59:29,49.8,200,91800
20231228,09:59:38,49.7,800,91800
20231228,09:59:47,49.7,250,91800
20231228,10:00:05,49.8,6400,102800
20231228,10:00:24,49.6,200,102800
20231228,10:00:33,49.6,100,102800
20231228,10:00:42,49.4,50,102800
20231228,10:00:51,49.7,3500,102800
20231228,10:01:00,49.85,2200,102800
20231228,10:01:09,49.8,50,102800
20231228,10:01:18,49.9,1650,102800
20231228,10:01:36,50.0,4750,102800
20231228,10:01:45,50.25,6050,102800
20231228,10:01:54,50.1,600,102800
20231228,10:02:02,49.95,2250,102800
20231228,10:02:11,49.85,300,102800
20231228,10:02:21,49.6,100,102800
20231228,10:02:29,49.75,850,102800
20231228,10:02:38,49.4,1500,102800
20231228,10:02:47,49.25,500,102800
20231228,10:02:55,49.3,50,102800
20231228,10:03:04,48.85,450,102800
20231228,10:03:23,47.4,600,123900
20231228,10:03:35,47.0,3200,123900
20231228,10:03:46,46.95,2700,123900
20231228,10:03:57,47.25,650,123900
20231228,10:04:07,47.25,300,123900
20231228,10:04:16,47.1,550,123900
20231228,10:04:26,47.05,150,123900
20231228,10:04:35,47.0,550,123900
20231228,10:04:45,47.0,1300,123900
20231228,10:04:55,47.2,5150,123900
20231228,10:05:05,46.9,850,123900
20231228,10:05:15,47.35,650,123900
20231228,10:05:25,47.4,850,123900
20231228,10:05:35,48.65,250,123900
20231228,10:05:44,49.45,950,123900
20231228,10:05:53,49.8,500,123900
20231228,10:06:03,49.6,1850,123900
20231228,10:06:12,50.0,3900,130250
20231228,10:06:22,49.65,100,130250
20231228,10:06:41,49.65,150,130250
20231228,10:06:52,48.95,650,130250
20231228,10:07:02,47.95,550,130250
20231228,10:07:13,48.0,4200,130250
20231228,10:07:23,46.95,450,130250
20231228,10:07:34,46.0,4950,130250
20231228,10:07:44,45.3,2850,130250
20231228,10:07:54,45.7,500,130250
20231228,10:08:04,45.85,3800,130250
20231228,10:08:15,46.25,1050,130250
20231228,10:08:26,46.6,150,130250
20231228,10:08:36,46.6,200,130250
20231228,10:08:46,46.35,50,130250
20231228,10:08:55,46.5,300,130250
20231228,10:09:05,46.65,800,130250
20231228,10:09:14,46.7,300,140500
20231228,10:09:33,47.0,1900,140500
20231228,10:09:42,46.9,350,140500
20231228,10:09:52,47.15,750,140500
20231228,10:10:01,47.75,3000,140500
20231228,10:10:11,47.15,1350,140500
20231228,10:10:21,48.0,1400,140500
20231228,10:10:33,48.35,3200,140500
20231228,10:10:44,48.05,750,140500
20231228,10:10:54,48.3,1500,140500
20231228,10:11:04,48.1,850,140500
20231228,10:11:14,47.1,1200,140500
20231228,10:11:25,46.9,750,140500
20231228,10:11:35,46.6,700,140500
20231228,10:11:45,46.95,200,140500
20231228,10:11:54,46.6,500,140500
20231228,10:12:04,46.5,900,140500
20231228,10:12:14,46.45,50,149950
20231228,10:12:23,46.8,450,149950
20231228,10:12:33,46.7,100,149950
20231228,10:12:42,46.7,300,149950
20231228,10:12:51,46.75,800,149950
20231228,10:13:01,46.4,250,149950
20231228,10:13:10,46.5,50,149950
20231228,10:13:19,46.25,250,149950
20231228,10:13:37,46.5,750,149950
20231228,10:13:46,46.4,550,149950
20231228,10:13:55,46.35,50,149950
20231228,10:14:05,46.35,1650,149950
20231228,10:14:14,46.8,100,149950
20231228,10:14:33,47.0,50,149950
20231228,10:14:42,47.0,50,149950
20231228,10:14:51,47.15,50,149950
20231228,10:15:01,47.3,1850,149950
20231228,10:15:10,47.0,600,151600
20231228,10:15:28,46.6,50,151600
20231228,10:15:38,46.75,1150,151600
20231228,10:15:56,46.8,200,151600
20231228,10:16:05,47.2,200,151600
20231228,10:16:15,47.7,150,151600
20231228,10:16:44,47.8,1300,151600
20231228,10:17:02,47.15,300,151600
20231228,10:17:30,47.95,350,151600
20231228,10:17:49,48.0,50,151600
20231228,10:17:59,48.05,900,151600
20231228,10:18:09,49.0,1300,153950
20231228,10:18:19,48.95,150,153950
20231228,10:18:28,48.45,400,153950
20231228,10:18:47,48.65,50,153950
20231228,10:18:56,48.65,150,153950
20231228,10:19:14,48.5,50,153950
20231228,10:19:23,48.4,2500,153950
20231228,10:19:33,48.35,650,153950
20231228,10:19:42,48.25,350,153950
20231228,10:19:59,48.1,300,153950
20231228,10:20:08,48.5,100,153950
20231228,10:20:18,48.2,400,153950
20231228,10:20:27,49.0,1500,153950
20231228,10:20:37,48.3,100,153950
20231228,10:20:46,48.0,200,153950
20231228,10:20:55,48.15,50,153950
20231228,10:21:05,47.8,400,153950
20231228,10:21:15,47.6,200,156550
20231228,10:21:52,47.05,850,156550
20231228,10:22:01,47.2,350,156550
20231228,10:22:11,46.8,650,156550
20231228,10:22:29,46.8,350,156550
20231228,10:22:38,46.5,50,156550
20231228,10:22:47,46.4,350,156550
20231228,10:22:56,46.2,200,156550
20231228,10:23:06,46.75,350,156550
20231228,10:23:15,46.75,350,156550
20231228,10:23:24,47.35,150,156550
20231228,10:23:34,46.9,100,156550
20231228,10:23:43,47.5,450,156550
20231228,10:23:53,47.75,200,156550
20231228,10:24:02,47.55,550,156550
20231228,10:24:11,47.8,600,156550
20231228,10:24:21,47.25,250,157900
20231228,10:24:30,47.5,250,157900
20231228,10:24:48,47.8,550,157900
20231228,10:24:57,47.85,50,157900
20231228,10:25:06,47.85,300,157900
20231228,10:25:15,47.85,50,157900
20231228,10:25:25,48.3,250,157900
20231228,10:25:35,47.9,500,157900
20231228,10:25:54,46.8,1050,157900
20231228,10:26:04,46.75,200,157900
20231228,10:26:13,47.35,500,157900
20231228,10:26:23,47.2,1200,157900
20231228,10:26:32,46.75,200,157900
20231228,10:26:41,46.5,700,157900
20231228,10:27:00,46.35,300,157900
20231228,10:27:09,46.75,250,161400
20231228,10:27:19,46.9,100,161400
20231228,10:27:28,46.75,50,161400
20231228,10:27:37,47.25,300,161400
20231228,10:28:05,47.0,650,161400
20231228,10:28:14,47.15,300,161400
20231228,10:28:23,47.15,300,161400
20231228,10:28:32,47.0,100,161400
20231228,10:28:51,47.55,100,161400
20231228,10:29:00,47.35,200,161400
20231228,10:29:10,47.3,350,161400
20231228,10:29:19,47.25,300,161400
20231228,10:29:28,47.2,200,161400
20231228,10:29:38,47.3,100,161400
20231228,10:29:47,47.75,150,161400
20231228,10:29:57,47.8,700,161400
20231228,10:30:07,48.05,150,161400
20231228,10:30:27,48.25,500,163850
20231228,10:30:46,48.75,200,163850
20231228,10:30:56,48.25,500,163850
20231228,10:31:05,48.6,150,163850
20231228,10:31:15,48.35,50,163850
20231228,10:31:24,48.2,50,163850
20231228,10:31:33,47.85,100,163850
20231228,10:32:01,47.55,1100,163850
20231228,10:32:10,47.85,400,163850
20231228,10:32:20,47.7,450,163850
20231228,10:32:29,47.75,300,163850
20231228,10:32:37,48.0,100,163850
20231228,10:32:57,46.8,550,163850
20231228,10:33:06,47.3,550,163850
20231228,10:33:16,47.55,300,164950
20231228,10:33:25,47.25,50,164950
20231228,10:34:10,47.45,300,164950
20231228,10:34:19,47.5,750,164950
20231228,10:34:46,47.5,1050,164950
20231228,10:35:03,48.0,1900,164950
20231228,10:35:21,47.25,500,164950
20231228,10:35:29,47.3,1300,164950
20231228,10:35:37,47.25,1600,164950
20231228,10:35:46,47.2,50,164950
20231228,10:36:03,47.1,150,164950
20231228,10:36:20,47.15,1500,168900
20231228,10:36:29,46.75,850,168900
20231228,10:36:38,46.2,800,168900
20231228,10:36:47,46.4,50,168900
20231228,10:36:56,47.1,100,168900
20231228,10:37:05,46.65,300,168900
20231228,10:37:14,46.8,200,168900
20231228,10:37:22,46.4,100,168900
20231228,10:37:31,46.5,50,168900
20231228,10:37:40,46.9,350,168900
20231228,10:37:58,46.95,50,168900
20231228,10:38:07,46.75,100,168900
20231228,10:38:16,46.7,50,168900
20231228,10:38:25,46.5,50,168900
20231228,10:38:34,46.2,250,168900
20231228,10:38:43,46.2,50,168900
20231228,10:39:00,46.3,150,168900
20231228,10:39:09,46.4,950,168900
20231228,10:39:18,46.0,50,172700
20231228,10:39:35,45.95,11150,172700
20231228,10:39:52,45.65,50,172700
20231228,10:40:01,45.5,3450,172700
20231228,10:40:10,45.6,200,172700
20231228,10:40:18,45.4,12550,172700
20231228,10:40:27,45.25,700,172700
20231228,10:40:37,44.7,1600,172700
20231228,10:40:46,44.8,50,172700
20231228,10:40:56,44.8,300,172700
20231228,10:41:14,45.0,50,172700
20231228,10:41:24,45.25,8100,172700
20231228,10:41:33,45.0,50,172700
20231228,10:41:42,45.0,450,172700
20231228,10:41:51,45.2,2300,172700
20231228,10:42:00,44.95,50,172700
20231228,10:42:18,45.15,50,192150
20231228,10:42:27,45.05,100,192150
20231228,10:42:36,45.2,150,192150
20231228,10:42:45,45.3,1200,192150
20231228,10:42:55,45.15,400,192150
20231228,10:43:04,45.15,2250,192150
20231228,10:43:14,45.1,200,192150
20231228,10:43:23,45.4,700,192150
20231228,10:43:41,45.1,250,192150
20231228,10:43:50,44.85,100,192150
20231228,10:43:59,44.9,100,192150
20231228,10:44:08,45.0,1100,192150
20231228,10:44:17,44.85,100,192150
20231228,10:44:43,44.85,200,192150
20231228,10:44:52,45.2,50,192150
20231228,10:45:01,45.2,300,192150
20231228,10:45:09,45.2,200,192150
20231228,10:45:27,45.3,200,192250
20231228,10:45:35,45.15,350,192250
20231228,10:45:44,45.45,200,192250
20231228,10:45:53,45.8,1400,192250
20231228,10:46:02,45.6,100,192250
20231228,10:46:11,45.5,100,192250
20231228,10:46:19,45.45,1350,192250
20231228,10:46:28,45.7,100,192250
20231228,10:46:37,45.5,100,192250
20231228,10:46:56,45.5,200,192250
20231228,10:47:14,45.5,350,192250
20231228,10:47:23,45.6,400,192250
20231228,10:47:31,45.6,100,192250
20231228,10:47:41,45.55,150,192250
20231228,10:48:08,45.55,300,192250
20231228,10:48:17,45.5,50,194000
20231228,10:48:27,45.2,1800,194000
20231228,10:48:36,45.65,550,194000
20231228,10:48:54,45.45,50,194000
20231228,10:49:03,45.0,2250,194000
20231228,10:49:11,45.0,100,194000
20231228,10:49:20,45.1,3150,194000
20231228,10:49:29,45.4,1050,194000
20231228,10:49:38,45.1,150,194000
20231228,10:49:46,45.0,100,194000
20231228,10:50:04,45.25,500,194000
20231228,10:50:13,45.3,450,194000
20231228,10:50:23,45.2,1100,194000
20231228,10:50:32,45.1,500,194000
20231228,10:50:41,45.05,250,194000
20231228,10:50:50,45.2,550,194000
20231228,10:50:59,45.2,50,194000
20231228,10:51:08,44.75,500,194000
20231228,10:51:18,45.0,1850,194000
20231228,10:51:26,45.0,250,198900
20231228,10:51:35,45.0,1700,198900
20231228,10:51:44,44.95,2050,198900
20231228,10:51:53,45.0,450,198900
20231228,10:52:02,45.0,1900,198900
20231228,10:52:11,45.1,2300,198900
20231228,10:52:20,44.95,1000,198900
20231228,10:52:28,45.2,1800,198900
20231228,10:52:37,44.95,2700,198900
20231228,10:52:55,44.6,300,198900
20231228,10:53:23,44.05,50,198900
20231228,10:53:31,44.1,100,198900
20231228,10:53:40,44.55,300,198900
20231228,10:53:48,44.3,550,198900
20231228,10:53:57,44.45,100,198900
20231228,10:54:15,44.2,1150,194100
20231228,10:54:24,44.15,550,194100
20231228,10:54:34,43.9,650,194100
20231228,10:54:43,44.0,450,194100
20231228,10:54:52,44.1,100,194100
20231228,10:55:01,43.9,100,194100
20231228,10:55:10,44.0,50,194100
20231228,10:55:19,44.1,200,194100
20231228,10:55:29,44.2,1100,194100
20231228,10:55:38,44.1,150,194100
20231228,10:55:56,44.15,100,194100
20231228,10:56:05,44.4,1900,194100
20231228,10:56:14,44.3,500,194100
20231228,10:56:23,44.15,150,194100
20231228,10:56:41,44.15,550,194100
20231228,10:56:50,44.2,100,194100
20231228,10:56:59,44.85,300,194100
20231228,10:57:08,44.75,100,194100
20231228,10:57:52,44.95,1200,196950
20231228,10:58:01,44.5,300,196950
20231228,10:58:11,44.15,100,196950
20231228,10:58:20,44.4,250,196950
20231228,10:58:31,43.55,200,196950
20231228,10:58:50,44.0,50,196950
20231228,10:58:59,44.25,50,196950
20231228,10:59:09,44.3,150,196950
20231228,10:59:18,44.5,50,196950
20231228,10:59:27,44.4,150,196950
20231228,10:59:37,44.2,650,196950
20231228,10:59:46,44.0,1200,196950
20231228,10:59:56,44.0,200,196950
20231228,11:00:14,43.5,1400,198900
20231228,11:00:23,43.6,1600,198900
20231228,11:00:33,43.55,1300,198900
20231228,11:00:42,43.5,300,198900
20231228,11:00:51,43.5,650,198900
20231228,11:01:00,43.75,50,198900
20231228,11:01:46,43.8,250,198900
20231228,11:01:55,44.2,50,198900
20231228,11:02:04,44.15,50,198900
20231228,11:02:13,44.25,100,198900
20231228,11:02:31,44.3,750,198900
20231228,11:02:59,43.85,800,198900
20231228,11:03:08,43.85,250,198900
20231228,11:03:17,44.0,50,198900
20231228,11:03:27,44.0,50,199650
20231228,11:03:36,43.65,50,199650
20231228,11:03:54,43.9,200,199650
20231228,11:04:03,43.95,100,199650
20231228,11:04:49,44.0,350,199650
20231228,11:05:07,43.9,400,199650
20231228,11:05:25,44.0,50,199650
20231228,11:05:43,44.0,350,199650
20231228,11:06:01,44.0,50,199650
20231228,11:06:10,44.1,300,199650
20231228,11:06:20,44.0,450,200550
20231228,11:06:29,44.0,250,200550
20231228,11:06:47,44.1,350,200550
20231228,11:06:56,44.1,700,200550
20231228,11:07:14,43.7,100,200550
20231228,11:07:23,44.0,650,200550
20231228,11:07:33,44.05,600,200550
20231228,11:07:42,44.2,500,200550
20231228,11:07:51,44.25,100,200550
20231228,11:08:02,44.75,1650,200550
20231228,11:08:12,44.8,2350,200550
20231228,11:08:22,44.35,250,200550
20231228,11:08:31,44.85,50,200550
20231228,11:08:42,45.1,2750,200550
20231228,11:08:53,44.85,500,200550
20231228,11:09:03,46.1,400,200550
20231228,11:09:15,46.15,1400,200550
20231228,11:09:25,45.15,2750,203100
20231228,11:09:35,45.4,600,203100
20231228,11:09:45,45.0,700,203100
20231228,11:10:05,45.45,1350,203100
20231228,11:10:15,45.95,600,203100
20231228,11:10:25,45.8,400,203100
20231228,11:10:34,45.8,50,203100
20231228,11:10:44,46.0,200,203100
20231228,11:11:03,46.5,350,203100
20231228,11:11:21,46.5,50,203100
20231228,11:11:30,46.3,400,203100
20231228,11:11:39,46.35,600,203100
20231228,11:11:58,46.55,150,203100
20231228,11:12:07,46.75,400,203100
20231228,11:12:17,46.35,1200,205200
20231228,11:12:26,46.4,50,205200
20231228,11:12:36,46.8,150,205200
20231228,11:12:45,46.35,2800,205200
20231228,11:12:54,46.5,550,205200
20231228,11:13:03,46.2,1700,205200
20231228,11:13:12,46.25,300,205200
20231228,11:13:31,46.35,150,205200
20231228,11:13:40,46.5,200,205200
20231228,11:13:49,46.5,50,205200
20231228,11:13:58,46.7,450,205200
20231228,11:14:08,46.7,1350,205200
20231228,11:14:17,46.3,550,205200
20231228,11:14:27,46.3,400,205200
20231228,11:14:37,46.3,50,205200
20231228,11:14:46,46.05,50,205200
20231228,11:14:55,46.0,2050,205200
20231228,11:15:05,45.65,50,205200
20231228,11:15:15,45.7,850,205200
20231228,11:15:25,46.0,50,212400
20231228,11:15:35,45.4,300,212400
20231228,11:15:45,45.05,500,212400
20231228,11:15:55,45.45,50,212400
20231228,11:16:14,45.45,400,212400
20231228,11:16:24,45.3,2250,212400
20231228,11:16:33,45.5,50,212400
20231228,11:16:53,45.5,800,212400
20231228,11:17:12,45.45,150,212400
20231228,11:17:21,45.0,850,212400
20231228,11:17:30,45.5,400,212400
20231228,11:17:39,45.0,1600,212400
20231228,11:17:48,45.15,350,212400
20231228,11:17:58,45.0,200,212400
20231228,11:18:07,44.6,50,212400
20231228,11:18:16,44.85,200,212400
20231228,11:18:26,45.05,150,214700
20231228,11:18:35,45.55,350,214700
20231228,11:18:44,45.4,600,214700
20231228,11:18:53,45.45,250,214700
20231228,11:19:02,46.0,2650,214700
20231228,11:19:11,45.5,150,214700
20231228,11:19:29,45.8,300,214700
20231228,11:19:38,45.5,100,214700
20231228,11:20:06,45.75,50,214700
20231228,11:20:24,45.55,500,214700
20231228,11:20:32,45.4,900,214700
20231228,11:20:50,45.45,100,214700
20231228,11:20:59,45.4,650,214700
20231228,11:21:08,45.5,1750,214700
20231228,11:21:17,45.8,1050,218000
20231228,11:21:26,45.7,50,218000
20231228,11:21:36,45.4,300,218000
20231228,11:21:45,45.55,100,218000
20231228,11:21:55,45.6,200,218000
20231228,11:22:04,45.7,450,218000
20231228,11:22:14,45.7,450,218000
20231228,11:22:23,45.8,500,218000
20231228,11:22:31,45.65,350,218000
20231228,11:22:40,45.45,1650,218000
20231228,11:22:50,45.3,50,218000
20231228,11:22:58,45.7,650,218000
20231228,11:23:07,45.5,250,218000
20231228,11:23:16,45.55,200,218000
20231228,11:23:25,45.35,400,218000
20231228,11:23:34,45.05,300,218000
20231228,11:23:44,45.2,350,218000
20231228,11:23:54,45.75,500,218000
20231228,11:24:04,45.45,150,218000
20231228,11:24:13,45.3,150,218000
20231228,11:24:22,45.8,950,222100
20231228,11:24:32,45.7,2700,222100
20231228,11:24:41,45.55,50,222100
20231228,11:24:50,45.4,250,222100
20231228,11:24:59,45.4,200,222100
20231228,11:25:09,45.35,250,222100
20231228,11:25:18,45.45,650,222100
20231228,11:25:27,45.4,100,222100
20231228,11:25:36,45.4,850,222100
20231228,11:25:44,45.5,550,222100
20231228,11:26:02,45.7,750,222100
20231228,11:26:11,45.7,250,222100
20231228,11:26:21,45.8,400,222100
20231228,11:26:30,45.75,50,222100
20231228,11:26:40,45.85,50,222100
20231228,11:26:49,45.65,50,222100
20231228,11:26:58,45.85,200,222100
20231228,11:27:07,45.7,200,222100
20231228,11:27:16,45.65,50,222100
20231228,11:27:35,46.0,850,226800
20231228,11:27:43,45.85,1250,226800
20231228,11:27:52,45.7,400,226800
20231228,11:28:01,45.6,350,226800
20231228,11:28:29,45.65,750,226800
20231228,11:28:38,45.55,50,226800
20231228,11:28:57,45.2,50,226800
20231228,11:29:06,45.25,150,226800
20231228,11:29:23,45.4,150,226800
20231228,11:29:33,45.65,400,226800
20231228,11:29:52,45.4,50,226800
20231228,11:30:11,45.65,100,226800
20231228,11:30:20,45.4,50,226800
20231228,11:30:29,45.0,1050,229500
20231228,11:30:39,45.0,250,229500
20231228,11:30:48,45.55,100,229500
20231228,11:30:58,45.65,150,229500
20231228,11:31:07,45.8,650,229500
20231228,11:31:17,46.0,1000,229500
20231228,11:31:26,45.85,800,229500
20231228,11:31:36,45.7,100,229500
20231228,11:31:45,45.9,2750,229500
20231228,11:31:54,45.9,150,229500
20231228,11:32:11,46.3,2550,229500
20231228,11:32:46,46.05,500,229500
20231228,11:32:55,45.9,1350,229500
20231228,11:33:05,45.9,250,229500
20231228,11:33:14,45.75,50,229500
20231228,11:33:32,45.75,250,234350
20231228,11:33:41,45.85,250,234350
20231228,11:33:50,46.1,450,234350
20231228,11:33:59,46.0,150,234350
20231228,11:34:08,45.95,50,234350
20231228,11:34:17,45.6,50,234350
20231228,11:34:25,45.75,1200,234350
20231228,11:34:34,45.45,300,234350
20231228,11:34:44,45.7,750,234350
20231228,11:34:53,45.2,1500,234350
20231228,11:35:02,45.4,300,234350
20231228,11:35:23,45.4,250,234350
20231228,11:35:33,45.6,300,234350
20231228,11:35:41,45.6,200,234350
20231228,11:35:58,45.75,150,234350
20231228,11:36:08,45.65,350,234350
20231228,11:36:19,45.8,650,234350
20231228,11:36:30,45.7,100,234650
20231228,11:36:39,45.5,150,234650
20231228,11:36:58,45.15,3100,234650
20231228,11:37:07,45.85,2500,234650
20231228,11:37:16,45.95,50,234650
20231228,11:37:25,45.65,100,234650
20231228,11:37:34,45.65,50,234650
20231228,11:37:43,45.75,400,234650
20231228,11:37:51,45.65,50,234650
20231228,11:38:00,45.5,1150,234650
20231228,11:38:44,45.7,50,234650
20231228,11:39:00,45.5,100,234650
20231228,11:39:09,45.5,50,234650
20231228,11:39:27,45.0,750,239850
20231228,11:39:44,45.0,550,239850
20231228,11:40:01,45.1,650,239850
20231228,11:40:10,45.0,200,239850
20231228,11:40:19,44.95,100,239850
20231228,11:40:27,44.75,500,239850
20231228,11:40:36,45.15,200,239850
20231228,11:40:45,45.0,250,239850
20231228,11:40:53,45.25,200,239850
20231228,11:41:02,45.1,50,239850
20231228,11:41:11,45.35,300,239850
20231228,11:41:20,45.25,100,239850
20231228,11:41:29,45.3,250,239850
20231228,11:41:38,45.5,450,239850
20231228,11:41:47,45.5,50,239850
20231228,11:41:56,45.45,50,239850
20231228,11:42:05,45.45,100,239850
20231228,11:42:14,45.5,50,239850
20231228,11:42:22,45.45,50,241700
20231228,11:42:31,45.45,50,241700
20231228,11:42:47,45.3,200,241700
20231228,11:42:56,45.15,100,241700
20231228,11:43:04,44.95,100,241700
20231228,11:43:29,44.95,350,241700
20231228,11:43:38,45.0,1000,241700
20231228,11:43:47,45.15,50,241700
20231228,11:43:56,44.95,50,241700
20231228,11:44:04,44.7,100,241700
20231228,11:44:13,45.05,300,241700
20231228,11:44:30,45.35,2200,241700
20231228,11:44:39,45.4,100,241700
20231228,11:44:55,45.3,1800,241700
20231228,11:45:04,45.2,100,241700
20231228,11:45:12,45.3,50,241700
20231228,11:45:20,45.4,400,241700
20231228,11:45:29,45.4,300,244900
20231228,11:45:38,45.5,500,244900
20231228,11:45:46,45.45,550,244900
20231228,11:46:03,45.45,50,244900
20231228,11:46:13,45.65,300,244900
20231228,11:46:21,45.65,550,244900
20231228,11:46:30,45.8,200,244900
20231228,11:46:39,45.75,250,244900
20231228,11:46:47,45.65,50,244900
20231228,11:46:56,45.75,250,244900
20231228,11:47:04,45.4,2150,244900
20231228,11:47:12,45.2,50,244900
20231228,11:47:20,45.15,2050,244900
20231228,11:47:28,45.25,1900,244900
20231228,11:47:45,44.8,100,244900
20231228,11:47:54,44.85,300,244900
20231228,11:48:02,44.75,100,244900
20231228,11:48:10,44.5,100,244900
20231228,11:48:34,44.55,200,248700
20231228,11:48:42,44.5,300,248700
20231228,11:48:51,44.85,3750,248700
20231228,11:49:23,44.75,650,248700
20231228,11:50:04,44.6,450,248700
20231228,11:50:12,44.65,50,248700
20231228,11:50:21,44.85,400,248700
20231228,11:50:45,45.35,100,248700
20231228,11:50:54,45.35,150,248700
20231228,11:51:02,45.4,150,248700
20231228,11:51:11,45.2,350,248700
20231228,11:51:19,45.15,50,248700
20231228,11:51:28,45.0,250,249250
20231228,11:51:36,45.25,100,249250
20231228,11:51:44,45.3,50,249250
20231228,11:51:52,45.05,50,249250
20231228,11:52:08,45.3,50,249250
20231228,11:52:16,45.0,100,249250
20231228,11:52:25,45.0,100,249250
20231228,11:52:34,45.0,100,249250
20231228,11:52:51,44.9,550,249250
20231228,11:53:09,44.5,1700,249250
20231228,11:53:17,45.4,3750,249250
20231228,11:53:25,44.75,1550,249250
20231228,11:53:42,44.8,400,249250
20231228,11:53:58,44.85,1650,249250
20231228,11:54:06,45.0,200,249250
20231228,11:54:14,44.95,100,249250
20231228,11:54:22,45.0,1050,255900
20231228,11:54:39,44.9,50,255900
20231228,11:54:47,45.1,100,255900
20231228,11:54:56,45.35,350,255900
20231228,11:55:04,45.5,1350,255900
20231228,11:55:12,45.25,300,255900
20231228,11:55:28,45.25,150,255900
20231228,11:55:44,45.0,50,255900
20231228,11:55:54,44.8,200,255900
20231228,11:56:11,45.15,250,255900
20231228,11:56:20,45.05,50,255900
20231228,11:56:46,45.15,150,255900
20231228,11:57:03,45.25,150,255900
20231228,11:57:51,45.7,100,258650
20231228,11:58:00,45.75,50,258650
20231228,11:58:41,45.6,200,258650
20231228,11:58:50,45.4,300,258650
20231228,11:59:05,45.4,50,258650
20231228,11:59:30,45.5,50,258650
20231228,11:59:46,45.75,1250,258650
20231228,11:59:54,45.75,4150,258650
20231228,12:00:02,45.95,500,258650
20231228,12:00:10,45.8,300,258650
20231228,12:00:19,45.5,300,258650
20231228,12:00:28,45.75,150,262800
20231228,12:00:36,45.4,100,262800
20231228,12:01:01,45.25,600,262800
20231228,12:01:27,45.3,100,262800
20231228,12:01:35,45.6,50,262800
20231228,12:01:51,45.6,100,262800
20231228,12:01:59,45.7,150,262800
20231228,12:02:07,45.7,100,262800
20231228,12:02:23,46.0,250,262800
20231228,12:02:33,46.35,100,262800
20231228,12:02:42,46.45,150,262800
20231228,12:02:59,46.4,150,262800
20231228,12:03:08,46.0,100,262800
20231228,12:03:16,45.75,100,262800
20231228,12:03:50,45.85,100,262900
20231228,12:04:07,46.2,50,262900
20231228,12:04:16,46.2,50,262900
20231228,12:04:49,46.2,50,262900
20231228,12:05:06,46.35,50,262900
20231228,12:05:15,46.4,250,262900
20231228,12:05:33,46.25,50,262900
20231228,12:05:41,46.45,950,262900
20231228,12:06:15,46.45,100,262900
20231228,12:06:23,46.7,500,262900
20231228,12:06:31,46.65,50,263950
20231228,12:07:13,46.55,300,263950
20231228,12:07:22,46.4,800,263950
20231228,12:07:30,46.45,500,263950
20231228,12:07:38,46.7,300,263950
20231228,12:07:46,46.35,250,263950
20231228,12:07:55,46.2,300,263950
20231228,12:08:20,46.5,50,263950
20231228,12:08:28,46.3,2500,263950
20231228,12:08:45,46.25,200,263950
20231228,12:09:10,46.3,100,263950
20231228,12:09:27,46.6,550,264300
20231228,12:09:36,46.45,200,264300
20231228,12:09:52,46.4,750,264300
20231228,12:10:09,46.25,200,264300
20231228,12:10:16,46.25,50,264300
20231228,12:10:24,46.15,150,264300
20231228,12:10:40,46.2,100,264300
20231228,12:10:48,46.2,400,264300
20231228,12:11:13,46.0,150,264300
20231228,12:11:21,46.2,700,264300
20231228,12:11:30,46.35,50,264300
20231228,12:11:38,46.4,50,264300
20231228,12:11:56,46.4,350,264300
20231228,12:12:05,46.05,250,264300
20231228,12:12:13,46.35,900,264300
20231228,12:12:21,46.1,400,264300
20231228,12:12:47,46.1,1500,266700
20231228,12:12:55,46.0,50,266700
20231228,12:13:03,46.1,100,266700
20231228,12:13:12,46.1,100,266700
20231228,12:13:20,46.15,150,266700
20231228,12:13:29,46.2,100,266700
20231228,12:13:37,46.2,250,266700
20231228,12:13:44,46.15,900,266700
20231228,12:13:53,45.8,200,266700
20231228,12:14:02,45.35,50,266700
20231228,12:14:11,45.85,200,266700
20231228,12:14:43,46.55,1350,266700
20231228,12:14:51,46.15,2750,266700
20231228,12:14:59,46.35,1300,266700
20231228,12:15:08,46.6,650,266700
20231228,12:15:16,46.45,200,266700
20231228,12:15:41,46.35,50,272150
20231228,12:15:49,46.4,50,272150
20231228,12:15:57,46.65,750,272150
20231228,12:16:05,46.5,50,272150
20231228,12:16:13,46.45,50,272150
20231228,12:16:29,46.2,900,272150
20231228,12:16:38,46.4,50,272150
20231228,12:16:53,46.4,250,272150
20231228,12:17:17,46.4,450,272150
20231228,12:17:25,46.5,800,272150
20231228,12:17:33,46.65,100,272150
20231228,12:17:41,46.55,100,272150
20231228,12:17:57,46.6,1400,272150
20231228,12:18:05,46.45,4350,272150
20231228,12:18:37,46.35,50,277700
20231228,12:18:52,46.35,50,277700
20231228,12:19:00,46.45,300,277700
20231228,12:19:38,46.3,150,277700
20231228,12:20:02,46.5,100,277700
20231228,12:20:09,46.4,100,277700
20231228,12:20:18,46.5,200,277700
20231228,12:20:26,46.5,50,277700
20231228,12:20:35,46.5,50,277700
20231228,12:20:43,46.5,50,277700
20231228,12:21:16,46.05,50,277700
20231228,12:21:24,46.1,50,277700
20231228,12:21:43,46.5,6850,277700
20231228,12:21:52,46.6,50,277700
20231228,12:22:00,46.9,850,277700
20231228,12:22:08,46.6,50,277700
20231228,12:22:27,46.55,50,277700
20231228,12:22:36,46.7,300,277700
20231228,12:22:45,46.7,200,277700
20231228,12:22:53,46.85,50,277700
20231228,12:23:01,46.85,100,277700
20231228,12:23:18,46.85,50,277700
20231228,12:23:27,46.85,200,277700
20231228,12:23:35,46.65,200,277700
20231228,12:23:44,46.7,100,277700
20231228,12:23:53,46.8,1300,277700
20231228,12:24:02,46.8,50,277700
20231228,12:24:13,46.8,100,277700
20231228,12:24:23,46.7,400,277700
20231228,12:24:32,46.75,1550,281800
20231228,12:24:42,46.45,3100,281800
20231228,12:24:51,46.9,900,281800
20231228,12:25:00,47.0,50,281800
20231228,12:25:09,47.1,150,281800
20231228,12:25:18,47.3,50,281800
20231228,12:25:27,47.1,250,281800
20231228,12:25:36,47.4,450,281800
20231228,12:25:45,47.35,100,281800
20231228,12:26:02,47.2,200,281800
20231228,12:26:11,47.1,150,281800
20231228,12:26:19,47.2,100,281800
20231228,12:26:28,47.25,250,281800
20231228,12:26:37,47.25,50,281800
20231228,12:26:54,47.0,250,281800
20231228,12:27:11,47.35,100,281800
20231228,12:27:19,47.05,50,281800
20231228,12:27:28,47.05,100,277950
20231228,12:27:45,47.2,250,277950
20231228,12:27:54,47.65,1150,277950
20231228,12:28:04,47.4,500,277950
20231228,12:28:14,48.1,2800,277950
20231228,12:28:25,47.95,50,277950
20231228,12:29:03,48.5,650,277950
20231228,12:29:22,48.6,50,277950
20231228,12:29:32,49.0,400,277950
20231228,12:29:42,49.15,850,277950
20231228,12:30:01,49.2,100,277950
20231228,12:30:10,49.2,100,277950
20231228,12:30:19,48.9,2300,277950
20231228,12:30:29,48.9,350,276850
20231228,12:30:38,49.0,1850,276850
20231228,12:30:47,48.85,550,276850
20231228,12:31:04,49.1,150,276850
20231228,12:31:13,49.05,3000,276850
20231228,12:31:22,49.25,2400,276850
20231228,12:31:31,49.3,100,276850
20231228,12:31:40,49.3,200,276850
20231228,12:32:07,48.85,1450,276850
20231228,12:32:16,49.05,50,276850
20231228,12:32:25,49.25,1450,276850
20231228,12:32:34,49.3,1000,276850
20231228,12:32:43,49.15,800,276850
20231228,12:32:52,49.0,100,276850
20231228,12:33:10,49.0,50,276850
20231228,12:33:18,48.65,700,276850
20231228,12:33:44,48.7,50,281800
20231228,12:34:00,49.0,1500,281800
20231228,12:34:09,49.0,50,281800
20231228,12:34:17,49.0,2050,281800
20231228,12:34:26,48.95,500,281800
20231228,12:34:35,48.85,250,281800
20231228,12:34:44,48.55,150,281800
20231228,12:34:52,48.8,300,281800
20231228,12:35:01,48.6,750,281800
20231228,12:35:10,48.6,200,281800
20231228,12:35:19,48.4,100,281800
20231228,12:35:30,48.0,1000,281800
20231228,12:35:40,48.0,1750,281800
20231228,12:35:50,47.6,400,281800
20231228,12:35:59,47.4,300,281800
20231228,12:36:08,47.2,150,281800
20231228,12:36:17,47.35,1350,281800
20231228,12:36:26,47.3,50,281800
20231228,12:36:43,47.55,50,287300
20231228,12:36:52,47.85,4400,287300
20231228,12:37:01,47.9,100,287300
20231228,12:37:10,47.95,650,287300
20231228,12:37:19,47.6,2200,287300
20231228,12:37:28,47.65,50,287300
20231228,12:37:38,47.8,850,287300
20231228,12:37:47,47.6,600,287300
20231228,12:38:05,47.6,250,287300
20231228,12:38:14,47.8,2500,287300
20231228,12:38:23,47.55,100,287300
20231228,12:38:31,47.65,250,287300
20231228,12:38:40,47.8,250,287300
20231228,12:38:48,47.8,100,287300
20231228,12:38:57,47.85,350,287300
20231228,12:39:06,47.7,50,287300
20231228,12:39:14,47.85,350,287300
20231228,12:39:23,47.8,150,287300
20231228,12:39:40,47.7,50,287300
20231228,12:39:49,47.7,200,294950
20231228,12:39:57,47.8,50,294950
20231228,12:40:06,47.65,150,294950
20231228,12:40:15,47.65,50,294950
20231228,12:40:24,47.55,550,294950
20231228,12:40:33,47.7,50,294950
20231228,12:40:41,47.6,50,294950
20231228,12:40:50,47.6,250,294950
20231228,12:40:59,47.35,1050,294950
20231228,12:41:08,47.3,550,294950
20231228,12:41:16,47.3,600,294950
20231228,12:41:25,47.45,200,294950
20231228,12:41:33,47.6,150,294950
20231228,12:41:42,47.5,50,294950
20231228,12:42:08,47.65,50,294950
20231228,12:42:16,47.4,50,294950
20231228,12:42:31,47.6,150,294950
20231228,12:42:39,47.3,300,295450
20231228,12:42:48,47.45,400,295450
20231228,12:42:56,47.8,1500,295450
20231228,12:43:04,47.95,2500,295450
20231228,12:43:29,47.8,400,295450
20231228,12:43:47,47.55,50,295450
20231228,12:43:55,47.45,300,295450
20231228,12:44:04,47.65,600,295450
20231228,12:44:12,47.6,1300,295450
20231228,12:44:29,47.75,150,295450
20231228,12:44:37,47.7,50,295450
20231228,12:44:46,47.55,100,295450
20231228,12:44:55,47.75,1250,295450
20231228,12:45:22,47.75,50,295450
20231228,12:45:31,47.75,1900,301950
20231228,12:45:40,47.8,200,301950
20231228,12:46:14,48.1,100,301950
20231228,12:46:22,48.3,900,301950
20231228,12:46:31,48.4,100,301950
20231228,12:46:40,48.4,1200,301950
20231228,12:46:49,48.55,1250,301950
20231228,12:46:59,48.4,700,301950
20231228,12:47:37,48.4,100,301950
20231228,12:47:46,48.5,550,301950
20231228,12:48:22,48.35,200,301950
20231228,12:48:30,48.3,150,301950
20231228,12:48:39,48.2,150,303950
20231228,12:48:47,48.2,350,303950
20231228,12:49:14,48.05,50,303950
20231228,12:49:38,47.9,700,303950
20231228,12:49:47,47.7,450,303950
20231228,12:50:31,46.3,1850,303950
20231228,12:50:43,46.05,150,303950
20231228,12:50:52,46.2,1350,303950
20231228,12:51:02,44.8,1950,303950
20231228,12:51:12,45.25,1200,303950
20231228,12:51:21,45.25,1800,303950
20231228,12:51:49,45.45,100,305750
20231228,12:51:58,45.5,200,305750
20231228,12:52:16,45.5,1500,305750
20231228,12:52:25,45.55,5200,305750
20231228,12:52:34,45.6,1700,305750
20231228,12:52:52,45.5,100,305750
20231228,12:53:00,45.55,500,305750
20231228,12:53:09,45.6,1500,305750
20231228,12:53:18,45.8,2000,305750
20231228,12:53:45,45.55,100,305750
20231228,12:53:54,45.55,700,305750
20231228,12:54:02,45.8,100,305750
20231228,12:54:37,45.8,100,310950
20231228,12:54:45,45.85,200,310950
20231228,12:55:03,45.9,250,310950
20231228,12:55:11,45.8,650,310950
20231228,12:55:19,45.9,50,310950
20231228,12:55:36,45.4,550,310950
20231228,12:55:45,45.75,3600,310950
20231228,12:55:53,45.85,100,310950
20231228,12:56:02,45.9,150,310950
20231228,12:56:11,45.85,50,310950
20231228,12:56:45,45.7,50,310950
20231228,12:57:02,45.45,200,310950
20231228,12:57:28,45.1,250,310950
20231228,12:57:37,45.3,600,311450
20231228,12:57:54,45.45,50,311450
20231228,12:58:03,45.55,50,311450
20231228,12:58:11,45.4,250,311450
20231228,12:59:02,45.25,450,311450
20231228,12:59:20,45.25,450,311450
20231228,12:59:29,45.3,100,311450
20231228,12:59:38,45.5,5550,311450
20231228,12:59:46,45.45,450,311450
20231228,13:00:13,44.8,900,311450
20231228,13:00:24,44.65,200,311450
20231228,13:00:33,44.9,250,316850
20231228,13:00:50,44.95,150,316850
20231228,13:00:59,45.25,250,316850
20231228,13:01:07,45.45,2500,316850
20231228,13:01:16,45.6,150,316850
20231228,13:01:25,45.6,700,316850
20231228,13:01:34,45.5,3000,316850
20231228,13:01:43,45.35,150,316850
20231228,13:01:51,45.35,1850,316850
20231228,13:02:08,45.25,1150,316850
20231228,13:02:16,45.3,1900,316850
20231228,13:02:25,45.25,100,316850
20231228,13:02:34,45.2,250,316850
20231228,13:02:42,45.25,950,316850
20231228,13:02:51,45.3,250,316850
20231228,13:02:59,45.25,100,316850
20231228,13:03:16,45.2,250,316850
20231228,13:03:24,45.2,100,316850
20231228,13:03:32,45.35,550,322750
20231228,13:03:49,45.35,200,322750
20231228,13:03:57,45.2,150,322750
20231228,13:04:14,45.2,150,322750
20231228,13:04:22,45.1,100,322750
20231228,13:04:55,45.05,300,322750
20231228,13:05:03,45.05,250,322750
20231228,13:05:12,45.05,50,322750
20231228,13:05:28,45.35,50,322750
20231228,13:05:37,45.45,450,322750
20231228,13:05:45,45.2,50,322750
20231228,13:05:53,45.2,200,322750
20231228,13:06:02,45.3,100,322750
20231228,13:06:10,45.25,200,322750
20231228,13:06:18,45.45,100,322750
20231228,13:06:26,45.5,700,322750
20231228,13:06:34,45.6,50,323150
20231228,13:06:42,45.6,250,323150
20231228,13:06:58,45.75,450,323150
20231228,13:07:06,45.65,150,323150
20231228,13:07:36,45.5,1800,323150
20231228,13:07:44,45.5,850,323150
20231228,13:07:52,45.5,50,323150
20231228,13:07:59,45.45,50,323150
20231228,13:08:07,45.5,800,323150
20231228,13:08:16,45.8,1150,323150
20231228,13:08:25,45.75,650,323150
20231228,13:08:33,46.0,350,323150
20231228,13:08:42,45.7,100,323150
20231228,13:08:50,45.85,250,323150
20231228,13:08:59,45.8,250,323150
20231228,13:09:07,45.8,150,323150
20231228,13:09:33,46.0,650,325250
20231228,13:09:43,46.55,350,325250
20231228,13:09:52,46.25,1000,325250
20231228,13:10:00,46.3,100,325250
20231228,13:10:08,46.55,1000,325250
20231228,13:10:17,46.35,500,325250
20231228,13:10:25,46.35,100,325250
20231228,13:10:34,46.5,350,325250
20231228,13:10:42,46.45,300,325250
20231228,13:10:51,46.75,800,325250
20231228,13:10:59,46.55,1050,325250
20231228,13:11:07,46.65,50,325250
20231228,13:11:15,46.7,50,325250
20231228,13:11:23,46.5,650,325250
20231228,13:11:30,46.45,1250,325250
20231228,13:11:39,46.75,800,325250
20231228,13:11:47,46.7,800,325250
20231228,13:12:03,46.7,350,325250
20231228,13:12:11,46.8,800,325250
20231228,13:12:19,47.05,1350,325250
20231228,13:12:27,47.3,1100,325250
20231228,13:12:36,47.0,250,328550
20231228,13:12:44,47.3,500,328550
20231228,13:12:54,47.4,50,328550
20231228,13:13:03,47.3,350,328550
20231228,13:13:12,47.2,50,328550
20231228,13:13:21,47.45,950,328550
20231228,13:13:31,47.8,1100,328550
20231228,13:13:40,47.8,100,328550
20231228,13:13:49,47.55,450,328550
20231228,13:13:59,47.85,1150,328550
20231228,13:14:08,47.9,100,328550
20231228,13:14:17,47.5,350,328550
20231228,13:14:26,47.35,1800,328550
20231228,13:14:36,47.35,750,328550
20231228,13:14:44,47.05,550,328550
20231228,13:15:02,47.0,100,328550
20231228,13:15:11,47.1,1400,328550
20231228,13:15:19,46.65,700,328550
20231228,13:15:28,47.0,950,328550
20231228,13:15:37,47.15,1000,329900
20231228,13:15:45,47.1,350,329900
20231228,13:15:53,46.75,650,329900
20231228,13:16:20,46.45,850,329900
20231228,13:16:29,46.45,200,329900
20231228,13:16:37,46.4,50,329900
20231228,13:16:46,46.4,50,329900
20231228,13:16:55,46.35,1350,329900
20231228,13:17:04,46.35,150,329900
20231228,13:17:28,46.6,900,329900
20231228,13:17:45,46.5,200,329900
20231228,13:17:53,46.5,300,329900
20231228,13:18:01,46.2,600,329900
20231228,13:18:10,46.15,950,329900
20231228,13:18:19,46.15,300,329900
20231228,13:18:37,46.0,100,332650
20231228,13:18:45,45.95,700,332650
20231228,13:18:54,46.0,900,332650
20231228,13:19:10,46.2,250,332650
20231228,13:19:18,46.1,100,332650
20231228,13:19:26,46.1,200,332650
20231228,13:19:35,46.45,400,332650
20231228,13:19:43,46.4,300,332650
20231228,13:19:52,46.3,550,332650
20231228,13:20:00,46.35,50,332650
20231228,13:20:17,46.35,150,332650
20231228,13:20:24,46.25,150,332650
20231228,13:20:32,46.2,300,332650
20231228,13:20:48,46.35,250,332650
20231228,13:20:56,46.35,350,332650
20231228,13:21:27,46.25,250,332650
20231228,13:21:35,46.25,100,332650
20231228,13:21:44,46.5,150,334900
20231228,13:21:59,46.5,300,334900
20231228,13:22:08,46.65,600,334900
20231228,13:22:15,46.7,50,334900
20231228,13:22:23,46.5,250,334900
20231228,13:22:30,46.7,50,334900
20231228,13:22:47,46.6,250,334900
20231228,13:22:55,46.7,600,334900
20231228,13:23:12,46.75,50,334900
20231228,13:23:27,46.75,50,334900
20231228,13:23:43,47.0,1250,334900
20231228,13:23:50,46.6,450,334900
20231228,13:23:59,46.35,500,334900
20231228,13:24:34,46.25,3500,338200
20231228,13:24:42,46.25,1150,338200
20231228,13:24:50,46.3,2100,338200
20231228,13:24:59,46.45,350,338200
20231228,13:25:08,46.55,800,338200
20231228,13:25:25,46.7,50,338200
20231228,13:25:33,46.75,600,338200
20231228,13:25:41,47.05,50,338200
20231228,13:25:50,47.0,150,338200
20231228,13:25:58,47.0,50,338200
20231228,13:26:07,47.0,50,338200
20231228,13:26:15,46.8,3150,338200
20231228,13:26:23,46.7,50,338200
20231228,13:26:48,46.55,50,338200
20231228,13:26:56,46.5,50,338200
20231228,13:27:04,46.4,500,338200
20231228,13:27:12,46.45,100,338200
20231228,13:27:20,46.3,200,338200
20231228,13:27:30,45.9,3250,338200
20231228,13:27:39,45.7,250,343450
20231228,13:27:48,46.0,600,343450
20231228,13:27:57,45.5,150,343450
20231228,13:28:08,44.75,250,343450
20231228,13:28:19,44.75,1900,343450
20231228,13:28:28,44.35,150,343450
20231228,13:28:37,44.5,50,343450
20231228,13:28:46,44.5,50,343450
20231228,13:29:04,44.8,1050,343450
20231228,13:29:13,45.0,100,343450
20231228,13:29:22,45.05,400,343450
20231228,13:29:39,45.5,300,343450
20231228,13:29:48,45.55,50,343450
20231228,13:29:57,45.5,300,343450
20231228,13:30:08,45.25,150,343450
20231228,13:30:18,45.25,250,343450
20231228,13:30:28,45.25,300,343450
20231228,13:30:37,45.5,150,346250
20231228,13:31:15,45.1,50,346250
20231228,13:31:23,44.95,400,346250
20231228,13:31:56,44.95,50,346250
20231228,13:32:47,44.8,250,346250
20231228,13:33:03,44.75,950,346250
20231228,13:33:12,44.3,150,346250
20231228,13:33:20,44.1,50,346250
20231228,13:33:29,44.35,100,346250
20231228,13:33:38,44.05,150,347400
20231228,13:33:47,44.15,800,347400
20231228,13:33:56,44.15,100,347400
20231228,13:34:05,44.0,50,347400
20231228,13:34:13,44.0,300,347400
20231228,13:34:22,43.55,1400,347400
20231228,13:35:04,43.95,50,347400
20231228,13:35:12,43.65,50,347400
20231228,13:35:20,43.85,400,347400
20231228,13:35:29,43.7,50,347400
20231228,13:35:38,43.5,100,347400
20231228,13:35:46,43.5,250,347400
20231228,13:35:55,43.4,150,347400
20231228,13:36:19,43.0,600,347400
20231228,13:36:27,43.0,50,347400
20231228,13:36:36,43.0,450,348750
20231228,13:36:45,42.6,100,348750
20231228,13:37:03,42.95,1850,348750
20231228,13:37:12,43.0,1750,348750
20231228,13:37:21,43.0,1250,348750
20231228,13:37:55,43.2,50,348750
20231228,13:38:12,43.5,850,348750
20231228,13:38:20,43.5,150,348750
20231228,13:38:28,43.3,50,348750
20231228,13:38:46,43.25,1000,348750
20231228,13:38:54,43.25,100,348750
20231228,13:39:03,43.2,650,348750
20231228,13:39:11,43.05,100,348750
20231228,13:39:28,43.1,100,348750
20231228,13:39:52,43.1,350,351750
20231228,13:40:08,43.2,700,351750
20231228,13:40:16,43.4,1100,351750
20231228,13:40:33,43.35,50,351750
20231228,13:40:49,43.35,350,351750
20231228,13:40:57,43.35,450,351750
20231228,13:41:05,43.35,100,351750
20231228,13:41:13,43.35,400,351750
20231228,13:41:21,43.5,650,351750
20231228,13:41:29,43.6,350,351750
20231228,13:41:37,43.65,50,351750
20231228,13:41:46,43.5,50,351750
20231228,13:41:54,43.45,50,351750
20231228,13:42:02,43.55,450,351750
20231228,13:42:19,43.45,1050,351750
20231228,13:42:27,43.5,150,351750
20231228,13:42:36,43.65,50,351750
20231228,13:42:44,43.65,50,352950
20231228,13:42:53,43.45,5750,352950
20231228,13:43:02,43.35,200,352950
20231228,13:43:18,43.5,50,352950
20231228,13:43:27,43.5,100,352950
20231228,13:43:44,43.55,50,352950
20231228,13:44:17,43.65,200,352950
20231228,13:44:25,43.55,100,352950
20231228,13:44:33,43.55,50,352950
20231228,13:44:48,43.4,500,352950
20231228,13:44:56,43.4,500,352950
20231228,13:45:04,43.5,700,352950
20231228,13:45:12,43.4,450,352950
20231228,13:45:20,43.25,650,352950
20231228,13:45:29,43.35,100,352950
20231228,13:45:37,43.35,100,352950
20231228,13:45:45,43.45,50,354950
20231228,13:45:54,43.1,750,354950
20231228,13:46:03,43.15,550,354950
20231228,13:46:12,43.1,250,354950
20231228,13:46:30,43.65,1300,354950
20231228,13:46:39,44.0,100,354950
20231228,13:46:48,43.65,50,354950
20231228,13:47:22,43.85,50,354950
20231228,13:47:31,43.7,1200,354950
20231228,13:47:40,43.7,50,354950
20231228,13:48:14,43.45,150,354950
20231228,13:48:52,43.1,2500,355350
20231228,13:49:00,43.5,150,355350
20231228,13:49:30,43.4,50,355350
20231228,13:49:38,43.5,100,355350
20231228,13:49:46,43.8,500,355350
20231228,13:50:12,44.1,600,355350
20231228,13:50:21,43.7,100,355350
20231228,13:50:45,43.95,200,355350
20231228,13:50:54,43.95,200,355350
20231228,13:51:02,43.95,200,355350
20231228,13:51:11,43.9,50,355350
20231228,13:51:19,44.1,50,355350
20231228,13:51:27,44.1,300,355350
20231228,13:51:34,44.1,350,355350
20231228,13:51:42,44.15,50,355650
20231228,13:51:51,44.05,300,355650
20231228,13:51:59,44.0,100,355650
20231228,13:52:08,44.1,50,355650
20231228,13:52:40,44.15,50,355650
20231228,13:52:56,44.45,50,355650
20231228,13:53:20,44.5,300,355650
20231228,13:53:35,44.5,600,355650
20231228,13:53:51,44.75,100,355650
20231228,13:53:58,44.7,50,355650
20231228,13:54:06,44.8,50,355650
20231228,13:54:21,44.8,450,355650
20231228,13:54:37,44.8,100,355650
20231228,13:54:45,44.95,50,355750
20231228,13:54:53,44.95,250,355750
20231228,13:55:02,44.8,100,355750
20231228,13:55:10,44.8,350,355750
20231228,13:55:18,44.95,100,355750
20231228,13:55:27,44.95,1000,355750
20231228,13:55:35,44.85,100,355750
20231228,13:55:44,44.8,150,355750
20231228,13:56:01,45.0,1200,355750
20231228,13:56:18,44.7,250,355750
20231228,13:56:57,44.85,50,355750
20231228,13:57:05,44.6,1550,355750
20231228,13:57:14,44.6,50,355750
20231228,13:57:21,44.5,250,355750
20231228,13:57:29,44.5,50,355750
20231228,13:57:37,44.5,200,355750
20231228,13:57:45,44.25,350,358600
20231228,13:57:54,44.2,50,358600
20231228,13:58:02,44.35,150,358600
20231228,13:58:35,44.25,100,358600
20231228,13:58:43,44.05,100,358600
20231228,13:58:51,44.05,50,358600
20231228,13:58:59,44.0,1150,358600
20231228,13:59:11,43.6,1050,358600
20231228,13:59:22,43.9,150,358600
20231228,13:59:31,43.9,1000,358600
20231228,13:59:40,44.05,50,358600
20231228,13:59:57,44.25,50,358600
20231228,14:00:06,44.45,1000,358600
20231228,14:00:15,44.25,650,358600
20231228,14:00:24,44.45,400,358600
20231228,14:00:33,44.45,250,358600
20231228,14:00:50,44.4,250,360350
20231228,14:00:58,44.45,150,360350
20231228,14:01:07,44.2,150,360350
20231228,14:01:24,44.5,1000,360350
20231228,14:01:33,44.8,1000,360350
20231228,14:01:50,44.55,50,360350
20231228,14:01:58,44.4,700,360350
20231228,14:02:07,45.0,1900,360350
20231228,14:02:15,44.65,600,360350
20231228,14:02:23,44.7,150,360350
20231228,14:02:32,44.7,850,360350
20231228,14:02:41,44.9,100,360350
20231228,14:02:50,44.85,250,360350
20231228,14:02:59,45.1,100,360350
20231228,14:03:08,45.3,100,360350
20231228,14:03:18,45.6,50,360350
20231228,14:03:27,45.85,300,360350
20231228,14:03:36,45.75,300,360350
20231228,14:03:45,45.95,1450,363100
20231228,14:03:54,46.05,100,363100
20231228,14:04:03,46.25,1900,363100
20231228,14:04:22,46.2,350,363100
20231228,14:04:31,46.35,550,363100
20231228,14:04:40,46.4,50,363100
20231228,14:04:49,46.25,150,363100
20231228,14:04:58,46.35,50,363100
20231228,14:05:07,46.6,600,363100
20231228,14:05:16,46.35,50,363100
20231228,14:05:24,46.75,200,363100
20231228,14:05:33,46.3,200,363100
20231228,14:05:42,46.5,100,363100
20231228,14:05:50,46.5,150,363100
20231228,14:05:58,46.5,250,363100
20231228,14:06:06,46.25,150,363100
20231228,14:06:14,46.3,450,363100
20231228,14:06:22,46.05,50,363100
20231228,14:06:30,45.4,450,363100
20231228,14:06:39,45.4,350,363100
20231228,14:06:47,45.55,700,365950
20231228,14:06:55,45.55,400,365950
20231228,14:07:02,45.5,100,365950
20231228,14:07:11,45.75,200,365950
20231228,14:07:19,45.5,200,365950
20231228,14:07:27,45.65,700,365950
20231228,14:07:35,45.9,400,365950
20231228,14:07:43,46.0,50,365950
20231228,14:07:52,46.0,250,365950
20231228,14:08:00,46.15,50,365950
20231228,14:08:08,46.0,50,365950
20231228,14:08:16,45.85,1400,365950
20231228,14:08:58,46.0,200,365950
20231228,14:09:05,45.95,100,365950
20231228,14:09:13,46.0,150,365950
20231228,14:09:38,45.65,50,365950
20231228,14:09:46,45.45,150,369300
20231228,14:09:54,45.65,550,369300
20231228,14:10:17,45.2,250,369300
20231228,14:10:25,45.15,50,369300
20231228,14:10:33,45.25,100,369300
20231228,14:10:42,45.4,250,369300
20231228,14:10:50,45.0,250,369300
20231228,14:10:59,44.55,600,369300
20231228,14:11:16,44.45,250,369300
20231228,14:11:25,44.65,50,369300
20231228,14:11:33,44.7,150,369300
20231228,14:11:41,44.7,50,369300
20231228,14:11:50,44.5,150,369300
20231228,14:12:24,44.0,500,369300
20231228,14:12:32,44.35,2700,369300
20231228,14:12:40,44.25,250,373000
20231228,14:12:48,44.35,500,373000
20231228,14:12:56,44.5,600,373000
20231228,14:13:04,44.0,2000,373000
20231228,14:13:12,44.4,500,373000
20231228,14:13:21,44.05,800,373000
20231228,14:13:29,44.3,250,373000
20231228,14:13:45,44.3,50,373000
20231228,14:14:02,44.05,1050,373000
20231228,14:14:11,44.0,1000,373000
20231228,14:14:19,44.2,50,373000
20231228,14:14:28,44.0,4150,373000
20231228,14:14:55,43.8,50,373000
20231228,14:15:04,43.85,200,373000
20231228,14:15:12,43.8,850,373000
20231228,14:15:21,43.9,200,373000
20231228,14:15:30,43.9,400,373000
20231228,14:15:47,43.9,100,378550
20231228,14:15:55,43.9,200,378550
20231228,14:16:03,44.05,100,378550
20231228,14:16:19,43.9,50,378550
20231228,14:16:27,43.8,550,378550
20231228,14:16:35,43.8,150,378550
20231228,14:16:44,43.5,1000,378550
20231228,14:16:52,43.7,50,378550
20231228,14:17:00,43.65,100,378550
20231228,14:17:25,43.7,100,378550
20231228,14:17:41,43.9,100,378550
20231228,14:17:50,43.5,700,378550
20231228,14:17:58,43.5,100,378550
20231228,14:18:06,43.55,200,378550
20231228,14:18:16,43.2,850,378550
20231228,14:18:25,43.05,550,378550
20231228,14:18:34,43.0,1350,378550
20231228,14:18:43,43.05,300,378550
20231228,14:18:52,43.0,1150,382000
20231228,14:19:00,42.8,400,382000
20231228,14:19:10,42.25,550,382000
20231228,14:19:19,42.5,250,382000
20231228,14:19:28,42.6,500,382000
20231228,14:19:37,42.5,50,382000
20231228,14:19:46,42.55,700,382000
20231228,14:19:55,42.35,850,382000
20231228,14:20:05,42.35,5450,382000
20231228,14:20:13,42.55,1550,382000
20231228,14:20:22,42.5,200,382000
20231228,14:20:39,42.8,150,382000
20231228,14:20:48,42.7,200,382000
20231228,14:20:56,42.65,1800,382000
20231228,14:21:05,42.85,400,382000
20231228,14:21:13,42.85,200,382000
20231228,14:21:21,43.0,1500,382000
20231228,14:21:30,43.0,50,382000
20231228,14:21:38,43.45,350,382000
20231228,14:21:54,43.5,450,386000
20231228,14:22:02,43.8,150,386000
20231228,14:22:11,43.65,50,386000
20231228,14:22:27,44.0,950,386000
20231228,14:22:36,44.2,500,386000
20231228,14:22:53,44.55,200,386000
20231228,14:23:09,44.45,300,386000
20231228,14:23:25,44.45,50,386000
20231228,14:23:33,44.6,100,386000
20231228,14:23:41,44.6,350,386000
20231228,14:23:49,44.6,50,386000
20231228,14:23:57,44.95,1050,386000
20231228,14:24:13,44.65,150,386000
20231228,14:24:29,44.75,300,386000
20231228,14:24:38,44.75,50,386000
20231228,14:24:46,44.7,550,388600
20231228,14:24:54,44.5,50,388600
20231228,14:25:02,44.45,400,388600
20231228,14:25:10,44.4,150,388600
20231228,14:25:18,44.5,1750,388600
20231228,14:25:26,44.4,100,388600
20231228,14:25:34,44.7,100,388600
20231228,14:25:42,44.6,50,388600
20231228,14:25:51,44.4,700,388600
20231228,14:26:07,44.55,400,388600
20231228,14:26:23,44.75,100,388600
20231228,14:26:31,44.8,450,388600
20231228,14:26:39,44.9,50,388600
20231228,14:26:47,44.6,50,388600
20231228,14:26:55,44.55,600,388600
20231228,14:27:02,44.6,50,388600
20231228,14:27:17,44.6,200,388600
20231228,14:27:25,44.6,300,388600
20231228,14:27:33,44.95,150,388600
20231228,14:27:41,44.9,450,388600
20231228,14:27:50,45.2,50,389950
20231228,14:27:58,45.0,750,389950
20231228,14:28:06,45.2,50,389950
20231228,14:28:15,45.35,50,389950
20231228,14:28:23,45.05,100,389950
20231228,14:28:31,45.3,50,389950
20231228,14:28:39,45.15,150,389950
20231228,14:28:48,45.25,150,389950
20231228,14:28:57,45.4,250,389950
20231228,14:29:05,45.55,350,389950
20231228,14:29:14,45.15,200,389950
20231228,14:29:22,45.0,50,389950
20231228,14:29:30,45.0,500,389950
20231228,14:29:39,45.0,550,389950
20231228,14:29:47,44.95,600,389950
20231228,14:29:56,44.5,100,389950
20231228,14:30:05,44.4,350,389950
20231228,14:30:31,44.05,600,389950
20231228,14:30:39,44.1,150,389950
20231228,14:30:47,44.25,50,392750
20231228,14:30:56,44.1,100,392750
20231228,14:31:04,44.2,100,392750
20231228,14:31:12,44.05,450,392750
20231228,14:31:20,43.8,100,392750
20231228,14:31:28,44.0,300,392750
20231228,14:31:36,43.95,1300,392750
20231228,14:31:45,44.05,1300,392750
20231228,14:32:11,44.8,750,392750
20231228,14:32:27,44.85,100,392750
20231228,14:32:44,44.9,100,392750
20231228,14:32:52,44.9,250,392750
20231228,14:33:00,44.85,50,392750
20231228,14:33:25,44.45,100,392750
20231228,14:33:42,44.45,250,392750
20231228,14:33:50,44.4,350,396200
20231228,14:33:59,44.35,50,396200
20231228,14:34:24,44.45,50,396200
20231228,14:34:41,44.3,400,396200
20231228,14:34:58,44.5,2850,396200
20231228,14:35:06,44.6,150,396200
20231228,14:35:15,44.35,50,396200
20231228,14:35:23,44.65,50,396200
20231228,14:35:31,44.4,50,396200
20231228,14:35:48,44.5,50,396200
20231228,14:35:56,44.45,50,396200
20231228,14:36:04,44.35,50,396200
20231228,14:36:13,44.4,200,396200
20231228,14:36:21,44.45,2150,396200
20231228,14:36:45,44.6,250,401000
20231228,14:37:02,44.6,50,401000
20231228,14:37:11,44.7,450,401000
20231228,14:37:27,44.5,1000,401000
20231228,14:37:44,44.4,50,401000
20231228,14:38:17,44.2,100,401000
20231228,14:38:26,44.0,450,401000
20231228,14:38:35,43.6,1450,401000
20231228,14:38:44,43.6,50,401000
20231228,14:38:53,43.7,50,401000
20231228,14:39:10,43.4,50,401000
20231228,14:39:27,43.4,4000,401000
20231228,14:39:35,43.45,50,401000
20231228,14:39:44,43.4,500,401000
20231228,14:39:52,43.7,1550,405100
20231228,14:40:00,43.6,500,405100
20231228,14:40:08,43.45,250,405100
20231228,14:40:17,43.2,500,405100
20231228,14:40:27,42.75,600,405100
20231228,14:40:35,42.75,150,405100
20231228,14:40:44,42.6,100,405100
20231228,14:40:52,42.6,150,405100
20231228,14:41:01,42.15,1900,405100
20231228,14:41:09,42.35,1200,405100
20231228,14:41:26,42.2,100,405100
20231228,14:41:35,42.0,2000,405100
20231228,14:41:52,42.2,450,405100
20231228,14:42:00,42.5,200,405100
20231228,14:42:08,42.3,400,405100
20231228,14:42:16,42.6,200,405100
20231228,14:42:24,42.45,150,405100
20231228,14:42:33,42.4,1000,405100
20231228,14:42:41,42.5,300,405100
20231228,14:42:50,42.6,350,407000
20231228,14:43:07,42.55,500,407000
20231228,14:43:15,42.45,200,407000
20231228,14:43:23,42.5,600,407000
20231228,14:43:31,42.35,1000,407000
20231228,14:43:40,42.15,850,407000
20231228,14:43:49,42.2,150,407000
20231228,14:43:57,42.1,900,407000
20231228,14:44:06,42.15,200,407000
20231228,14:44:14,42.1,1250,407000
20231228,14:44:23,42.2,200,407000
20231228,14:44:31,42.15,800,407000
20231228,14:44:48,42.3,350,407000
20231228,14:44:57,42.25,1150,407000
20231228,14:45:05,42.2,1150,407000
20231228,14:45:13,42.2,350,407000
20231228,14:45:21,42.3,850,407000
20231228,14:45:45,42.3,450,414600
20231228,14:45:53,42.25,150,414600
20231228,14:46:01,42.2,550,414600
20231228,14:46:10,42.2,1400,414600
20231228,14:46:18,42.25,3200,414600
20231228,14:46:27,42.15,100,414600
20231228,14:46:35,42.1,1700,414600
20231228,14:46:43,42.2,350,414600
20231228,14:46:52,42.2,1650,414600
20231228,14:47:01,42.0,650,414600
20231228,14:47:10,41.95,2000,414600
20231228,14:47:18,41.9,200,414600
20231228,14:47:35,41.8,800,414600
20231228,14:47:43,41.5,1100,414600
20231228,14:47:51,41.6,1200,414600
20231228,14:48:00,41.6,350,414600
20231228,14:48:08,41.5,2600,414600
20231228,14:48:17,41.3,150,414600
20231228,14:48:37,41.0,700,414600
20231228,14:48:47,40.5,1700,423800
20231228,14:48:58,39.5,6100,423800
20231228,14:49:09,40.2,2000,423800
20231228,14:49:20,40.15,750,423800
20231228,14:49:30,40.25,350,423800
20231228,14:49:39,40.2,1750,423800
20231228,14:49:48,40.25,550,423800
20231228,14:49:58,40.3,5050,423800
20231228,14:50:06,40.15,4750,423800
20231228,14:50:16,40.4,650,423800
20231228,14:50:24,40.35,450,423800
20231228,14:50:33,40.2,250,423800
20231228,14:50:42,40.15,2700,423800
20231228,14:50:51,40.05,800,423800
20231228,14:50:59,40.05,1900,423800
20231228,14:51:08,40.05,1600,423800
20231228,14:51:17,40.0,2750,423800
20231228,14:51:26,40.0,4850,423800
20231228,14:51:35,40.2,3250,423800
20231228,14:51:43,40.25,300,423800
20231228,14:51:52,40.2,350,434900
20231228,14:51:59,40.2,400,434900
20231228,14:52:07,40.3,300,434900
20231228,14:52:15,40.2,450,434900
20231228,14:52:24,40.2,550,434900
20231228,14:52:32,40.2,50,434900
20231228,14:52:40,40.2,550,434900
20231228,14:52:49,40.05,700,434900
20231228,14:52:57,40.1,1300,434900
20231228,14:53:06,40.1,1050,434900
20231228,14:53:14,39.9,800,434900
20231228,14:53:31,39.8,950,434900
20231228,14:53:39,40.0,250,434900
20231228,14:53:48,39.7,1300,434900
20231228,14:53:56,39.7,1200,434900
20231228,14:54:05,39.8,450,434900
20231228,14:54:22,39.75,250,434900
20231228,14:54:31,39.7,350,434900
20231228,14:54:39,39.85,400,434900
20231228,14:54:48,39.75,100,439750
20231228,14:54:56,39.85,250,439750
20231228,14:55:04,40.0,300,439750
20231228,14:55:12,39.95,200,439750
20231228,14:55:22,40.6,1350,439750
20231228,14:55:32,40.65,100,439750
20231228,14:55:41,40.65,300,439750
20231228,14:55:49,40.85,150,439750
20231228,14:55:58,40.6,500,439750
20231228,14:56:07,40.7,400,439750
20231228,14:56:16,40.8,400,439750
20231228,14:56:33,40.95,200,439750
20231228,14:56:42,41.0,1500,439750
20231228,14:56:59,41.0,450,439750
20231228,14:57:07,40.9,350,439750
20231228,14:57:16,41.0,900,439750
20231228,14:57:26,40.9,5100,439750
20231228,14:57:36,40.95,1450,439750
20231228,14:57:45,41.1,3500,448950
20231228,14:57:54,41.4,600,448950
20231228,14:58:03,41.05,750,448950
20231228,14:58:13,41.3,800,448950
20231228,14:58:22,41.7,400,448950
20231228,14:58:31,41.55,750,448950
20231228,14:58:48,41.7,700,448950
20231228,14:58:58,41.35,1400,448950
20231228,14:59:06,41.35,200,448950
20231228,14:59:15,41.2,550,448950
20231228,14:59:24,41.2,600,448950
20231228,14:59:32,41.15,900,448950
20231228,14:59:41,41.3,400,448950
20231228,14:59:50,41.2,100,448950
20231228,14:59:58,41.5,850,448950
20231228,15:00:06,41.8,2100,448950
20231228,15:00:16,42.45,1400,448950
20231228,15:00:26,42.55,450,448950
20231228,15:00:35,42.55,250,448950
20231228,15:00:44,42.2,2350,448950
20231228,15:00:54,41.55,150,451500
20231228,15:01:04,41.5,550,451500
20231228,15:01:14,42.0,550,451500
20231228,15:01:23,42.1,150,451500
20231228,15:01:32,41.6,150,451500
20231228,15:01:41,41.9,1850,451500
20231228,15:01:51,41.35,800,451500
20231228,15:02:01,40.7,3850,451500
20231228,15:02:11,41.4,13300,451500
20231228,15:02:20,41.4,1400,451500
20231228,15:02:30,41.1,500,451500
20231228,15:02:39,41.15,1600,451500
20231228,15:02:47,41.35,1900,451500
20231228,15:02:56,41.35,5750,451500
20231228,15:03:04,41.35,11050,451500
20231228,15:03:13,41.25,4350,451500
20231228,15:03:22,41.25,100,451500
20231228,15:03:30,41.15,1100,451500
20231228,15:03:39,41.25,450,451500
20231228,15:03:47,41.3,1900,451500
20231228,15:03:56,41.6,450,484900
20231228,15:04:05,41.7,2100,484900
20231228,15:04:15,41.8,2900,484900
20231228,15:04:24,41.75,350,484900
20231228,15:04:32,41.9,400,484900
20231228,15:04:41,41.6,5600,484900
20231228,15:04:50,41.75,5200,484900
20231228,15:04:59,42.05,5500,484900
20231228,15:05:08,41.6,150,484900
20231228,15:05:17,41.85,5650,484900
20231228,15:05:28,42.0,5900,484900
20231228,15:05:39,42.0,850,484900
20231228,15:05:49,42.2,900,484900
20231228,15:05:58,42.0,2100,484900
20231228,15:06:07,42.2,2500,484900
20231228,15:06:17,41.75,4650,484900
20231228,15:06:26,41.95,2850,484900
20231228,15:06:35,41.6,1150,484900
20231228,15:06:43,41.7,850,484900
20231228,15:06:52,41.85,1400,479350
20231228,15:07:01,41.65,1950,479350
20231228,15:07:10,41.8,3100,479350
20231228,15:07:18,41.7,50,479350
20231228,15:07:27,41.75,1200,479350
20231228,15:07:36,41.7,300,479350
20231228,15:07:45,41.85,500,479350
20231228,15:07:55,41.75,250,479350
20231228,15:08:04,41.75,1100,479350
20231228,15:08:13,41.7,350,479350
20231228,15:08:23,41.5,2750,479350
20231228,15:08:33,41.5,5250,479350
20231228,15:08:42,41.4,150,479350
20231228,15:08:51,41.35,200,479350
20231228,15:09:00,41.4,350,479350
20231228,15:09:10,41.25,50,479350
20231228,15:09:20,41.0,1750,479350
20231228,15:09:30,41.0,700,479350
20231228,15:09:39,40.8,450,479350
20231228,15:09:48,40.5,450,479350
20231228,15:09:59,40.0,3700,492750
20231228,15:10:09,39.7,1100,492750
20231228,15:10:20,39.35,2050,492750
20231228,15:10:29,39.4,1600,492750
20231228,15:10:38,39.05,950,492750
20231228,15:10:47,39.0,4150,492750
20231228,15:10:55,38.95,1200,492750
20231228,15:11:04,38.9,1400,492750
20231228,15:11:13,38.6,7400,492750
20231228,15:11:22,38.3,4200,492750
20231228,15:11:31,38.6,1550,492750
20231228,15:11:40,38.65,1550,492750
20231228,15:11:49,38.15,4150,492750
20231228,15:11:57,38.15,1400,492750
20231228,15:12:06,38.45,150,492750
20231228,15:12:15,38.25,4400,492750
20231228,15:12:24,38.0,2450,492750
20231228,15:12:33,37.8,3000,492750
20231228,15:12:42,37.7,900,492750
20231228,15:12:51,37.65,1800,517150
20231228,15:12:59,37.45,1700,517150
20231228,15:13:08,37.35,1950,517150
20231228,15:13:17,37.35,2950,517150
20231228,15:13:26,37.1,350,517150
20231228,15:13:36,37.05,550,517150
20231228,15:13:45,37.0,2850,517150
20231228,15:13:53,37.0,1350,517150
20231228,15:14:01,36.9,1300,517150
20231228,15:14:11,37.05,1050,517150
20231228,15:14:23,37.0,900,517150
20231228,15:14:32,36.95,350,517150
20231228,15:14:41,37.0,1850,517150
20231228,15:14:51,37.25,1050,517150
20231228,15:15:00,37.4,1650,517150
20231228,15:15:09,37.7,2150,517150
20231228,15:15:18,38.0,3650,517150
20231228,15:15:28,37.9,1000,517150
20231228,15:15:37,37.9,2350,517150
20231228,15:15:47,37.95,2300,517150
20231228,15:15:56,37.9,100,528550
20231228,15:16:05,37.85,1150,528550
20231228,15:16:14,37.85,600,528550
20231228,15:16:23,37.9,700,528550
20231228,15:16:32,37.8,500,528550
20231228,15:16:41,37.85,600,528550
20231228,15:16:52,38.0,3300,528550
20231228,15:17:04,38.0,2400,528550
20231228,15:17:14,37.9,1300,528550
20231228,15:17:23,37.8,50,528550
20231228,15:17:33,37.65,600,528550
20231228,15:17:42,37.65,1600,528550
20231228,15:17:51,37.8,550,528550
20231228,15:18:00,37.7,700,528550
20231228,15:18:09,37.35,1000,528550
20231228,15:18:18,37.5,300,528550
20231228,15:18:27,37.4,900,528550
20231228,15:18:39,37.25,6350,528550
20231228,15:18:49,37.4,4350,528550
20231228,15:18:58,37.45,1250,542200
20231228,15:19:07,37.7,2900,542200
20231228,15:19:18,37.55,1650,542200
20231228,15:19:28,37.85,2000,542200
20231228,15:19:46,37.95,650,542200
20231228,15:19:55,38.0,450,542200
20231228,15:20:05,37.95,400,542200
20231228,15:20:16,38.05,2150,542200
20231228,15:20:27,38.0,300,542200
20231228,15:20:38,37.75,1750,542200
20231228,15:20:46,37.85,1000,542200
20231228,15:20:55,37.55,2300,542200
20231228,15:21:03,37.45,550,542200
20231228,15:21:11,37.35,550,542200
20231228,15:21:22,37.2,2950,542200
20231228,15:21:34,37.35,9550,542200
20231228,15:21:43,37.2,5250,542200
20231228,15:21:53,37.3,4250,557400
20231228,15:22:03,37.1,5450,557400
20231228,15:22:13,37.25,1150,557400
20231228,15:22:25,37.25,1600,557400
20231228,15:22:36,37.0,650,557400
20231228,15:22:47,36.75,1100,557400
20231228,15:22:59,36.5,1500,557400
20231228,15:23:09,36.5,1650,557400
20231228,15:23:21,36.65,4050,557400
20231228,15:23:32,36.75,4550,557400
20231228,15:23:44,36.8,850,557400
20231228,15:23:55,36.75,1400,557400
20231228,15:24:07,36.55,1150,557400
20231228,15:24:18,36.1,2600,557400
20231228,15:24:29,36.1,3700,557400
20231228,15:24:39,36.25,2300,557400
20231228,15:24:51,36.0,5900,558150
20231228,15:25:02,37.7,9300,558150
20231228,15:25:13,38.05,2450,558150
20231228,15:25:25,37.75,1600,558150
20231228,15:25:35,37.85,1900,558150
20231228,15:25:44,37.8,1450,558150
20231228,15:25:54,37.65,100,558150
20231228,15:26:03,37.5,150,558150
20231228,15:26:13,37.45,550,558150
20231228,15:26:24,37.3,2500,558150
20231228,15:26:34,36.7,5050,558150
20231228,15:26:45,36.65,3650,558150
20231228,15:26:55,36.25,5950,558150
20231228,15:27:04,36.55,4150,558150
20231228,15:27:16,36.9,2300,558150
20231228,15:27:27,36.85,1400,558150
20231228,15:27:39,36.35,2000,558150
20231228,15:27:51,36.4,1950,575150
20231228,15:28:01,36.4,3050,575150
20231228,15:28:10,35.95,1300,575150
20231228,15:28:20,36.5,4850,575150
20231228,15:28:29,36.2,600,575150
20231228,15:28:39,36.15,1200,575150
20231228,15:28:49,35.7,2000,575150
20231228,15:28:59,36.4,3650,575150
20231228,15:29:09,36.65,5600,575150
20231228,15:29:19,36.75,500,575150
20231228,15:29:29,37.05,4350,575150
20231228,15:29:38,36.9,1900,575150
20231228,15:29:46,36.6,2550,575150
20231228,15:29:55,36.55,2300,575150
20231228,15:30:02,37.85,800,575150
20231229,09:15:04,38.75,1,588100
20231229,09:15:04,37.85,550,588100
20231229,09:15:04,32.15,200,588100
20231229,09:15:05,29.25,2950,588100
20231229,09:15:09,31.45,500,588100
20231229,09:15:10,32.7,250,588100
20231229,09:15:12,33.95,2300,588100
20231229,09:15:13,34.0,150,588100
20231229,09:15:22,33.0,100,588100
20231229,09:15:27,32.9,50,588100
20231229,09:15:29,33.0,1250,588100
20231229,09:15:33,33.35,200,588100
20231229,09:15:34,32.65,50,588100
20231229,09:15:40,33.15,50,588100
20231229,09:15:43,33.4,50,588100
20231229,09:15:46,33.95,100,588100
20231229,09:15:47,33.95,550,588100
20231229,09:15:51,33.45,650,588100
20231229,09:15:51,33.95,800,588100
20231229,09:15:53,33.8,900,588100
20231229,09:15:54,34.1,850,588100
20231229,09:15:55,34.0,100,588100
20231229,09:15:55,34.25,50,588100
20231229,09:15:57,33.8,250,588100
20231229,09:16:02,33.8,250,588100
20231229,09:16:03,33.0,1000,588100
20231229,09:16:06,33.4,300,588100
20231229,09:16:06,33.1,150,588100
20231229,09:16:07,33.2,950,588100
20231229,09:16:10,33.5,400,588100
20231229,09:16:13,33.55,450,588100
20231229,09:16:14,33.25,3600,588100
20231229,09:16:14,33.6,1000,588100
20231229,09:16:18,34.15,450,588100
20231229,09:16:18,34.0,50,588100
20231229,09:16:19,34.0,250,588100
20231229,09:16:21,34.1,550,588100
20231229,09:16:22,33.6,300,588100
20231229,09:16:23,34.15,50,588100
20231229,09:16:25,34.15,100,588100
20231229,09:16:26,34.0,300,588100
20231229,09:16:27,34.25,100,588100
20231229,09:16:29,34.05,100,588100
20231229,09:16:30,34.0,50,588100
20231229,09:16:31,34.05,600,588100
20231229,09:16:33,34.05,50,588100
20231229,09:16:34,34.05,150,588100
20231229,09:16:35,34.05,100,588100
20231229,09:16:36,34.0,1850,588100
20231229,09:16:37,33.85,100,588100
20231229,09:16:38,33.85,200,588100
20231229,09:16:39,33.75,250,588100
20231229,09:16:44,33.7,400,588100
20231229,09:16:45,33.4,50,588100
20231229,09:16:46,33.45,450,588100
20231229,09:16:47,33.65,600,588100
20231229,09:16:48,33.75,350,588100
20231229,09:16:49,33.8,550,588100
20231229,09:16:51,33.75,50,588100
20231229,09:16:52,33.8,1100,588100
20231229,09:16:53,33.8,150,588100
20231229,09:16:54,33.35,1350,588100
20231229,09:16:56,33.65,1700,588100
20231229,09:16:57,33.6,250,588100
20231229,09:16:58,33.6,100,588100
20231229,09:16:59,33.65,100,588100
20231229,09:17:00,33.85,1500,588100
20231229,09:17:01,33.5,800,588100
20231229,09:17:02,33.5,3350,588100
20231229,09:17:04,33.4,350,588100
20231229,09:17:05,33.45,150,588100
20231229,09:17:06,33.4,1250,588100
20231229,09:17:07,33.45,350,588100
20231229,09:17:08,33.45,1700,595950
20231229,09:17:09,33.25,1150,595950
20231229,09:17:10,33.3,1050,595950
20231229,09:17:11,33.25,950,595950
20231229,09:17:12,33.3,700,595950
20231229,09:17:14,33.25,600,595950
20231229,09:17:15,33.2,700,595950
20231229,09:17:16,33.2,50,595950
20231229,09:17:18,33.4,650,595950
20231229,09:17:19,33.3,650,595950
20231229,09:17:20,33.3,500,595950
20231229,09:17:21,33.25,1350,595950
20231229,09:17:22,33.25,300,595950
20231229,09:17:23,33.25,200,595950
20231229,09:17:27,33.2,550,595950
20231229,09:17:28,33.1,300,595950
20231229,09:17:29,33.2,500,595950
20231229,09:17:32,33.2,150,595950
20231229,09:17:33,33.3,150,595950
20231229,09:17:34,33.4,250,595950
20231229,09:17:36,33.05,1550,595950
20231229,09:17:37,33.15,50,595950
20231229,09:17:38,33.2,50,595950
20231229,09:17:39,33.15,100,595950
20231229,09:17:40,33.1,50,595950
20231229,09:17:44,33.15,250,595950
20231229,09:17:45,33.0,1150,595950
20231229,09:17:46,33.1,1200,595950
20231229,09:17:47,33.15,150,595950
20231229,09:17:48,33.1,300,595950
20231229,09:17:50,33.0,50,595950
20231229,09:17:51,33.0,700,595950
20231229,09:17:53,33.0,250,595950
20231229,09:17:55,32.95,100,595950
20231229,09:17:56,32.95,500,595950
20231229,09:17:57,32.95,50,595950
20231229,09:17:59,32.85,50,595950
20231229,09:18:00,32.95,2250,595950
20231229,09:18:01,32.9,950,595950
20231229,09:18:02,32.95,400,595950
20231229,09:18:03,32.75,2600,595950
20231229,09:18:05,32.85,950,595950
20231229,09:18:07,32.8,50,595950
20231229,09:18:09,32.8,1050,595950
20231229,09:18:10,32.7,50,595950
20231229,09:18:11,32.8,1400,595950
20231229,09:18:12,32.65,1000,595950
20231229,09:18:20,32.75,100,595950
20231229,09:18:22,32.7,50,595950
20231229,09:18:23,32.6,100,595950
20231229,09:18:27,32.45,200,595950
20231229,09:18:31,32.5,250,595950
20231229,09:18:32,32.5,300,595950
20231229,09:18:34,32.5,400,595950
20231229,09:18:35,32.45,50,595950
20231229,09:18:40,32.5,350,595950
20231229,09:18:41,32.6,5800,595950
20231229,09:18:42,32.6,1250,595950
20231229,09:18:43,32.9,600,595950
20231229,09:18:45,32.7,400,595950
20231229,09:18:46,32.6,1250,595950
20231229,09:18:47,32.75,100,595950
20231229,09:18:48,32.6,1800,595950
20231229,09:18:50,32.6,950,595950
20231229,09:18:51,32.55,500,595950
20231229,09:18:55,32.5,50,595950
20231229,09:18:56,32.45,300,595950
20231229,09:19:05,32.45,200,595950
20231229,09:19:06,32.45,350,595950
20231229,09:19:09,32.35,100,595950
20231229,09:19:11,32.4,100,595950
20231229,09:19:12,32.35,500,595950
20231229,09:19:14,32.25,100,595950
20231229,09:19:15,32.45,1100,595950
20231229,09:19:16,32.55,200,595950
20231229,09:19:17,32.6,250,595950
20231229,09:19:19,32.55,1800,595950
20231229,09:19:23,32.4,1900,595950
20231229,09:19:25,32.45,450,595950
20231229,09:19:28,32.4,200,595950
20231229,09:19:30,32.45,800,595950
20231229,09:19:30,32.45,50,595950
20231229,09:19:32,32.6,50,595950
20231229,09:19:33,32.6,1800,595950
20231229,09:19:38,32.65,100,595950
20231229,09:19:48,32.7,100,595950
20231229,09:19:50,32.45,9000,595950
20231229,09:19:55,32.45,100,595950
20231229,09:19:59,32.45,100,595950
20231229,09:20:00,32.45,650,595950
20231229,09:20:03,32.25,50,595950
20231229,09:20:06,32.5,200,595950
20231229,09:20:12,32.5,400,615600
20231229,09:20:13,32.4,1400,615600
20231229,09:20:16,32.5,50,615600
20231229,09:20:17,32.5,1150,615600
20231229,09:20:20,32.75,100,615600
20231229,09:20:21,33.15,750,615600
20231229,09:20:22,33.05,2050,615600
20231229,09:20:23,33.1,500,615600
20231229,09:20:24,33.4,400,615600
20231229,09:20:25,33.35,250,615600
20231229,09:20:27,33.5,350,615600
20231229,09:20:29,33.5,350,615600
20231229,09:20:31,33.45,1250,615600
20231229,09:20:32,33.45,250,615600
20231229,09:20:34,33.2,250,615600
20231229,09:20:35,33.3,50,615600
20231229,09:20:37,33.3,400,615600
20231229,09:20:39,33.3,100,615600
20231229,09:20:40,33.3,1500,615600
20231229,09:20:41,33.35,100,615600
20231229,09:20:43,33.65,200,615600
20231229,09:20:48,33.8,300,615600
20231229,09:20:48,33.75,850,615600
20231229,09:20:49,33.8,50,615600
20231229,09:20:51,33.7,200,615600
20231229,09:20:53,33.65,150,615600
20231229,09:20:54,33.6,650,615600
20231229,09:20:55,33.55,500,615600
20231229,09:20:56,33.55,50,615600
20231229,09:21:00,33.3,100,615600
20231229,09:21:01,33.45,250,615600
20231229,09:21:02,33.5,350,615600
20231229,09:21:03,33.55,100,615600
20231229,09:21:06,33.8,100,615600
20231229,09:21:08,33.9,250,615600
20231229,09:21:09,33.85,650,615600
20231229,09:21:12,33.7,2100,615600
20231229,09:21:13,33.65,50,615600
20231229,09:21:14,33.65,500,615600
20231229,09:21:15,33.75,50,615600
20231229,09:21:17,33.75,450,615600
20231229,09:21:18,33.75,550,615600
20231229,09:21:19,33.9,50,615600
20231229,09:21:20,33.7,250,615600
20231229,09:21:23,33.6,550,615600
20231229,09:21:23,33.6,900,615600
20231229,09:21:26,33.7,50,615600
20231229,09:21:31,33.6,250,615600
20231229,09:21:36,33.6,2000,615600
20231229,09:21:38,33.5,100,615600
20231229,09:21:39,33.4,50,615600
20231229,09:21:40,33.3,950,615600
20231229,09:21:41,33.25,50,615600
20231229,09:21:42,33.15,150,615600
20231229,09:21:43,32.9,250,615600
20231229,09:21:44,32.75,1550,615600
20231229,09:21:46,32.7,1500,615600
20231229,09:21:47,32.5,2300,615600
20231229,09:21:49,32.4,50,615600
20231229,09:21:51,32.4,250,615600
20231229,09:21:52,32.35,150,615600
20231229,09:21:58,32.3,100,615600
20231229,09:22:00,32.3,400,615600
20231229,09:22:01,32.5,450,615600
20231229,09:22:02,32.2,800,615600
20231229,09:22:03,32.3,900,615600
20231229,09:22:07,32.55,50,615600
20231229,09:22:08,32.5,150,615600
20231229,09:22:10,32.5,50,615600
20231229,09:22:12,32.3,50,615600
20231229,09:22:15,32.4,100,615600
20231229,09:22:16,32.2,200,615600
20231229,09:22:18,32.25,1250,615600
20231229,09:22:19,32.25,550,615600
20231229,09:22:20,32.25,800,615600
20231229,09:22:21,32.35,350,615600
20231229,09:22:22,32.3,200,615600
20231229,09:22:24,32.2,50,615600
20231229,09:22:26,32.3,1300,615600
20231229,09:22:27,32.3,50,615600
20231229,09:22:28,32.3,500,615600
20231229,09:22:29,32.15,150,615600
20231229,09:22:31,32.3,250,615600
20231229,09:22:33,32.3,250,615600
20231229,09:22:34,32.3,750,615600
20231229,09:22:46,32.45,150,615600
20231229,09:22:47,32.45,5400,615600
20231229,09:22:51,32.4,100,615600
20231229,09:22:53,32.45,150,615600
20231229,09:22:55,32.35,150,615600
20231229,09:22:56,32.4,50,615600
20231229,09:22:57,32.4,150,615600
20231229,09:22:59,32.25,50,615600
20231229,09:23:00,32.35,450,615600
20231229,09:23:01,32.35,500,615600
20231229,09:23:02,32.15,1200,615600
20231229,09:23:03,32.35,800,615600
20231229,09:23:05,32.35,300,615600
20231229,09:23:06,32.35,50,615600
20231229,09:23:18,32.3,350,613350
20231229,09:23:19,32.35,50,613350
20231229,09:23:24,32.1,200,613350
20231229,09:23:25,32.3,700,613350
20231229,09:23:27,32.25,200,613350
20231229,09:23:32,32.4,300,613350
20231229,09:23:33,32.4,100,613350
20231229,09:23:34,32.5,1050,613350
20231229,09:23:36,32.35,200,613350
20231229,09:23:40,32.4,1000,613350
20231229,09:23:43,32.55,550,613350
20231229,09:23:46,32.5,100,613350
20231229,09:23:51,32.55,1000,613350
20231229,09:23:54,32.75,2250,613350
20231229,09:23:55,32.8,350,613350
20231229,09:23:57,32.8,100,613350
20231229,09:23:58,32.8,200,613350
20231229,09:24:03,32.9,50,613350
20231229,09:24:05,32.95,1000,613350
20231229,09:24:06,33.0,900,613350
20231229,09:24:07,33.0,200,613350
20231229,09:24:08,33.25,1800,613350
20231229,09:24:13,33.1,50,613350
20231229,09:24:15,33.05,100,613350
20231229,09:24:16,33.15,1850,613350
20231229,09:24:19,33.2,150,613350
20231229,09:24:20,33.2,500,613350
20231229,09:24:23,33.05,450,613350
20231229,09:24:25,33.0,4300,613350
20231229,09:24:26,32.9,900,613350
20231229,09:24:27,33.0,50,613350
20231229,09:24:31,32.9,50,613350
20231229,09:24:33,32.85,250,613350
20231229,09:24:41,32.8,100,613350
20231229,09:24:47,32.7,350,613350
20231229,09:24:49,32.7,50,613350
20231229,09:25:02,32.4,100,613350
20231229,09:25:06,32.7,250,613350
20231229,09:25:08,32.7,250,613350
20231229,09:25:09,32.6,550,613350
20231229,09:25:15,32.9,550,613350
20231229,09:25:21,33.25,1000,613350
20231229,09:25:27,33.35,1550,613350
20231229,09:25:29,33.3,600,613350
20231229,09:25:32,33.45,200,613350
20231229,09:25:33,33.25,150,613350
20231229,09:25:34,33.2,1800,613350
20231229,09:25:36,33.4,900,613350
20231229,09:25:37,33.25,5300,613350
20231229,09:25:39,33.1,850,613350
20231229,09:25:50,33.1,400,613350
20231229,09:25:50,33.1,500,613350
20231229,09:25:51,33.0,50,613350
20231229,09:25:52,33.15,50,613350
20231229,09:25:54,33.3,50,613350
20231229,09:25:57,33.3,400,613350
20231229,09:26:03,33.45,700,613350
20231229,09:26:05,33.35,250,613350
20231229,09:26:10,33.35,50,615250
20231229,09:26:11,33.3,750,615250
20231229,09:26:13,33.45,50,615250
20231229,09:26:14,33.4,150,615250
20231229,09:26:16,33.2,200,615250
20231229,09:26:17,33.2,100,615250
20231229,09:26:19,33.3,1800,615250
20231229,09:26:20,33.35,50,615250
20231229,09:26:24,33.2,100,615250
20231229,09:26:31,33.35,500,615250
20231229,09:26:35,33.35,100,615250
20231229,09:26:36,33.35,500,615250
20231229,09:26:37,33.3,50,615250
20231229,09:26:39,33.4,100,615250
20231229,09:26:40,33.4,100,615250
20231229,09:26:42,33.45,50,615250
20231229,09:26:43,33.5,200,615250
20231229,09:26:44,33.5,200,615250
20231229,09:26:45,33.5,200,615250
20231229,09:26:46,33.45,50,615250
20231229,09:26:47,33.4,250,615250
20231229,09:26:49,33.5,100,615250
20231229,09:26:50,33.5,250,615250
20231229,09:26:51,33.5,350,615250
20231229,09:26:53,33.7,50,615250
20231229,09:26:54,33.65,200,615250
20231229,09:26:59,33.75,600,615250
20231229,09:27:00,33.65,50,615250
20231229,09:27:05,33.8,1900,615250
20231229,09:27:10,33.85,100,615250
20231229,09:27:11,33.85,900,615250
20231229,09:27:12,33.6,1800,615250
20231229,09:27:13,33.75,50,615250
20231229,09:27:15,33.8,100,615250
20231229,09:27:17,33.85,50,615250
20231229,09:27:18,33.85,250,615250
20231229,09:27:19,33.9,50,615250
20231229,09:27:20,33.9,150,615250
20231229,09:27:29,34.0,2650,615250
20231229,09:27:32,34.2,750,615250
20231229,09:27:33,34.05,1650,615250
20231229,09:27:36,34.2,200,615250
20231229,09:27:37,34.35,2250,615250
20231229,09:27:38,34.35,100,615250
20231229,09:27:40,34.05,900,615250
20231229,09:27:41,34.15,50,615250
20231229,09:27:43,34.2,200,615250
20231229,09:27:49,34.35,400,615250
20231229,09:27:50,34.35,400,615250
20231229,09:27:51,34.4,100,615250
20231229,09:27:58,34.35,250,615250
20231229,09:27:59,34.45,1500,615250
20231229,09:28:00,34.25,250,615250
20231229,09:28:02,34.2,200,615250
20231229,09:28:03,34.15,1800,615250
20231229,09:28:05,34.55,600,615250
20231229,09:28:09,34.35,50,615250
20231229,09:28:10,34.3,500,615250
20231229,09:28:11,34.45,50,615250
20231229,09:28:12,34.6,100,615250
20231229,09:28:13,34.45,50,615250
20231229,09:28:14,34.4,300,615250
20231229,09:28:17,34.35,950,615250
20231229,09:28:18,34.5,50,615250
20231229,09:28:21,34.3,50,615250
20231229,09:28:25,34.2,100,615250
20231229,09:28:27,34.0,100,615250
20231229,09:28:30,34.25,50,615250
20231229,09:28:32,34.0,900,615250
20231229,09:28:36,34.1,400,615250
20231229,09:28:37,34.15,150,615250
20231229,09:28:38,34.15,100,615250
20231229,09:28:45,34.5,300,615250
20231229,09:28:58,34.55,250,615250
20231229,09:29:05,34.6,600,615250
20231229,09:29:12,34.5,350,614600
20231229,09:29:19,34.55,3650,614600
20231229,09:29:26,34.6,1550,614600
20231229,09:29:34,34.55,1800,614600
20231229,09:29:41,34.55,250,614600
20231229,09:29:48,34.65,250,614600
20231229,09:29:55,34.65,50,614600
20231229,09:29:56,34.6,50,614600
20231229,09:29:58,34.5,50,614600
20231229,09:30:00,34.5,100,614600
20231229,09:30:02,34.45,50,614600
20231229,09:30:05,34.85,650,614600
20231229,09:30:09,34.4,150,614600
20231229,09:30:19,34.7,100,614600
20231229,09:30:24,34.65,50,614600
20231229,09:30:24,34.65,1250,614600
20231229,09:30:25,34.85,100,614600
20231229,09:30:26,34.7,50,614600
20231229,09:30:29,34.65,50,614600
20231229,09:30:31,34.7,200,614600
20231229,09:30:32,34.7,100,614600
20231229,09:30:38,35.0,1550,614600
20231229,09:30:40,35.0,100,614600
20231229,09:30:41,35.1,50,614600
20231229,09:30:42,35.05,100,614600
20231229,09:30:45,35.0,650,614600
20231229,09:30:51,34.8,150,614600
20231229,09:30:57,34.7,50,614600
20231229,09:30:58,34.8,200,614600
20231229,09:31:02,34.6,50,614600
20231229,09:31:04,34.75,800,614600
20231229,09:31:09,34.75,100,614600
20231229,09:31:17,34.5,150,614600
20231229,09:31:22,34.6,50,614600
20231229,09:31:22,34.65,900,614600
20231229,09:31:24,34.7,50,614600
20231229,09:31:25,34.6,100,614600
20231229,09:31:26,34.55,100,614600
20231229,09:31:28,34.4,750,614600
20231229,09:31:49,34.25,250,614600
20231229,09:31:51,34.2,150,614600
20231229,09:31:58,34.3,50,614600
20231229,09:32:00,34.2,50,614600
20231229,09:32:06,34.1,750,614600
20231229,09:32:08,34.15,50,614600
20231229,09:32:16,34.05,50,614600
20231229,09:32:17,34.2,100,610000
20231229,09:32:21,34.2,100,610000
20231229,09:32:23,34.25,100,610000
20231229,09:32:29,34.2,100,610000
20231229,09:32:35,34.2,100,610000
20231229,09:32:39,34.2,250,610000
20231229,09:32:43,34.1,650,610000
20231229,09:33:09,34.6,750,610000
20231229,09:33:18,34.4,1500,610000
20231229,09:33:26,34.15,1150,610000
20231229,09:33:33,34.05,1500,610000
20231229,09:33:41,33.95,650,610000
20231229,09:33:48,34.0,650,610000
20231229,09:33:50,33.95,250,610000
20231229,09:33:51,33.85,500,610000
20231229,09:33:53,33.95,100,610000
20231229,09:33:54,34.0,100,610000
20231229,09:33:57,34.2,500,610000
20231229,09:33:59,34.0,50,610000
20231229,09:34:00,34.05,400,610000
20231229,09:34:01,34.0,50,610000
20231229,09:34:03,34.25,100,610000
20231229,09:34:07,34.3,100,610000
20231229,09:34:11,34.25,50,610000
20231229,09:34:13,34.15,100,610000
20231229,09:34:16,34.05,400,610000
20231229,09:34:17,34.15,450,610000
20231229,09:34:18,34.3,3600,610000
20231229,09:34:22,34.2,100,610000
20231229,09:34:28,34.3,300,610000
20231229,09:34:33,34.5,100,610000
20231229,09:34:35,34.4,50,610000
20231229,09:34:36,34.6,50,610000
20231229,09:34:39,34.75,300,610000
20231229,09:34:42,34.8,100,610000
20231229,09:34:45,34.9,100,610000
20231229,09:34:48,34.65,300,610000
20231229,09:34:52,34.85,450,610000
20231229,09:35:01,34.95,1250,610000
20231229,09:35:03,34.75,100,610000
20231229,09:35:04,34.7,450,610000
20231229,09:35:06,34.85,200,610000
20231229,09:35:07,34.8,300,610000
20231229,09:35:10,35.0,600,610000
20231229,09:35:14,35.15,50,610000
20231229,09:35:18,35.3,200,609800
20231229,09:35:21,35.4,50,609800
20231229,09:35:26,35.3,200,609800
20231229,09:35:30,35.4,900,609800
20231229,09:35:31,35.4,50,609800
20231229,09:35:32,35.4,900,609800
20231229,09:35:34,35.45,100,609800
20231229,09:35:38,35.45,50,609800
20231229,09:35:39,35.45,100,609800
20231229,09:35:42,35.45,800,609800
20231229,09:35:43,35.5,950,609800
20231229,09:35:45,35.5,50,609800
20231229,09:35:51,35.25,600,609800
20231229,09:35:53,35.2,750,609800
20231229,09:35:56,35.2,50,609800
20231229,09:36:02,35.25,100,609800
20231229,09:36:03,35.2,500,609800
20231229,09:36:04,35.0,950,609800
20231229,09:36:06,34.9,1550,609800
20231229,09:36:07,34.9,50,609800
20231229,09:36:08,34.95,150,609800
20231229,09:36:10,34.95,100,609800
20231229,09:36:18,35.35,50,609800
20231229,09:36:20,35.45,200,609800
20231229,09:36:22,35.5,1800,609800
20231229,09:36:25,35.5,1800,609800
20231229,09:36:26,35.6,1900,609800
20231229,09:36:33,35.6,250,609800
20231229,09:36:38,35.75,100,609800
20231229,09:36:45,35.55,100,609800
20231229,09:36:48,35.55,150,609800
20231229,09:36:53,35.55,50,609800
20231229,09:36:59,35.45,50,609800
20231229,09:37:00,35.3,50,609800
20231229,09:37:09,35.3,1000,609800
20231229,09:37:10,35.1,400,609800
20231229,09:37:26,35.1,50,609800
20231229,09:37:29,34.9,900,609800
20231229,09:37:30,34.9,2050,609800
20231229,09:37:31,34.9,1050,609800
20231229,09:37:37,34.9,350,609800
20231229,09:37:40,35.0,500,609800
20231229,09:37:41,34.9,350,609800
20231229,09:37:48,35.0,100,609800
20231229,09:37:50,34.85,800,609800
20231229,09:37:58,35.0,500,609800
20231229,09:38:04,34.85,350,609800
20231229,09:38:25,34.65,550,609850
20231229,09:38:27,34.5,600,609850
20231229,09:38:28,34.45,350,609850
20231229,09:38:30,34.4,50,609850
20231229,09:38:34,34.3,50,609850
20231229,09:38:35,34.45,150,609850
20231229,09:38:38,34.4,1200,609850
20231229,09:38:38,34.5,150,609850
20231229,09:38:42,34.65,1000,609850
20231229,09:38:43,34.65,400,609850
20231229,09:38:44,34.55,350,609850
20231229,09:38:45,34.65,100,609850
20231229,09:38:46,34.7,250,609850
20231229,09:38:47,34.75,50,609850
20231229,09:38:49,34.75,50,609850
20231229,09:38:52,34.55,50,609850
20231229,09:38:55,34.45,350,609850
20231229,09:38:56,34.5,200,609850
20231229,09:38:57,34.5,50,609850
20231229,09:38:58,34.5,50,609850
20231229,09:39:02,34.3,100,609850
20231229,09:39:03,34.3,100,609850
20231229,09:39:04,34.3,50,609850
20231229,09:39:12,34.05,250,609850
20231229,09:39:16,34.2,1600,609850
20231229,09:39:17,34.25,50,609850
20231229,09:39:18,34.3,100,609850
20231229,09:39:19,34.35,50,609850
20231229,09:39:20,34.35,100,609850
20231229,09:39:29,34.15,450,609850
20231229,09:39:30,34.15,150,609850
20231229,09:39:33,34.15,50,609850
20231229,09:39:36,34.15,2100,609850
20231229,09:39:38,34.1,50,609850
20231229,09:39:40,34.05,150,609850
20231229,09:39:44,33.9,50,609850
20231229,09:39:49,34.15,50,609850
20231229,09:39:51,34.15,400,609850
20231229,09:39:55,34.15,50,609850
20231229,09:39:58,34.2,500,609850
20231229,09:40:00,34.25,400,609850
20231229,09:40:02,34.1,50,609850
20231229,09:40:06,34.0,150,609850
20231229,09:40:07,34.0,500,609850
20231229,09:40:08,33.75,1550,609850
20231229,09:40:10,33.75,300,609850
20231229,09:40:12,33.55,800,609850
20231229,09:40:13,33.5,100,609850
20231229,09:40:15,33.5,100,609850
20231229,09:40:17,33.35,100,609850
20231229,09:40:19,33.55,100,609850
20231229,09:40:20,33.7,150,609850
20231229,09:40:39,33.65,50,609850
20231229,09:40:40,33.7,600,609850
20231229,09:40:44,33.7,500,609850
20231229,09:40:48,33.75,50,609850
20231229,09:40:49,33.6,50,609850
20231229,09:40:51,33.55,100,609850
20231229,09:40:54,33.5,1000,609850
20231229,09:41:14,33.75,50,606850
20231229,09:41:17,33.7,150,606850
20231229,09:41:18,33.65,100,606850
20231229,09:41:21,33.65,50,606850
20231229,09:41:26,33.65,50,606850
20231229,09:41:32,33.6,100,606850
20231229,09:41:40,33.7,50,606850
20231229,09:41:57,33.6,50,606850
20231229,09:42:00,33.5,100,606850
20231229,09:42:03,33.3,50,606850
20231229,09:42:05,33.4,1250,606850
20231229,09:42:07,33.7,600,606850
20231229,09:42:08,33.7,200,606850
20231229,09:42:09,33.65,550,606850
20231229,09:42:10,33.5,350,606850
20231229,09:42:13,33.4,50,606850
20231229,09:42:14,33.45,50,606850
20231229,09:42:16,33.45,50,606850
20231229,09:42:19,33.7,200,606850
20231229,09:42:20,33.55,450,606850
20231229,09:42:21,33.7,50,606850
20231229,09:42:22,33.75,50,606850
20231229,09:42:27,33.8,1000,606850
20231229,09:42:35,33.8,50,606850
20231229,09:42:38,33.8,50,606850
20231229,09:42:44,33.85,500,606850
20231229,09:42:47,33.9,50,606850
20231229,09:42:50,34.0,100,606850
20231229,09:42:52,34.0,300,606850
20231229,09:42:54,34.05,50,606850
20231229,09:42:55,34.2,650,606850
20231229,09:42:56,34.15,400,606850
20231229,09:42:57,34.2,500,606850
20231229,09:43:07,34.3,450,606850
20231229,09:43:16,34.2,200,606850
20231229,09:43:20,34.5,50,606850
20231229,09:43:23,34.45,50,606850
20231229,09:43:24,34.3,50,606850
20231229,09:43:29,33.95,500,606850
20231229,09:43:31,34.0,50,606850
20231229,09:43:34,33.9,50,606850
20231229,09:43:37,34.05,50,606850
20231229,09:43:40,34.0,100,606850
20231229,09:43:49,33.95,50,606850
20231229,09:44:00,33.8,100,606850
20231229,09:44:01,33.8,150,606850
20231229,09:44:08,33.8,200,606850
20231229,09:44:11,33.9,1050,606850
20231229,09:44:14,33.85,250,608250
20231229,09:44:19,33.7,100,608250
20231229,09:44:27,33.65,1700,608250
20231229,09:44:36,33.8,1950,608250
20231229,09:44:43,33.9,50,608250
20231229,09:44:45,33.8,1250,608250
20231229,09:44:46,33.75,100,608250
20231229,09:44:57,33.6,50,608250
20231229,09:45:04,33.7,600,608250
20231229,09:45:12,33.75,2050,608250
20231229,09:45:19,33.6,100,608250
20231229,09:45:26,33.75,50,608250
20231229,09:45:46,33.75,900,608250
20231229,09:45:52,33.8,50,608250
20231229,09:45:59,33.75,250,608250
20231229,09:46:07,33.4,50,608250
20231229,09:46:14,33.3,1200,608250
20231229,09:46:21,33.75,2950,608250
20231229,09:46:28,33.7,700,608250
20231229,09:46:35,33.85,50,608250
20231229,09:46:42,33.6,100,608250
20231229,09:46:49,33.55,250,608250
20231229,09:46:56,33.5,200,608250
20231229,09:47:03,33.45,200,608250
20231229,09:47:17,33.45,200,614450
20231229,09:47:31,33.3,350,614450
20231229,09:47:52,33.5,1200,614450
20231229,09:47:57,33.5,250,614450
20231229,09:48:01,33.25,700,614450
20231229,09:48:05,33.5,1500,614450
20231229,09:48:12,33.55,400,614450
20231229,09:48:31,33.95,250,614450
20231229,09:48:37,34.05,150,614450
20231229,09:48:42,34.25,150,614450
20231229,09:48:50,34.1,250,614450
20231229,09:48:51,34.25,150,614450
20231229,09:48:52,34.35,50,614450
20231229,09:48:57,34.2,50,614450
20231229,09:48:58,34.15,200,614450
20231229,09:49:01,34.1,200,614450
20231229,09:49:02,34.15,250,614450
20231229,09:49:04,34.1,150,614450
20231229,09:49:07,34.05,100,614450
20231229,09:49:09,34.05,100,614450
20231229,09:49:10,34.1,100,614450
20231229,09:49:12,34.2,250,614450
20231229,09:49:13,34.4,50,614450
20231229,09:49:17,34.35,50,614450
20231229,09:49:19,34.4,150,614450
20231229,09:49:20,34.35,250,614450
20231229,09:49:21,34.2,300,614450
20231229,09:49:23,34.2,250,614450
20231229,09:49:24,34.35,100,614450
20231229,09:49:28,34.3,500,614450
20231229,09:49:29,34.25,300,614450
20231229,09:49:32,34.3,50,614450
20231229,09:49:33,34.2,200,614450
20231229,09:49:35,34.2,150,614450
20231229,09:49:46,34.1,50,614450
20231229,09:49:58,34.1,250,614450
20231229,09:50:05,34.0,700,614450
20231229,09:50:11,33.9,100,614450
20231229,09:50:19,33.95,100,616000
20231229,09:50:25,34.05,100,616000
20231229,09:50:33,34.25,150,616000
20231229,09:50:40,34.05,300,616000
20231229,09:50:47,34.2,200,616000
20231229,09:51:01,34.05,100,616000
20231229,09:51:11,33.95,150,616000
20231229,09:51:12,33.85,50,616000
20231229,09:51:18,33.8,400,616000
20231229,09:51:20,33.8,150,616000
20231229,09:51:21,33.8,100,616000
20231229,09:51:22,33.85,50,616000
20231229,09:51:32,33.95,50,616000
20231229,09:51:35,33.95,250,616000
20231229,09:51:36,34.0,100,616000
20231229,09:51:37,34.1,50,616000
20231229,09:51:39,34.05,100,616000
20231229,09:51:46,34.25,50,616000
20231229,09:51:47,34.2,200,616000
20231229,09:52:11,34.0,50,616000
20231229,09:52:19,34.0,300,616000
20231229,09:52:26,34.05,250,616000
20231229,09:52:33,34.1,300,616000
20231229,09:52:40,34.0,350,616000
20231229,09:52:47,34.0,50,616000
20231229,09:52:54,34.05,400,616000
20231229,09:53:01,34.1,4350,616000
