date,time,tick_price,volume,open_interest
20240221,09:37:19,29.45,1250,1750
20240221,09:37:26,30.05,500,1750
20240221,09:37:41,30.0,50,1750
20240221,09:41:40,30.2,200,1750
20240221,09:42:36,30.35,200,1750
20240221,09:43:48,30.35,50,1900
20240221,09:44:30,29.95,100,1900
20240221,09:46:02,30.55,150,1900
20240221,09:48:04,30.55,50,2100
20240221,09:48:54,30.4,50,2100
20240221,09:49:01,30.35,50,2100
20240221,09:49:09,30.5,100,2100
20240221,09:49:26,30.25,50,2300
20240221,09:49:33,30.25,100,2300
20240221,09:49:48,30.2,300,2300
20240221,09:50:02,30.3,50,2300
20240221,09:50:09,30.5,200,2300
20240221,09:50:16,30.45,150,2300
20240221,09:50:38,30.6,200,2300
20240221,09:51:00,30.6,100,2300
20240221,09:51:07,30.6,100,2300
20240221,09:51:14,30.6,50,2300
20240221,09:51:35,30.5,200,2300
20240221,09:52:04,30.4,50,2300
20240221,09:52:18,30.45,100,3300
20240221,09:52:25,30.55,50,3300
20240221,09:52:46,30.6,50,3300
20240221,09:53:09,30.8,150,3300
20240221,09:53:25,31.05,1000,3300
20240221,09:53:58,31.2,200,3300
20240221,09:54:06,30.75,100,3300
20240221,09:54:13,30.65,250,3300
20240221,09:54:29,30.6,200,3300
20240221,09:54:38,30.65,200,3300
20240221,09:55:00,30.45,50,3300
20240221,09:55:08,30.15,300,3300
20240221,09:55:24,30.25,200,5450
20240221,09:55:53,30.7,50,5450
20240221,09:56:08,30.95,200,5450
20240221,09:58:24,30.5,200,6000
20240221,09:58:31,30.5,200,6000
20240221,09:58:45,30.75,200,6000
20240221,09:59:22,30.55,200,6000
20240221,10:00:26,30.75,50,6000
20240221,10:02:04,30.7,50,6750
20240221,10:02:44,30.7,100,6750
20240221,10:03:37,30.7,50,6750
20240221,10:05:24,30.25,50,6550
20240221,10:05:56,30.3,50,6550
20240221,10:06:02,30.3,150,6550
20240221,10:09:28,30.45,300,6650
20240221,10:11:09,30.35,50,6650
20240221,10:12:38,29.8,50,6650
20240221,10:12:45,29.6,100,6650
20240221,10:12:52,29.45,350,6650
20240221,10:13:02,29.1,50,6650
20240221,10:13:30,28.95,100,6900
20240221,10:13:39,28.95,50,6900
20240221,10:16:24,29.65,50,6900
20240221,10:17:19,29.35,100,6900
20240221,10:17:46,29.5,50,6900
20240221,10:20:29,28.3,250,6850
20240221,10:23:32,28.3,50,6650
20240221,10:25:45,28.85,50,6750
20240221,10:27:34,28.35,100,6750
20240221,10:27:41,28.2,100,6750
20240221,10:27:48,28.1,50,6750
20240221,10:28:26,27.25,250,6750
20240221,10:28:36,27.25,50,6750
20240221,10:32:53,27.65,100,6950
20240221,10:39:43,27.5,100,6950
20240221,10:40:31,27.45,50,6750
20240221,10:41:03,27.45,50,6750
20240221,10:41:31,27.8,50,6750
20240221,10:42:13,28.1,50,6750
20240221,10:44:34,27.35,600,6750
20240221,10:44:41,27.25,100,6750
20240221,10:44:50,27.35,50,6750
20240221,10:45:06,27.4,100,6750
20240221,10:45:47,27.35,50,6750
20240221,10:45:56,27.35,250,6750
20240221,10:46:06,27.6,300,6750
20240221,10:46:15,27.85,100,6750
20240221,10:46:23,27.95,50,6750
20240221,10:46:30,27.95,150,7650
20240221,10:46:37,28.1,200,7650
20240221,10:46:45,28.05,50,7650
20240221,10:46:59,28.1,50,7650
20240221,10:49:26,28.05,50,7350
20240221,10:49:35,28.2,50,7350
20240221,10:49:42,28.5,50,7350
20240221,10:51:06,27.7,50,7350
20240221,10:51:29,27.9,50,7350
20240221,10:52:30,28.25,150,7350
20240221,10:53:59,28.15,100,7350
20240221,10:54:32,28.3,50,7350
20240221,10:58:01,28.75,50,7050
20240221,10:59:18,28.95,100,7050
20240221,10:59:52,29.05,50,7050
20240221,11:00:41,28.8,50,7050
20240221,11:00:55,28.75,50,7050
20240221,11:01:24,28.9,100,7050
20240221,11:03:13,29.0,50,7050
20240221,11:03:55,28.75,50,7050
20240221,11:07:55,28.8,50,7050
20240221,11:08:02,28.8,50,7050
20240221,11:08:38,28.75,50,7050
20240221,11:09:28,28.8,50,7050
20240221,11:10:26,28.95,50,7050
20240221,11:11:09,29.0,50,7050
20240221,11:17:08,28.8,50,7050
20240221,11:22:14,28.7,50,7050
20240221,11:25:23,28.3,50,7050
20240221,11:30:45,28.45,50,7050
20240221,11:36:00,28.5,50,7050
20240221,11:36:07,28.45,50,7050
20240221,11:36:13,28.4,100,7050
20240221,11:36:20,28.35,50,7050
20240221,11:36:26,28.2,50,7050
20240221,11:37:14,28.45,50,7050
20240221,11:37:22,28.35,100,7050
20240221,11:37:36,28.45,50,7150
20240221,11:38:03,28.6,100,7150
20240221,11:38:10,28.65,50,7150
20240221,11:38:30,28.8,50,7150
20240221,11:39:53,29.05,100,7150
20240221,11:40:07,29.25,100,7150
20240221,11:41:13,29.2,50,7400
20240221,11:42:12,29.4,50,7400
20240221,11:43:25,29.45,100,7400
20240221,11:49:15,28.8,50,7350
20240221,11:49:48,29.2,50,7250
20240221,11:50:25,29.05,50,7250
20240221,12:00:22,29.4,50,7250
20240221,12:03:10,29.15,50,7250
20240221,12:03:48,29.4,100,7250
20240221,12:08:39,29.05,50,7250
20240221,12:11:09,28.8,50,7250
20240221,12:11:15,28.75,50,7250
20240221,12:16:29,29.1,50,7250
20240221,12:17:26,29.7,50,7250
20240221,12:17:33,29.7,50,7250
20240221,12:22:50,29.55,50,7250
20240221,12:23:24,29.2,250,7250
20240221,12:24:43,29.3,50,7250
20240221,12:27:24,28.75,50,7000
20240221,12:29:38,28.5,200,7050
20240221,12:33:06,28.9,100,7250
20240221,12:33:25,28.95,100,7250
20240221,12:33:56,29.0,100,7250
20240221,12:35:54,29.0,50,7050
20240221,12:37:24,29.0,50,7050
20240221,12:38:46,28.6,100,7050
20240221,12:39:43,28.35,100,7050
20240221,12:40:25,28.35,50,7050
20240221,12:41:15,28.45,50,7100
20240221,12:44:27,28.05,50,7100
20240221,12:44:40,28.1,50,7100
20240221,12:44:58,28.1,100,7100
20240221,12:47:20,28.5,150,7250
20240221,12:47:57,28.4,50,7250
20240221,12:48:04,28.5,50,7250
20240221,12:48:17,28.55,50,7250
20240221,12:48:37,28.55,100,7250
20240221,12:49:02,28.5,50,7250
20240221,12:51:16,28.5,50,7150
20240221,12:53:23,28.6,150,7200
20240221,12:55:32,28.7,100,7200
20240221,12:56:09,28.75,50,7300
20240221,13:00:17,28.75,50,7200
20240221,13:04:20,28.65,50,7250
20240221,13:09:36,28.1,100,7250
20240221,13:09:44,28.1,50,7200
20240221,13:13:17,28.55,50,7300
20240221,13:14:58,28.55,50,7250
20240221,13:15:11,28.35,50,7250
20240221,13:16:14,28.35,50,7250
20240221,13:17:20,28.4,100,7200
20240221,13:19:53,28.7,50,7250
20240221,13:21:28,28.65,50,7250
20240221,13:21:55,28.5,50,7250
20240221,13:26:01,28.2,50,7200
20240221,13:27:05,28.3,50,7200
20240221,13:28:03,28.45,50,7200
20240221,13:29:15,28.3,50,7400
20240221,13:29:28,28.2,50,7400
20240221,13:29:35,28.1,50,7400
20240221,13:29:42,28.15,100,7400
20240221,13:29:48,28.25,50,7400
20240221,13:32:49,28.3,50,7600
20240221,13:35:27,28.55,50,7500
20240221,13:36:26,28.6,50,7500
20240221,13:37:46,28.7,100,7500
20240221,13:38:34,28.5,50,7500
20240221,13:41:38,28.35,50,7450
20240221,13:41:45,28.35,50,7450
20240221,13:42:30,28.15,50,7450
20240221,13:44:26,28.2,50,7450
20240221,13:44:33,28.2,50,7450
20240221,13:48:06,27.6,100,7500
20240221,13:50:17,27.05,50,7600
20240221,13:50:24,26.95,100,7600
20240221,13:50:46,26.95,50,7600
20240221,13:51:01,27.05,50,7600
20240221,13:51:08,27.0,50,7600
20240221,13:51:15,26.95,50,7600
20240221,13:53:42,27.15,50,7500
20240221,13:55:16,26.8,50,7500
20240221,13:58:57,26.8,50,7550
20240221,14:02:36,25.8,50,7550
20240221,14:02:55,25.4,50,7550
20240221,14:03:43,25.4,100,7550
20240221,14:04:30,26.45,100,7550
20240221,14:05:04,26.85,100,7650
20240221,14:13:20,25.45,50,7700
20240221,14:13:36,25.65,100,7700
20240221,14:13:51,25.75,50,7700
20240221,14:14:28,25.9,50,7650
20240221,14:14:35,25.95,50,7650
20240221,14:16:07,25.95,100,7650
20240221,14:16:15,26.15,100,7650
20240221,14:16:22,26.15,50,7650
20240221,14:16:50,26.3,150,7650
20240221,14:16:57,26.25,350,7900
20240221,14:17:25,26.35,50,7900
20240221,14:17:32,26.4,150,7900
20240221,14:17:55,26.35,50,7900
20240221,14:18:10,26.3,100,7900
20240221,14:18:25,26.25,150,7900
20240221,14:19:00,26.2,100,7900
20240221,14:22:23,26.1,100,8000
20240221,14:23:39,25.15,50,8100
20240221,14:24:09,24.5,50,8100
20240221,14:24:28,24.5,250,8100
20240221,14:25:34,24.2,50,8100
20240221,14:25:56,23.8,50,8100
20240221,14:26:13,23.8,50,7700
20240221,14:26:36,24.3,50,7700
20240221,14:27:05,24.3,50,7700
20240221,14:27:13,24.6,50,7700
20240221,14:27:24,24.55,50,7700
20240221,14:27:33,24.25,250,7700
20240221,14:27:49,24.45,50,7700
20240221,14:28:30,24.55,50,7700
20240221,14:30:11,24.35,50,7300
20240221,14:30:26,24.15,250,7300
20240221,14:30:34,24.05,100,7300
20240221,14:30:42,23.9,450,7300
20240221,14:30:50,23.65,100,7300
20240221,14:31:06,23.6,150,7300
20240221,14:31:28,23.6,50,7300
20240221,14:32:00,24.0,200,7150
20240221,14:33:11,23.85,50,7150
20240221,14:33:26,23.9,200,7150
20240221,14:34:15,23.75,50,7150
20240221,14:34:25,23.75,50,7150
20240221,14:34:54,23.75,50,7150
20240221,14:35:07,23.8,50,7200
20240221,14:35:35,23.8,50,7200
20240221,14:35:59,23.8,50,7200
20240221,14:36:28,23.85,200,7200
20240221,14:36:43,23.8,50,7200
20240221,14:36:56,23.65,50,7200
20240221,14:37:03,23.6,50,7200
20240221,14:37:10,23.6,150,7200
20240221,14:37:17,23.65,50,7200
20240221,14:37:24,23.8,150,7200
20240221,14:37:39,23.85,50,7200
20240221,14:37:53,23.75,50,7200
20240221,14:38:00,23.55,500,7200
20240221,14:38:56,23.55,50,7300
20240221,14:40:37,22.35,350,7300
20240221,14:40:47,22.45,50,7300
20240221,14:40:56,22.6,50,7300
20240221,14:41:04,22.7,50,7300
20240221,14:41:11,22.65,100,6850
20240221,14:41:19,22.65,400,6850
20240221,14:41:26,22.65,100,6850
20240221,14:41:58,22.9,100,6850
20240221,14:42:30,22.7,50,6850
20240221,14:42:38,22.6,100,6850
20240221,14:42:45,22.7,50,6850
20240221,14:43:00,22.65,50,6850
20240221,14:43:53,22.7,50,6850
20240221,14:44:59,22.65,200,6400
20240221,14:45:07,22.6,50,6400
20240221,14:45:14,22.75,350,6400
20240221,14:45:22,22.9,50,6400
20240221,14:45:30,22.4,100,6400
20240221,14:45:38,22.35,150,6400
20240221,14:45:52,22.35,100,6400
20240221,14:46:00,22.15,50,6400
20240221,14:46:15,22.15,50,6400
20240221,14:46:31,22.0,50,6400
20240221,14:46:40,21.9,100,6400
20240221,14:46:48,21.9,100,6400
20240221,14:47:03,22.05,50,6400
20240221,14:47:17,22.15,50,5950
20240221,14:47:46,22.15,100,5950
20240221,14:47:53,22.4,50,5950
20240221,14:48:36,22.7,50,5950
20240221,14:48:52,22.6,50,5950
20240221,14:49:29,23.0,100,5950
20240221,14:50:27,23.0,100,6550
20240221,14:50:35,23.05,50,6550
20240221,14:50:42,22.95,100,6550
20240221,14:53:12,23.2,100,6400
20240221,14:53:34,23.1,50,6400
20240221,14:53:41,23.0,200,6400
20240221,14:54:48,23.2,50,6400
20240221,14:55:24,23.05,150,6400
20240221,14:55:32,22.95,100,6400
20240221,14:56:00,22.9,50,6400
20240221,14:56:38,22.0,400,6700
20240221,14:56:46,21.95,200,6700
20240221,14:56:54,22.15,150,6700
20240221,14:57:02,22.25,50,6700
20240221,14:57:10,22.35,100,6700
20240221,14:57:25,22.3,100,6700
20240221,14:57:32,22.2,100,6700
20240221,14:57:40,22.2,150,6700
20240221,14:57:54,22.15,250,6700
20240221,14:58:08,22.05,50,6700
20240221,14:58:31,21.9,50,6700
20240221,14:58:54,22.45,50,6700
20240221,14:59:17,22.3,50,6500
20240221,15:00:17,22.6,600,6500
20240221,15:01:43,22.1,150,6500
20240221,15:02:05,22.4,50,5900
20240221,15:02:20,22.5,50,5900
20240221,15:02:28,22.5,50,5900
20240221,15:03:20,22.0,50,5900
20240221,15:04:33,22.05,50,5900
20240221,15:04:40,22.0,50,5900
20240221,15:06:19,22.75,300,5900
20240221,15:06:37,22.8,50,5900
20240221,15:06:46,22.8,50,5900
20240221,15:07:03,22.95,100,5900
20240221,15:07:11,22.8,100,5900
20240221,15:07:35,22.5,50,5900
20240221,15:08:58,22.9,50,5950
20240221,15:09:15,22.95,150,5950
20240221,15:10:05,23.3,50,5950
20240221,15:12:22,22.4,50,5950
20240221,15:12:29,22.4,50,5950
20240221,15:12:37,22.4,50,5950
20240221,15:13:21,23.3,100,5950
20240221,15:13:44,23.4,200,5950
20240221,15:13:52,23.4,50,5950
20240221,15:14:17,23.7,100,5750
20240221,15:15:06,23.5,50,5750
20240221,15:15:51,23.55,50,5750
20240221,15:16:06,23.6,50,5750
20240221,15:16:22,23.25,200,5750
20240221,15:16:44,23.2,50,5750
20240221,15:17:16,22.85,50,5650
20240221,15:17:48,22.5,50,5650
20240221,15:18:57,22.3,100,5650
20240221,15:19:05,22.3,250,5650
20240221,15:19:15,22.4,50,5650
20240221,15:19:47,22.2,50,5650
20240221,15:19:54,22.2,50,5650
20240221,15:20:01,22.1,150,5650
20240221,15:22:07,22.0,100,5650
20240221,15:22:44,22.15,100,5750
20240221,15:23:05,22.05,50,5750
20240221,15:23:27,22.05,200,5850
20240221,15:24:07,21.9,150,5850
20240221,15:24:25,21.75,50,5850
20240221,15:24:35,21.7,50,5850
20240221,15:24:43,21.7,100,5850
20240221,15:25:07,21.8,100,5850
20240221,15:25:16,21.8,50,5850
20240221,15:25:39,21.75,50,5850
20240221,15:25:56,21.7,100,5850
20240221,15:27:18,21.4,400,4600
20240221,15:29:05,21.35,50,4600
20240222,09:15:25,22.0,1,4550
20240222,09:15:25,22.0,1000,4550
20240222,09:17:15,21.65,550,5500
20240222,09:17:22,21.6,100,5500
20240222,09:17:29,21.6,100,5500
20240222,09:17:37,21.45,200,5500
20240222,09:17:44,21.4,150,5500
20240222,09:18:07,21.4,550,5500
20240222,09:18:15,21.65,50,5500
20240222,09:18:22,21.8,50,5500
20240222,09:18:37,21.85,200,5500
20240222,09:18:45,21.9,50,5500
20240222,09:19:15,21.6,50,5800
20240222,09:19:23,21.6,50,5800
20240222,09:20:32,21.55,50,5800
20240222,09:21:32,21.8,100,5800
20240222,09:22:16,21.65,50,5900
20240222,09:22:46,21.5,50,5900
20240222,09:23:08,21.4,50,5900
20240222,09:23:53,21.3,50,5900
20240222,09:24:36,21.15,150,5900
20240222,09:24:45,21.15,50,5900
20240222,09:25:15,21.2,100,5850
20240222,09:25:22,21.15,50,5850
20240222,09:26:15,20.95,150,5850
20240222,09:27:39,20.95,50,5850
20240222,09:28:50,20.9,450,5150
20240222,09:29:01,21.1,600,5150
20240222,09:29:12,20.55,800,5150
20240222,09:29:29,21.05,200,5150
20240222,09:29:37,21.0,100,5150
20240222,09:29:54,20.95,100,5150
20240222,09:30:38,20.9,50,5150
20240222,09:31:14,20.85,150,4700
20240222,09:31:24,21.05,400,4700
20240222,09:31:34,21.2,150,4700
20240222,09:31:42,21.1,150,4700
20240222,09:32:05,20.8,50,4700
20240222,09:32:13,20.65,150,4700
20240222,09:32:27,20.6,50,4700
20240222,09:33:10,20.65,50,4700
20240222,09:33:39,20.55,50,4700
20240222,09:33:53,20.5,50,4700
20240222,09:34:14,20.5,50,4900
20240222,09:34:28,20.35,50,4900
20240222,09:34:38,19.9,150,4900
20240222,09:34:48,20.1,150,4900
20240222,09:35:40,20.25,50,4900
20240222,09:35:56,20.1,50,4900
20240222,09:36:03,20.1,150,4900
20240222,09:36:32,20.25,100,4900
20240222,09:36:46,20.05,100,4900
20240222,09:37:00,20.05,50,4650
20240222,09:37:58,20.0,50,4650
20240222,09:38:48,20.1,50,4650
20240222,09:39:24,20.25,100,4650
20240222,09:39:32,20.15,300,4650
20240222,09:39:47,20.25,100,4650
20240222,09:40:01,20.25,50,4450
20240222,09:40:29,20.3,50,4450
20240222,09:40:58,20.25,50,4450
20240222,09:41:37,20.7,50,4450
20240222,09:41:47,20.55,50,4450
20240222,09:42:02,20.75,50,4450
20240222,09:42:11,21.0,100,4450
20240222,09:42:22,21.1,50,4450
20240222,09:42:41,20.6,150,4450
20240222,09:42:52,20.15,50,4450
20240222,09:43:10,20.35,50,4350
20240222,09:43:26,20.5,50,4350
20240222,09:43:44,20.35,250,4350
20240222,09:44:00,20.5,50,4350
20240222,09:44:43,20.45,100,4350
20240222,09:45:09,20.45,50,4350
20240222,09:45:46,20.25,50,4350
20240222,09:46:42,20.55,100,4400
20240222,09:46:49,20.3,50,4400
20240222,09:48:06,20.2,50,4400
20240222,09:48:30,20.05,50,4400
20240222,09:48:37,20.1,50,4400
20240222,09:48:45,20.1,200,4400
20240222,09:49:46,20.1,50,4250
20240222,09:50:11,20.0,50,4250
20240222,09:50:21,20.1,50,4250
20240222,09:51:01,20.45,50,4250
20240222,09:51:08,20.4,150,4250
20240222,09:53:58,20.25,50,4300
20240222,09:55:51,19.7,100,4300
20240222,09:56:06,19.7,150,4300
20240222,09:56:13,20.25,200,4300
20240222,09:56:20,20.25,50,4300
20240222,09:56:35,20.5,100,4300
20240222,09:57:17,20.3,50,4300
20240222,09:58:04,20.1,50,4500
20240222,09:58:14,20.15,100,4500
20240222,09:58:22,20.15,50,4500
20240222,09:58:30,20.4,50,4500
20240222,09:59:24,20.05,150,4500
20240222,10:00:13,19.9,50,4500
20240222,10:01:02,20.25,150,4800
20240222,10:01:20,19.95,100,4800
20240222,10:01:39,20.15,50,4800
20240222,10:01:53,20.35,200,4800
20240222,10:02:01,20.3,50,4800
20240222,10:02:08,20.35,150,4800
20240222,10:02:29,20.35,50,4800
20240222,10:03:17,20.45,50,4800
20240222,10:03:58,20.3,150,4800
20240222,10:04:26,20.3,100,5100
20240222,10:04:40,20.3,100,5100
20240222,10:04:54,20.3,100,5100
20240222,10:05:01,20.3,200,5100
20240222,10:05:17,20.25,200,5100
20240222,10:05:39,20.1,200,5100
20240222,10:06:00,20.1,50,5100
20240222,10:06:31,20.35,50,5100
20240222,10:06:46,20.5,50,5100
20240222,10:10:52,20.75,50,5600
20240222,10:10:59,20.55,200,5600
20240222,10:11:56,20.35,150,5600
20240222,10:12:04,20.65,50,5600
20240222,10:12:48,20.6,50,5600
20240222,10:12:56,20.65,50,5600
20240222,10:13:59,20.6,50,5700
20240222,10:14:20,20.7,100,5700
20240222,10:14:41,20.8,50,5700
20240222,10:15:27,20.6,50,5700
20240222,10:16:51,20.5,50,5350
20240222,10:18:46,20.6,50,5350
20240222,10:20:51,20.65,50,5400
20240222,10:21:11,20.7,50,5400
20240222,10:21:18,20.65,50,5400
20240222,10:21:26,20.75,50,5400
20240222,10:21:39,20.75,50,5400
20240222,10:23:01,20.15,50,5400
20240222,10:23:11,20.25,100,5400
20240222,10:23:20,20.15,50,5400
20240222,10:23:59,19.75,200,5400
20240222,10:24:06,19.75,250,5400
20240222,10:24:14,19.75,50,5400
20240222,10:24:21,19.75,50,5400
20240222,10:24:29,19.7,400,5400
20240222,10:24:49,19.8,50,5400
20240222,10:24:57,19.8,50,5400
20240222,10:25:12,19.8,600,5950
20240222,10:25:19,19.8,200,5950
20240222,10:25:29,19.85,50,5950
20240222,10:25:39,19.8,150,5950
20240222,10:26:00,19.7,50,5950
20240222,10:26:07,19.8,100,5950
20240222,10:26:14,19.85,50,5950
20240222,10:26:29,19.85,50,5950
20240222,10:26:36,19.85,50,5950
20240222,10:26:43,19.85,150,5950
20240222,10:27:05,19.8,100,5950
20240222,10:28:02,19.8,100,5950
20240222,10:28:10,19.9,400,6700
20240222,10:28:42,19.95,100,6700
20240222,10:30:13,19.8,50,6700
20240222,10:30:20,19.85,50,6700
20240222,10:30:42,19.85,50,6700
20240222,10:31:12,19.85,50,6650
20240222,10:31:54,20.15,100,6650
20240222,10:33:02,20.1,50,6650
20240222,10:33:37,20.05,50,6650
20240222,10:35:33,19.95,100,6750
20240222,10:36:28,20.05,50,6750
20240222,10:37:21,20.15,50,6850
20240222,10:37:58,20.15,100,6850
20240222,10:38:06,20.3,50,6850
20240222,10:39:31,20.1,200,6850
20240222,10:40:22,20.25,50,7100
20240222,10:42:03,20.1,100,7100
20240222,10:42:10,20.15,50,7100
20240222,10:42:31,20.1,50,7100
20240222,10:44:17,20.45,50,7100
20240222,10:45:00,20.45,50,7100
20240222,10:46:09,20.25,50,7100
20240222,10:47:03,20.15,50,7100
20240222,10:51:49,20.15,500,7150
20240222,10:52:55,19.9,50,7350
20240222,10:54:34,19.65,50,7350
20240222,10:55:35,19.6,50,7350
20240222,10:56:49,19.35,50,7350
20240222,11:01:12,19.3,150,7500
20240222,11:01:41,19.25,50,7500
20240222,11:02:21,19.25,50,7500
20240222,11:03:01,19.5,50,7500
20240222,11:04:01,19.25,50,7500
20240222,11:04:08,19.2,50,7500
20240222,11:04:15,19.15,100,7650
20240222,11:06:34,19.15,50,7650
20240222,11:06:56,19.45,50,7650
20240222,11:09:01,19.4,100,7650
20240222,11:11:58,19.7,50,7650
20240222,11:15:12,19.7,50,7400
20240222,11:15:19,19.75,50,7400
20240222,11:17:24,19.9,50,7350
20240222,11:18:13,19.9,50,7350
20240222,11:20:52,19.75,100,7450
20240222,11:25:38,19.9,50,7500
20240222,11:28:04,19.95,50,7500
20240222,11:36:08,19.5,50,7600
20240222,11:37:32,19.6,100,7600
20240222,11:40:03,19.35,50,7600
20240222,11:40:10,19.4,50,7600
20240222,11:43:35,19.8,100,7700
20240222,11:45:00,19.6,300,7700
20240222,11:46:53,19.85,50,7750
20240222,11:47:02,19.85,200,7750
20240222,11:47:09,19.85,100,7750
20240222,11:47:17,19.9,250,7750
20240222,11:47:24,19.9,200,7750
20240222,11:47:32,19.95,300,7750
20240222,11:47:39,19.9,50,7750
20240222,11:47:48,19.9,200,7750
20240222,11:49:16,19.8,100,7750
20240222,11:51:58,19.45,100,7600
20240222,11:52:06,19.45,50,7600
20240222,11:52:13,19.45,100,7600
20240222,11:52:28,19.45,50,7450
20240222,11:52:35,19.45,100,7450
20240222,11:52:57,19.55,250,7450
20240222,11:53:04,19.45,150,7450
20240222,11:53:11,19.45,150,7450
20240222,11:53:25,19.5,50,7450
20240222,11:53:53,19.4,100,7450
20240222,11:54:00,19.45,150,7450
20240222,11:54:08,19.45,200,7450
20240222,11:56:46,19.75,50,8050
20240222,11:57:00,19.85,50,8050
20240222,11:57:30,19.95,50,8050
20240222,11:58:02,20.15,50,8050
20240222,11:58:48,20.05,50,8150
20240222,11:59:04,20.15,50,8150
20240222,11:59:22,20.05,50,8150
20240222,12:00:11,20.0,50,8150
20240222,12:00:26,19.85,50,8150
20240222,12:01:03,19.95,100,8150
20240222,12:01:11,20.0,100,8150
20240222,12:01:26,20.0,50,8250
20240222,12:02:22,19.85,50,8250
20240222,12:02:49,19.85,50,8250
20240222,12:02:58,19.75,100,8250
20240222,12:03:06,19.75,450,8250
20240222,12:03:14,19.75,50,8250
20240222,12:03:24,19.75,100,8250
20240222,12:03:32,19.75,1550,8250
20240222,12:04:01,19.75,100,8250
20240222,12:04:10,19.75,50,8250
20240222,12:04:18,19.75,100,8250
20240222,12:04:26,19.75,100,8450
20240222,12:04:34,19.9,700,8450
20240222,12:06:14,19.6,50,8450
20240222,12:06:30,19.5,100,8450
20240222,12:06:38,19.35,150,8450
20240222,12:06:54,19.4,850,8450
20240222,12:07:09,19.4,250,8450
20240222,12:07:39,19.4,100,8900
20240222,12:07:55,19.35,400,8900
20240222,12:08:26,19.4,50,8900
20240222,12:08:42,19.4,750,8900
20240222,12:09:06,19.5,100,8900
20240222,12:09:15,19.45,200,8900
20240222,12:09:23,19.45,50,8900
20240222,12:09:38,19.4,200,8900
20240222,12:09:53,19.4,50,8900
20240222,12:10:10,19.45,200,8900
20240222,12:10:19,19.3,100,8900
20240222,12:12:51,19.25,50,9250
20240222,12:12:59,19.25,50,9250
20240222,12:14:11,19.3,50,9250
20240222,12:14:59,19.2,50,9250
20240222,12:17:03,19.1,50,9350
20240222,12:17:10,19.1,50,9350
20240222,12:17:18,18.95,1000,9350
20240222,12:17:34,18.95,50,9350
20240222,12:17:50,18.9,50,9350
20240222,12:17:59,18.7,900,9350
20240222,12:21:52,18.7,50,11350
20240222,12:22:53,18.9,50,11300
20240222,12:23:17,18.9,50,11300
20240222,12:24:00,18.65,50,11300
20240222,12:24:16,18.6,150,11300
20240222,12:24:33,18.6,50,11300
20240222,12:24:41,18.5,50,11300
20240222,12:24:57,18.45,50,11300
20240222,12:26:15,18.45,50,11250
20240222,12:29:10,18.65,50,11300
20240222,12:30:02,18.75,50,11300
20240222,12:31:39,18.9,200,11300
20240222,12:32:26,19.15,50,11300
20240222,12:33:15,19.1,50,11300
20240222,12:38:32,19.3,100,11550
20240222,12:38:48,19.3,50,11550
20240222,12:39:49,19.15,50,11550
20240222,12:40:55,19.1,50,11550
20240222,12:41:17,19.15,50,11550
20240222,12:41:24,19.1,50,11550
20240222,12:42:08,19.25,50,11550
20240222,12:43:38,18.85,100,11700
20240222,12:47:07,18.85,50,11800
20240222,12:52:25,18.8,50,11700
20240222,12:52:31,18.8,50,11650
20240222,12:52:38,18.8,50,11650
20240222,12:52:45,18.5,1850,11650
20240222,12:54:14,18.6,50,11650
20240222,12:55:12,18.25,100,11650
20240222,12:55:28,18.25,50,11650
20240222,12:56:07,18.3,50,12350
20240222,12:56:22,18.3,50,12350
20240222,12:57:25,18.4,100,12350
20240222,12:57:33,18.4,100,12350
20240222,12:59:42,18.4,50,12500
20240222,13:01:47,18.25,100,12550
20240222,13:01:55,18.25,50,12550
20240222,13:05:19,18.2,50,12700
20240222,13:07:02,18.0,150,12700
20240222,13:08:22,18.0,100,12750
20240222,13:08:29,18.0,50,12750
20240222,13:11:04,18.0,50,12950
20240222,13:11:40,18.05,50,12950
20240222,13:11:47,18.05,50,12950
20240222,13:13:20,18.1,50,12950
20240222,13:14:11,18.05,50,12800
20240222,13:15:14,18.05,50,12800
20240222,13:19:33,18.0,50,12700
20240222,13:20:47,18.0,50,12700
20240222,13:20:55,18.0,50,12700
20240222,13:21:02,18.0,150,12700
20240222,13:23:56,18.05,50,12700
20240222,13:24:30,18.0,50,12700
20240222,13:25:30,18.0,50,12700
20240222,13:30:21,17.95,100,12650
20240222,13:31:40,17.95,50,12700
20240222,13:36:41,18.25,50,12600
20240222,13:39:44,19.1,200,12650
20240222,13:40:44,19.05,100,12850
20240222,13:41:22,18.7,50,12850
20240222,13:43:00,19.55,50,12850
20240222,13:43:43,19.35,250,13050
20240222,13:44:38,19.45,50,13050
20240222,13:44:46,19.45,50,13050
20240222,13:45:02,19.5,50,13050
20240222,13:45:10,19.6,50,13050
20240222,13:45:19,19.65,100,13050
20240222,13:45:35,19.5,100,13050
20240222,13:46:31,19.65,50,13050
20240222,13:46:39,19.5,50,13500
20240222,13:47:11,19.8,150,13500
20240222,13:47:21,19.85,150,13500
20240222,13:49:08,19.55,50,13500
20240222,13:49:16,19.45,50,13500
20240222,13:49:32,19.4,50,13500
20240222,13:49:39,19.4,50,13500
20240222,13:49:57,19.55,100,13850
20240222,13:50:18,19.65,100,13850
20240222,13:50:27,19.65,250,13850
20240222,13:50:59,19.65,50,13850
20240222,13:52:54,19.75,50,14200
20240222,13:53:01,19.9,50,14200
20240222,13:53:09,19.95,50,14200
20240222,13:54:03,20.3,50,14200
20240222,13:54:49,20.45,450,14200
20240222,13:57:28,20.6,200,14650
20240222,13:58:59,20.95,50,14700
20240222,13:59:10,21.6,150,14700
20240222,13:59:54,21.05,100,14700
20240222,14:01:26,21.25,50,14700
20240222,14:03:58,21.45,100,14750
20240222,14:04:06,21.45,150,14750
20240222,14:04:39,21.4,100,14750
20240222,14:04:47,22.0,100,15100
20240222,14:04:55,22.05,100,15100
20240222,14:06:47,22.05,50,15100
20240222,14:06:55,22.05,100,15100
20240222,14:07:03,22.15,150,15100
20240222,14:07:11,22.15,150,15100
20240222,14:08:05,21.35,100,15250
20240222,14:10:07,21.85,50,15250
20240222,14:10:30,21.65,150,15250
20240222,14:10:53,21.55,100,15000
20240222,14:11:01,21.3,50,15000
20240222,14:15:01,20.85,50,15000
20240222,14:15:09,20.85,50,15000
20240222,14:19:29,21.5,50,14900
20240222,14:19:44,21.3,50,14900
20240222,14:20:10,21.0,200,14600
20240222,14:20:33,20.95,100,14600
20240222,14:21:11,21.1,50,14600
20240222,14:23:07,21.55,100,14400
20240222,14:23:29,21.5,50,14400
20240222,14:24:07,21.4,50,14400
20240222,14:24:30,21.55,100,14400
20240222,14:24:37,21.65,50,14400
20240222,14:25:37,21.8,50,14400
20240222,14:26:22,21.8,50,13950
20240222,14:27:06,21.85,100,13950
20240222,14:27:57,22.0,50,13950
20240222,14:28:05,22.0,50,13950
20240222,14:28:28,22.1,100,13950
20240222,14:28:35,22.1,50,13950
20240222,14:29:59,22.2,50,14000
20240222,14:30:13,22.2,50,14000
20240222,14:30:21,22.1,50,14000
20240222,14:30:28,22.1,100,14000
20240222,14:34:25,21.5,50,14200
20240222,14:34:46,21.5,100,14200
20240222,14:35:28,21.8,50,14200
20240222,14:36:41,21.9,50,14200
20240222,14:38:54,22.2,50,14050
20240222,14:39:11,22.35,50,14050
20240222,14:39:19,22.55,50,14050
20240222,14:39:58,22.55,50,14050
20240222,14:40:13,22.15,50,14050
20240222,14:40:36,22.25,100,14050
20240222,14:40:51,22.35,100,14100
20240222,14:42:10,22.15,50,14100
20240222,14:42:32,22.2,100,14100
20240222,14:43:33,21.85,50,14100
20240222,14:44:41,21.8,50,14100
20240222,14:45:32,22.0,50,14100
20240222,14:46:32,22.35,50,14100
20240222,14:47:08,22.15,200,14050
20240222,14:49:06,21.6,700,14050
20240222,14:49:17,21.9,250,14050
20240222,14:50:49,22.35,50,14000
20240222,14:50:59,22.75,300,14000
20240222,14:51:10,22.95,2400,14000
20240222,14:51:20,23.35,450,14000
20240222,14:51:30,23.5,250,14000
20240222,14:51:41,24.15,350,14000
20240222,14:52:03,24.15,100,14000
20240222,14:53:18,24.0,250,16750
20240222,14:53:26,23.5,100,16750
20240222,14:53:34,23.65,100,16750
20240222,14:54:52,23.7,250,16750
20240222,14:55:23,23.95,150,16750
20240222,14:55:49,24.5,50,16750
20240222,14:56:10,24.65,200,16950
20240222,14:56:35,24.65,50,16950
20240222,14:56:43,24.4,50,16950
20240222,14:57:38,24.25,50,16950
20240222,14:57:53,24.4,100,16950
20240222,14:58:33,24.05,100,16950
20240222,14:58:43,23.5,50,16950
20240222,14:58:51,23.6,50,16600
20240222,14:59:02,23.6,150,16600
20240222,14:59:39,23.45,100,16600
20240222,14:59:56,23.9,50,16600
20240222,15:00:07,23.65,350,16600
20240222,15:00:18,23.2,650,16600
20240222,15:00:28,23.25,300,16600
20240222,15:00:38,23.1,100,16600
20240222,15:01:04,22.8,1050,16600
20240222,15:01:13,22.75,350,16600
20240222,15:01:21,22.65,250,16600
20240222,15:01:56,23.1,800,17400
20240222,15:02:05,23.4,250,17400
20240222,15:02:15,23.25,100,17400
20240222,15:02:58,23.5,100,17400
20240222,15:05:19,23.25,100,18200
20240222,15:05:27,23.3,250,18200
20240222,15:06:07,23.1,100,18200
20240222,15:06:15,23.15,50,18200
20240222,15:06:23,23.15,50,18200
20240222,15:07:11,23.5,50,18200
20240222,15:07:19,23.55,50,18200
20240222,15:07:42,23.4,50,18200
20240222,15:08:00,23.55,50,18050
20240222,15:08:08,23.55,50,18050
20240222,15:08:24,23.45,50,18050
20240222,15:08:40,23.6,50,18050
20240222,15:08:55,23.65,150,18050
20240222,15:09:03,23.7,50,18050
20240222,15:09:10,23.7,50,18050
20240222,15:09:41,23.6,50,18050
20240222,15:09:56,23.65,100,18050
20240222,15:10:19,23.9,150,18050
20240222,15:10:34,23.9,150,18050
20240222,15:10:43,24.2,50,18050
20240222,15:10:58,24.2,150,18200
20240222,15:11:08,24.2,50,18200
20240222,15:11:17,24.3,50,18200
20240222,15:11:46,24.5,50,18200
20240222,15:11:53,24.5,200,18200
20240222,15:12:11,24.65,200,18200
20240222,15:13:34,25.1,200,18200
20240222,15:13:43,25.25,100,18200
20240222,15:13:51,25.3,150,18200
20240222,15:14:07,25.3,50,18300
20240222,15:14:25,24.95,100,18300
20240222,15:14:42,25.05,50,18300
20240222,15:14:58,25.15,50,18300
20240222,15:15:07,25.0,400,18300
20240222,15:15:16,25.0,50,18300
20240222,15:15:24,25.05,50,18300
20240222,15:15:41,25.3,100,18300
20240222,15:15:58,25.25,50,18300
20240222,15:16:33,25.25,50,18300
20240222,15:16:51,25.4,50,18300
20240222,15:18:07,25.45,50,18100
20240222,15:18:52,25.55,50,18100
20240222,15:19:25,25.85,2050,18100
20240222,15:19:33,25.55,200,18100
20240222,15:19:53,25.6,200,18100
20240222,15:20:13,25.65,50,19800
20240222,15:20:23,25.75,50,19800
20240222,15:20:34,25.9,300,19800
20240222,15:20:45,25.9,150,19800
20240222,15:21:14,25.9,500,19800
20240222,15:22:37,25.9,100,19800
20240222,15:22:48,25.85,50,19800
20240222,15:22:56,25.85,300,19700
20240222,15:23:04,25.8,100,19700
20240222,15:23:13,25.8,50,19700
20240222,15:23:21,25.9,100,19700
20240222,15:23:36,25.85,50,19700
20240222,15:24:45,25.8,50,19700
20240222,15:25:00,25.8,50,19700
20240222,15:25:08,25.7,200,19700
20240222,15:25:17,25.7,200,19700
20240222,15:25:26,25.6,50,19700
20240222,15:25:34,25.7,150,19700
20240222,15:25:43,25.7,550,19700
20240222,15:25:52,25.7,1000,19700
20240222,15:26:01,25.7,400,20250
20240222,15:26:17,25.85,50,20250
20240222,15:26:34,26.15,350,20250
20240222,15:26:50,26.2,50,20250
20240222,15:26:58,26.2,400,20250
20240222,15:27:07,26.35,50,20250
20240222,15:27:23,26.4,350,20250
20240222,15:27:31,26.45,100,20250
20240222,15:27:48,26.5,50,20250
20240222,15:27:56,26.6,100,20250
20240222,15:28:30,26.7,50,20250
20240222,15:28:38,26.7,1050,20250
20240222,15:28:55,26.65,100,20250
20240222,15:29:03,26.55,50,22200
20240222,15:29:20,26.9,150,22200
20240222,15:29:28,26.9,500,22200
20240222,15:29:39,26.95,450,22200
20240222,15:30:03,26.75,50,22200
20240223,09:16:07,27.35,1,23050
20240223,09:16:07,27.45,150,23050
20240223,09:16:46,28.55,500,23050
20240223,09:17:19,28.55,50,23050
20240223,09:17:32,26.95,50,23050
20240223,09:17:37,26.95,500,23050
20240223,09:18:09,26.5,200,23050
20240223,09:18:14,26.5,50,23050
20240223,09:18:30,26.6,50,23050
20240223,09:18:57,26.5,100,23300
20240223,09:19:04,26.45,200,23300
20240223,09:19:12,26.55,100,23300
20240223,09:19:51,26.75,100,23300
20240223,09:20:04,26.85,100,23300
20240223,09:20:46,26.6,50,23300
20240223,09:21:12,26.75,500,23300
20240223,09:21:26,26.45,50,23300
20240223,09:21:33,26.45,100,23300
20240223,09:21:39,26.5,50,23300
20240223,09:21:52,26.6,50,23300
20240223,09:23:50,26.85,50,23250
20240223,09:25:09,26.4,50,23200
20240223,09:27:04,26.0,600,23200
20240223,09:27:11,26.1,100,23200
20240223,09:27:24,26.0,50,23200
20240223,09:28:58,25.7,50,22850
20240223,09:29:35,25.5,100,22850
20240223,09:30:20,25.2,50,22850
20240223,09:31:02,25.2,100,22850
20240223,09:32:32,25.2,50,22850
20240223,09:32:54,25.2,100,22850
20240223,09:33:01,25.2,50,22850
20240223,09:33:10,25.2,100,22850
20240223,09:34:03,24.75,50,23100
20240223,09:35:30,24.75,50,23100
20240223,09:38:04,25.2,600,23100
20240223,09:38:18,25.2,100,23100
20240223,09:38:25,25.25,350,23100
20240223,09:38:46,25.4,50,23100
20240223,09:39:07,25.55,50,23100
20240223,09:39:14,25.55,50,23100
20240223,09:39:21,25.7,50,23100
20240223,09:39:42,25.7,450,23100
20240223,09:39:58,25.75,50,23850
20240223,09:40:55,25.85,150,23850
20240223,09:42:29,26.05,50,23850
20240223,09:42:37,26.05,400,23850
20240223,09:44:30,26.0,50,23950
20240223,09:45:10,25.8,50,23950
20240223,09:45:17,25.55,100,23950
20240223,09:45:45,25.85,200,23950
20240223,09:45:53,26.0,550,23950
20240223,09:46:07,25.8,100,24100
20240223,09:46:36,26.05,50,24100
20240223,09:48:14,25.55,50,24100
20240223,09:49:02,25.45,50,24050
20240223,09:49:38,25.05,100,24050
20240223,09:53:11,25.05,900,24000
20240223,09:54:28,24.85,50,24000
20240223,09:55:16,25.15,50,24800
20240223,09:55:31,24.85,50,24800
20240223,09:56:11,25.4,50,24800
20240223,09:56:31,25.35,50,24800
20240223,09:57:42,25.6,50,24800
20240223,09:57:57,25.8,100,24850
20240223,09:58:04,25.8,50,24850
20240223,09:59:55,25.8,50,24850
20240223,10:01:21,25.7,50,24600
20240223,10:01:28,25.75,50,24600
20240223,10:02:38,25.5,50,24600
20240223,10:03:25,25.7,50,24600
20240223,10:05:12,25.55,150,24600
20240223,10:08:09,25.85,100,24750
20240223,10:09:04,25.75,150,24750
20240223,10:10:06,25.6,50,24650
20240223,10:11:00,25.7,50,24650
20240223,10:11:48,26.0,400,24650
20240223,10:16:05,25.75,100,25050
20240223,10:18:46,25.85,100,25050
20240223,10:20:15,26.2,50,25050
20240223,10:20:45,26.25,100,25050
20240223,10:23:02,25.9,50,25100
20240223,10:23:16,25.85,100,25100
20240223,10:23:23,25.85,50,25100
20240223,10:23:37,25.5,500,25100
20240223,10:24:27,25.55,50,25100
20240223,10:24:50,25.05,300,25100
20240223,10:26:04,24.35,1150,25750
20240223,10:27:08,24.65,300,25750
20240223,10:31:02,24.5,50,26850
20240223,10:31:47,24.2,150,26850
20240223,10:32:27,23.8,50,26850
20240223,10:32:35,23.75,200,26850
20240223,10:33:11,23.75,50,26850
20240223,10:33:39,23.75,100,26850
20240223,10:39:07,23.85,50,26700
20240223,10:39:28,23.85,50,26700
20240223,10:40:55,23.7,50,26600
20240223,10:43:02,23.7,50,26600
20240223,10:43:24,24.0,50,26250
20240223,10:43:31,24.15,200,26250
20240223,10:43:52,24.05,50,26250
20240223,10:46:48,23.95,50,26250
20240223,10:47:16,24.0,50,26250
20240223,10:48:25,24.0,50,26250
20240223,10:48:39,23.9,50,26250
20240223,10:49:49,24.1,100,26300
20240223,10:52:53,24.0,50,26400
20240223,10:53:13,24.05,100,26400
20240223,10:55:10,24.05,50,26400
20240223,10:55:45,24.0,50,26400
20240223,10:56:05,23.95,50,26400
20240223,10:56:26,24.0,300,26400
20240223,11:03:57,24.5,100,26450
20240223,11:04:20,24.5,50,26450
20240223,11:06:15,25.05,100,26450
20240223,11:07:10,25.1,100,26450
20240223,11:07:17,24.95,50,26650
20240223,11:07:32,24.85,50,26650
20240223,11:07:39,24.8,100,26650
20240223,11:07:54,24.95,50,26650
20240223,11:09:27,24.45,100,26650
20240223,11:12:28,24.6,50,26600
20240223,11:14:14,24.4,50,26650
20240223,11:15:40,24.45,50,26650
20240223,11:16:37,23.95,50,26450
20240223,11:16:58,23.9,100,26450
20240223,11:17:41,23.95,50,26450
20240223,11:18:37,23.8,100,26450
20240223,11:20:12,24.1,100,26400
20240223,11:22:39,24.0,50,26350
20240223,11:23:12,24.05,50,26350
20240223,11:23:19,24.1,50,26350
20240223,11:23:33,24.1,200,26350
20240223,11:23:40,24.1,50,26350
20240223,11:25:12,24.2,100,26350
20240223,11:25:19,24.2,50,26500
20240223,11:25:46,24.35,100,26500
20240223,11:27:02,24.1,50,26500
20240223,11:30:58,23.85,100,26450
20240223,11:31:57,23.8,100,26450
20240223,11:32:04,24.0,50,26450
20240223,11:34:41,23.95,50,26500
20240223,11:34:48,23.95,50,26500
20240223,11:34:54,23.95,150,26500
20240223,11:35:14,23.9,100,26500
20240223,11:35:28,23.85,50,26500
20240223,11:35:41,23.75,50,26500
20240223,11:36:31,23.5,900,26500
20240223,11:37:50,23.5,200,27100
20240223,11:38:16,23.95,50,27100
20240223,11:38:53,23.95,100,27100
20240223,11:38:59,24.0,50,27100
20240223,11:41:09,23.75,100,27400
20240223,11:41:16,23.75,50,27400
20240223,11:41:43,24.0,50,27400
20240223,11:41:50,24.05,50,27400
20240223,11:44:14,24.0,100,27000
20240223,11:44:21,24.0,100,27000
20240223,11:48:03,24.25,1900,27250
20240223,11:48:23,24.2,1850,27250
20240223,11:49:28,24.0,50,24650
20240223,11:49:47,24.15,1950,24650
20240223,11:49:53,24.1,1950,24650
20240223,11:50:52,23.75,100,24650
20240223,11:51:32,23.75,1200,24650
20240223,11:52:36,23.7,50,23050
20240223,11:52:50,23.5,200,23050
20240223,11:53:06,23.35,250,23050
20240223,11:56:03,23.35,50,23300
20240223,12:00:33,23.9,50,23250
20240223,12:01:12,23.95,50,23250
20240223,12:02:21,24.05,100,23350
20240223,12:04:44,24.2,50,23450
20240223,12:05:54,24.05,100,23450
20240223,12:08:30,24.1,100,23400
20240223,12:08:42,24.1,150,23400
20240223,12:08:55,24.2,100,23400
20240223,12:09:33,24.2,50,23400
20240223,12:09:39,24.2,50,23400
20240223,12:11:52,24.0,100,23650
20240223,12:12:20,24.4,100,23650
20240223,12:12:26,24.4,100,23650
20240223,12:12:51,24.25,50,23650
20240223,12:13:04,24.4,150,23650
20240223,12:13:17,24.4,50,23650
20240223,12:13:43,24.25,100,23350
20240223,12:15:42,24.15,100,23350
20240223,12:16:25,24.25,50,23150
20240223,12:17:09,24.2,50,23150
20240223,12:17:39,24.2,50,23150
20240223,12:17:45,24.2,100,23150
20240223,12:17:58,24.2,350,23150
20240223,12:18:04,24.2,250,23150
20240223,12:19:45,24.1,50,23300
20240223,12:20:41,24.2,100,23300
20240223,12:21:30,24.1,50,23300
20240223,12:21:55,24.1,50,23300
20240223,12:22:31,24.15,100,23150
20240223,12:23:07,24.1,100,23150
20240223,12:23:14,24.15,50,23150
20240223,12:24:01,24.2,150,23150
20240223,12:24:39,24.25,50,23150
20240223,12:25:13,24.2,50,23150
20240223,12:25:48,24.3,100,23150
20240223,12:25:55,24.3,100,23150
20240223,12:26:02,24.3,50,23150
20240223,12:26:15,24.35,50,23150
20240223,12:26:29,24.5,50,23150
20240223,12:26:36,24.35,50,23150
20240223,12:27:23,24.5,400,23150
20240223,12:29:08,24.1,50,23250
20240223,12:30:26,24.2,50,23250
20240223,12:32:17,24.3,50,23250
20240223,12:32:31,24.35,50,23250
20240223,12:32:44,24.25,100,23250
20240223,12:33:17,24.15,50,23250
20240223,12:33:36,24.15,200,23250
20240223,12:33:42,24.1,450,23250
20240223,12:33:49,24.25,700,23250
20240223,12:34:33,24.15,50,23600
20240223,12:36:33,24.25,50,23600
20240223,12:36:52,24.3,50,23600
20240223,12:37:04,24.25,150,23600
20240223,12:37:35,24.3,50,23500
20240223,12:39:42,24.35,50,23500
20240223,12:39:55,24.4,50,23500
20240223,12:40:01,24.35,50,23500
20240223,12:40:08,24.2,800,23500
20240223,12:40:14,24.45,100,23500
20240223,12:40:20,24.45,300,23500
20240223,12:40:47,24.35,50,23850
20240223,12:41:31,24.2,50,23850
20240223,12:43:30,24.3,50,23750
20240223,12:44:27,24.35,50,23750
20240223,12:46:15,24.35,50,23750
20240223,12:47:42,24.3,50,23950
20240223,12:49:38,24.25,50,23900
20240223,12:50:59,24.2,250,23900
20240223,12:51:06,24.2,50,23900
20240223,12:51:12,24.2,50,23900
20240223,12:51:31,24.15,100,23900
20240223,12:51:44,24.2,50,23900
20240223,12:54:05,24.25,50,23850
20240223,12:54:18,24.25,150,23850
20240223,12:54:50,24.35,50,23850
20240223,12:57:16,24.15,50,23850
20240223,12:57:48,24.05,250,23850
20240223,12:57:54,24.2,50,23850
20240223,12:58:32,24.1,50,23500
20240223,12:58:57,23.95,50,23500
20240223,13:00:00,23.75,50,23500
20240223,13:00:07,23.55,250,23500
20240223,13:00:13,23.85,50,23500
20240223,13:00:26,23.9,50,23500
20240223,13:01:54,23.65,100,23700
20240223,13:03:53,23.65,50,23700
20240223,13:04:06,23.45,150,23700
20240223,13:04:19,23.5,150,23700
20240223,13:04:26,23.45,50,23700
20240223,13:04:39,23.25,250,23400
20240223,13:05:25,23.25,50,23400
20240223,13:06:05,23.05,50,23400
20240223,13:06:11,23.05,100,23400
20240223,13:06:32,22.95,50,23400
20240223,13:06:39,22.85,100,23400
20240223,13:08:09,22.85,100,23050
20240223,13:09:50,23.05,250,23050
20240223,13:10:02,23.05,50,23050
20240223,13:10:21,22.95,50,23050
20240223,13:12:26,22.75,50,23350
20240223,13:12:39,22.75,50,23350
20240223,13:12:52,22.85,150,23350
20240223,13:15:19,22.65,100,23300
20240223,13:15:25,22.6,450,23300
20240223,13:15:31,22.4,150,23300
20240223,13:15:50,22.4,250,23300
20240223,13:15:56,22.5,50,23300
20240223,13:16:02,22.4,50,23300
20240223,13:16:21,22.4,100,23300
20240223,13:16:27,22.4,200,23300
20240223,13:16:45,22.25,100,22900
20240223,13:17:14,22.05,200,22900
20240223,13:17:39,21.95,100,22900
20240223,13:18:15,21.9,200,22900
20240223,13:18:22,21.85,100,22900
20240223,13:19:01,21.7,50,22900
20240223,13:19:19,21.7,100,22900
20240223,13:19:32,21.75,50,22800
20240223,13:20:04,21.55,50,22800
20240223,13:20:29,21.4,550,22800
20240223,13:20:42,21.4,100,22800
20240223,13:22:00,21.3,300,22800
20240223,13:22:39,21.3,50,23000
20240223,13:22:45,21.3,200,23000
20240223,13:22:52,21.3,300,23000
20240223,13:22:58,21.3,100,23000
20240223,13:23:04,21.3,250,23000
20240223,13:23:42,21.3,50,23000
20240223,13:23:54,21.3,150,23000
20240223,13:24:00,21.4,850,23000
20240223,13:24:19,21.25,100,23000
20240223,13:24:46,21.2,50,23000
20240223,13:24:54,20.95,250,23000
20240223,13:26:13,20.4,50,24000
20240223,13:28:13,20.4,50,24000
20240223,13:28:34,20.65,50,24100
20240223,13:30:25,20.75,100,24100
20240223,13:31:24,21.3,50,24100
20240223,13:32:40,22.0,200,24250
20240223,13:33:24,22.0,50,24250
20240223,13:34:20,21.8,5550,24250
20240223,13:39:52,21.5,50,28600
20240223,13:46:52,21.3,50,28400
20240223,13:55:51,21.25,50,28400
20240223,13:55:57,21.2,50,28400
20240223,13:56:11,21.2,50,28400
20240223,13:56:30,21.1,100,28400
20240223,13:56:36,21.1,50,28400
20240223,13:56:42,21.0,350,28400
20240223,13:57:13,21.1,50,28400
20240223,13:57:19,21.1,50,28400
20240223,13:57:44,21.15,150,28400
20240223,13:58:22,21.1,50,28400
20240223,14:00:58,21.05,100,28500
20240223,14:01:05,21.1,250,28500
20240223,14:01:53,21.15,250,28400
20240223,14:08:48,20.9,50,28500
20240223,14:08:55,20.85,50,28500
20240223,14:09:22,20.7,50,28500
20240223,14:09:35,20.75,50,28500
20240223,14:09:42,20.75,100,28500
20240223,14:10:04,20.75,50,28500
20240223,14:10:24,20.75,50,28500
20240223,14:10:38,20.7,100,28400
20240223,14:14:38,20.3,100,28400
20240223,14:14:45,20.3,100,28400
20240223,14:15:00,20.25,100,28400
20240223,14:15:29,20.15,150,28400
20240223,14:16:06,20.15,50,28400
20240223,14:19:13,21.15,100,28250
20240223,14:19:40,21.0,50,28250
20240223,14:20:13,21.0,100,28300
20240223,14:27:05,20.8,50,28050
20240223,14:33:32,20.55,50,28050
20240223,14:33:40,20.6,50,28050
20240223,14:34:07,20.65,50,28050
20240223,14:40:39,20.9,150,28100
20240223,14:41:22,20.8,50,28100
20240223,14:43:28,20.8,50,28100
20240223,14:45:30,20.55,50,28100
20240223,14:45:57,20.65,50,28100
20240223,14:46:10,20.6,100,28100
20240223,14:46:38,20.55,50,28100
20240223,14:48:15,20.45,250,28150
20240223,14:49:30,20.45,50,28150
20240223,14:49:37,20.45,150,28150
20240223,14:51:26,20.35,50,28250
20240223,14:51:39,20.2,50,28250
20240223,14:52:00,20.0,150,28250
20240223,14:52:06,20.0,100,28250
20240223,14:52:19,20.05,50,28250
20240223,14:54:01,19.8,100,28500
20240223,14:54:28,20.1,50,28500
20240223,14:54:35,20.0,50,28500
20240223,14:54:55,19.95,150,28500
20240223,14:55:09,20.05,50,28500
20240223,14:55:49,19.95,500,28400
20240223,14:57:07,20.0,100,28400
20240223,15:00:45,19.85,250,28500
20240223,15:01:14,19.6,200,28500
20240223,15:01:28,19.6,50,28500
20240223,15:02:10,19.8,50,28450
20240223,15:02:37,19.5,50,28450
20240223,15:02:44,19.35,50,28450
20240223,15:03:05,19.25,150,28450
20240223,15:03:12,19.1,350,28450
20240223,15:04:26,18.65,250,28450
20240223,15:04:34,18.45,100,28450
20240223,15:04:42,18.45,50,28450
20240223,15:04:49,18.55,50,28700
20240223,15:04:57,18.45,100,28700
20240223,15:05:39,18.45,50,28700
20240223,15:05:46,18.45,200,28700
20240223,15:05:53,18.4,50,28700
20240223,15:06:14,18.4,50,28700
20240223,15:06:28,18.6,100,28700
20240223,15:07:46,18.8,50,28700
20240223,15:08:27,18.9,100,28800
20240223,15:09:08,19.0,500,28800
20240223,15:09:15,19.05,50,28800
20240223,15:09:42,19.05,200,28800
20240223,15:10:16,18.9,50,28800
20240223,15:10:23,18.75,50,28800
20240223,15:11:52,18.65,100,28950
20240223,15:12:05,18.65,100,28950
20240223,15:12:32,18.5,1800,28950
20240223,15:12:46,18.5,1000,28950
20240223,15:12:59,18.5,200,28950
20240223,15:13:05,18.5,50,28950
20240223,15:13:12,18.45,450,28950
20240223,15:13:19,18.45,250,28950
20240223,15:13:25,18.5,200,28950
20240223,15:13:32,18.5,50,28950
20240223,15:13:46,18.5,100,28950
20240223,15:13:52,18.5,100,31300
20240223,15:14:13,18.5,600,31300
20240223,15:14:20,18.5,250,31300
20240223,15:14:27,18.5,200,31300
20240223,15:15:27,18.25,1800,31300
20240223,15:15:47,18.1,4050,31300
20240223,15:15:53,18.1,50,31300
20240223,15:16:00,18.2,100,31300
20240223,15:16:14,18.1,100,31300
20240223,15:16:21,18.1,50,31300
20240223,15:16:29,18.1,100,31300
20240223,15:16:37,17.95,100,31300
20240223,15:16:46,17.8,350,31300
20240223,15:16:55,17.55,100,38050
20240223,15:17:04,17.45,800,38050
20240223,15:17:12,17.45,100,38050
20240223,15:17:19,17.6,100,38050
20240223,15:18:02,17.6,150,38050
20240223,15:18:17,17.4,1800,38050
20240223,15:18:24,17.4,150,38050
20240223,15:18:39,17.4,100,38050
20240223,15:19:08,17.6,100,38050
20240223,15:19:36,17.65,50,38050
20240223,15:19:44,17.7,100,38050
20240223,15:19:51,17.7,50,40400
20240223,15:19:58,17.7,50,40400
20240223,15:20:05,17.75,100,40400
20240223,15:20:13,17.7,50,40400
20240223,15:21:16,17.7,100,40400
20240223,15:22:18,17.8,50,40400
20240223,15:22:32,17.8,100,40400
20240223,15:22:46,17.8,50,40400
20240223,15:23:37,18.05,50,40300
20240223,15:23:51,18.05,50,40300
20240223,15:24:42,17.9,50,40300
20240223,15:24:56,17.95,50,40300
20240223,15:25:04,17.9,200,40300
20240223,15:25:10,17.85,50,40300
20240223,15:26:02,17.85,300,41300
20240223,15:26:39,17.6,50,41300
20240223,15:26:46,17.7,200,41300
20240223,15:27:00,17.6,100,41300
20240223,15:27:15,17.6,100,41300
20240223,15:27:22,17.55,1050,41300
20240223,15:27:29,17.55,200,41300
20240223,15:27:51,17.65,100,41300
20240223,15:28:05,17.8,50,41300
20240223,15:28:27,17.7,200,41300
20240223,15:28:34,17.7,250,41300
20240223,15:28:42,17.6,100,41300
20240223,15:29:05,17.55,150,41050
20240223,15:29:35,17.7,200,41050
20240226,09:15:04,18.0,1,40350
20240226,09:15:04,18.0,50,40350
20240226,09:15:15,17.5,150,40350
20240226,09:15:33,16.35,350,40350
20240226,09:16:17,16.7,50,40250
20240226,09:16:52,16.0,1800,40250
20240226,09:16:59,16.0,50,40250
20240226,09:17:15,16.3,50,40250
20240226,09:17:22,16.2,250,40250
20240226,09:17:29,16.3,100,40250
20240226,09:17:35,16.15,100,40250
20240226,09:17:55,16.35,50,40250
20240226,09:18:31,16.25,200,40250
20240226,09:18:39,16.4,450,40250
20240226,09:18:54,16.3,100,41250
20240226,09:19:01,16.2,100,41250
20240226,09:19:16,16.3,100,41250
20240226,09:19:29,16.3,100,41250
20240226,09:19:35,16.3,150,41250
20240226,09:19:49,16.35,300,41250
20240226,09:20:03,16.65,500,41250
20240226,09:20:18,16.4,50,41250
20240226,09:20:25,16.4,50,41250
20240226,09:21:29,16.5,200,41250
20240226,09:21:36,16.45,200,41250
20240226,09:21:44,16.35,50,41250
20240226,09:21:51,16.35,50,41250
20240226,09:21:59,16.25,200,41850
20240226,09:22:06,16.35,50,41850
20240226,09:22:13,16.4,300,41850
20240226,09:22:27,16.4,50,41850
20240226,09:22:34,16.35,600,41850
20240226,09:22:41,16.5,100,41850
20240226,09:22:49,16.45,150,41850
20240226,09:22:57,16.5,350,41850
20240226,09:23:05,16.4,200,41850
20240226,09:23:30,16.55,50,41850
20240226,09:23:37,16.7,50,41850
20240226,09:24:09,16.55,50,41850
20240226,09:24:16,16.55,50,41850
20240226,09:24:30,16.75,200,41850
20240226,09:25:23,16.75,50,42750
20240226,09:25:53,16.75,50,42750
20240226,09:26:07,16.55,100,42750
20240226,09:26:36,16.5,100,42750
20240226,09:26:51,16.75,250,42750
20240226,09:26:58,16.7,150,42750
20240226,09:27:05,16.7,350,42750
20240226,09:27:12,16.65,200,42750
20240226,09:27:19,16.6,50,42750
20240226,09:27:32,16.4,150,42750
20240226,09:28:48,16.15,200,43750
20240226,09:29:09,16.5,5350,43750
20240226,09:29:16,16.4,100,43750
20240226,09:29:23,16.4,50,43750
20240226,09:29:57,16.3,50,43750
20240226,09:30:04,16.25,50,43750
20240226,09:30:11,16.3,150,43750
20240226,09:30:38,16.3,100,43750
20240226,09:30:52,16.2,100,43750
20240226,09:31:59,16.25,50,39950
20240226,09:32:26,16.3,200,39950
20240226,09:32:52,16.25,50,39950
20240226,09:32:58,16.25,50,39950
20240226,09:33:05,16.25,100,39950
20240226,09:33:12,16.1,50,39950
20240226,09:33:51,16.1,50,39950
20240226,09:34:48,15.95,50,39750
20240226,09:35:56,15.95,300,39750
20240226,09:36:45,16.05,50,39750
20240226,09:37:05,15.95,50,39750
20240226,09:37:18,15.95,50,39750
20240226,09:37:32,16.0,100,39750
20240226,09:37:38,15.85,100,39750
20240226,09:38:04,15.75,50,39750
20240226,09:38:23,15.75,50,39750
20240226,09:39:15,15.9,50,39750
20240226,09:40:51,16.1,100,39750
20240226,09:41:03,16.2,150,39750
20240226,09:44:22,16.4,100,39950
20240226,09:44:54,16.45,50,39950
20240226,09:45:02,16.5,300,39950
20240226,09:45:27,16.35,250,39950
20240226,09:45:43,16.45,50,39950
20240226,09:45:50,16.45,50,39950
20240226,09:46:18,16.75,250,39300
20240226,09:47:34,16.45,50,39300
20240226,09:48:16,16.5,50,39300
20240226,09:49:25,16.1,50,39300
20240226,09:49:54,16.35,700,39200
20240226,09:50:09,16.15,50,39200
20240226,09:51:02,15.65,50,39200
20240226,09:51:38,15.55,50,39200
20240226,09:51:59,15.55,50,39200
20240226,09:52:16,15.4,50,38900
20240226,09:52:33,15.25,50,38900
20240226,09:52:57,15.0,50,38900
20240226,09:53:04,14.8,100,38900
20240226,09:53:13,14.75,150,38900
20240226,09:53:29,14.6,100,38900
20240226,09:54:21,14.6,50,38900
20240226,09:54:35,14.9,50,38900
20240226,09:55:31,14.75,50,38900
20240226,09:55:39,14.75,400,38900
20240226,09:55:53,15.0,100,38900
20240226,09:56:00,15.0,50,38900
20240226,09:56:14,15.15,50,38900
20240226,09:56:28,15.25,200,38900
20240226,09:56:35,15.25,150,38900
20240226,09:57:03,15.35,50,38900
20240226,09:59:05,15.4,200,38800
20240226,10:00:02,15.05,50,38800
20240226,10:01:38,15.2,50,38950
20240226,10:02:13,15.2,50,38950
20240226,10:02:20,15.25,100,38950
20240226,10:03:44,15.4,200,38950
20240226,10:05:04,15.65,50,39150
20240226,10:05:11,15.65,100,39150
20240226,10:05:25,15.65,50,39150
20240226,10:05:32,15.8,50,39150
20240226,10:05:40,15.85,350,39150
20240226,10:06:07,15.8,300,39150
20240226,10:08:13,15.9,550,38950
20240226,10:16:17,15.6,50,37950
20240226,10:19:09,15.85,100,37750
20240226,10:19:16,15.85,100,37750
20240226,10:19:23,15.85,50,37750
20240226,10:22:12,16.15,50,38000
20240226,10:28:21,15.85,100,38000
20240226,10:34:58,15.9,250,37750
20240226,10:35:13,15.7,100,37750
20240226,10:36:22,15.85,50,37750
20240226,10:36:29,15.9,300,37750
20240226,10:36:42,15.9,50,37750
20240226,10:40:16,15.8,50,37350
20240226,10:45:47,15.25,50,37350
20240226,10:45:53,15.2,50,37350
20240226,10:46:26,15.2,50,37250
20240226,10:57:48,15.4,50,37250
20240226,10:58:27,15.35,50,37250
20240226,10:58:54,15.4,50,37250
20240226,10:59:26,15.3,200,37250
20240226,11:00:25,15.15,150,37250
20240226,11:00:34,15.0,50,37250
20240226,11:00:57,15.35,50,37250
20240226,11:10:29,15.7,50,37150
20240226,11:10:48,15.6,50,37150
20240226,11:10:55,15.6,50,37150
20240226,11:12:13,15.65,50,37150
20240226,11:15:44,15.6,900,37200
20240226,11:16:08,15.5,100,37200
20240226,11:27:16,15.75,50,36750
20240226,11:29:33,15.8,150,36750
20240226,11:34:23,15.7,50,36600
20240226,11:35:06,15.7,50,36600
20240226,11:35:31,15.75,450,36600
20240226,11:35:37,16.1,50,36600
20240226,11:35:43,15.8,200,36600
20240226,11:35:50,15.8,500,36600
20240226,11:36:02,15.8,50,36600
20240226,11:36:45,15.6,100,36600
20240226,11:37:50,15.75,150,37950
20240226,11:37:56,15.65,50,37950
20240226,11:38:08,15.75,50,37950
20240226,11:38:26,15.7,50,37950
20240226,11:39:45,15.9,100,37950
20240226,11:40:14,15.75,100,38300
20240226,11:40:20,15.8,300,38300
20240226,11:40:33,16.0,50,38300
20240226,11:40:45,15.8,100,38300
20240226,11:40:57,15.85,50,38300
20240226,11:41:16,15.75,400,38300
20240226,11:41:36,15.7,50,38300
20240226,11:41:49,15.7,50,38300
20240226,11:41:55,15.7,100,38300
20240226,11:42:08,15.75,50,38300
20240226,11:42:21,15.75,100,38300
20240226,11:43:55,15.75,50,39600
20240226,11:45:55,15.9,50,39600
20240226,11:46:32,15.8,50,39700
20240226,11:48:38,15.75,50,39700
20240226,11:49:03,15.75,50,39700
20240226,11:49:16,15.75,50,39500
20240226,11:50:26,15.7,50,39500
20240226,11:51:22,15.7,50,39500
20240226,11:52:32,15.9,50,39650
20240226,11:52:38,15.85,50,39650
20240226,11:53:03,15.9,100,39650
20240226,11:53:10,15.85,100,39650
20240226,11:53:23,15.75,50,39650
20240226,11:53:29,15.75,50,39650
20240226,11:53:36,15.65,150,39650
20240226,11:54:09,15.6,50,39650
20240226,11:54:29,15.55,50,39650
20240226,11:54:51,15.7,200,39650
20240226,11:55:01,15.55,600,39650
20240226,11:55:10,15.55,150,39650
20240226,11:56:03,15.6,250,39400
20240226,11:57:00,15.65,250,39400
20240226,11:57:27,15.6,50,39400
20240226,11:59:02,15.85,50,39900
20240226,11:59:21,15.85,50,39900
20240226,11:59:42,15.65,250,39900
20240226,12:00:02,15.6,250,39900
20240226,12:01:02,15.85,50,39900
20240226,12:01:47,15.6,200,40400
20240226,12:01:54,15.6,800,40400
20240226,12:02:07,15.55,50,40400
20240226,12:02:14,15.35,300,40400
20240226,12:03:52,15.15,50,40400
20240226,12:03:58,15.15,50,40400
20240226,12:04:50,15.05,50,40400
20240226,12:05:16,14.8,250,40400
20240226,12:05:23,14.55,900,40400
20240226,12:05:30,14.65,50,40400
20240226,12:05:42,14.45,200,40400
20240226,12:05:55,14.35,400,40400
20240226,12:18:36,14.2,50,39600
20240226,12:21:06,14.2,250,39600
20240226,12:23:11,14.2,50,39700
20240226,12:27:35,14.4,50,39700
20240226,12:40:42,14.4,750,39700
20240226,12:44:06,14.4,50,39700
20240226,12:44:13,14.3,100,39700
20240226,12:44:19,14.3,50,39700
20240226,12:44:32,14.25,50,39700
20240226,12:44:52,14.3,50,39700
20240226,12:45:05,14.3,50,39700
20240226,12:45:18,14.35,50,39700
20240226,12:45:57,14.35,50,39700
20240226,12:46:16,14.05,100,39700
20240226,12:46:23,14.0,50,39700
20240226,12:46:30,13.9,50,39300
20240226,12:46:37,13.85,1400,39300
20240226,12:46:43,13.85,50,39300
20240226,12:47:10,14.15,50,39300
20240226,12:47:29,14.2,50,39300
20240226,12:47:48,14.15,50,39300
20240226,12:48:20,14.1,100,39300
20240226,12:48:27,14.1,50,39300
20240226,12:49:04,14.15,50,39300
20240226,12:50:14,14.1,100,37600
20240226,12:50:20,14.05,100,37600
20240226,12:50:27,14.05,100,37600
20240226,12:50:33,14.0,50,37600
20240226,12:50:40,14.1,100,37600
20240226,12:53:35,14.1,50,37150
20240226,12:57:47,14.15,200,37150
20240226,13:01:05,14.45,50,37250
20240226,13:13:06,15.1,50,37250
20240226,13:14:37,14.9,100,37250
20240226,13:15:37,14.9,50,37250
20240226,13:16:04,15.05,50,37250
20240226,13:17:27,15.1,200,37100
20240226,13:22:34,15.0,50,37300
20240226,13:23:02,15.0,50,37300
20240226,13:31:04,15.0,50,37250
20240226,13:31:23,15.0,50,37250
20240226,13:37:53,15.05,50,37300
20240226,13:38:25,15.3,400,37300
20240226,13:39:12,15.35,100,37300
20240226,13:46:17,14.4,1000,36950
20240226,13:53:28,14.95,100,37750
20240226,14:00:46,15.2,100,37700
20240226,14:05:09,15.2,100,37700
20240226,14:05:41,15.15,100,37700
20240226,14:10:04,15.45,150,37700
20240226,14:10:17,15.45,50,37700
20240226,14:14:11,14.9,100,37700
20240226,14:35:32,14.85,650,37800
20240226,14:35:40,14.9,200,37800
20240226,14:35:54,14.85,200,37800
20240226,14:36:01,14.9,600,37800
20240226,14:36:15,14.9,100,37800
20240226,14:36:23,14.9,100,37800
20240226,14:36:43,14.9,350,37800
20240226,14:36:51,14.9,50,37800
20240226,14:37:05,14.9,50,37800
20240226,14:37:11,14.9,100,37800
20240226,14:39:50,14.9,500,39500
20240226,14:42:42,14.9,50,39500
20240226,14:43:44,14.9,50,39500
20240226,14:44:19,14.8,200,39600
20240226,14:47:31,14.85,50,39700
20240226,14:49:41,14.4,50,39700
20240226,14:54:48,14.35,200,39050
20240226,14:59:31,14.25,50,38850
20240226,15:02:23,14.25,200,38850
20240226,15:03:11,14.35,50,38850
20240226,15:03:27,14.2,100,38850
20240226,15:04:29,14.25,50,38850
20240226,15:06:29,14.25,50,38950
20240226,15:08:34,14.35,400,38950
20240226,15:09:41,14.4,100,38950
20240226,15:10:58,14.4,50,39050
20240226,15:16:49,14.15,100,39000
20240226,15:18:55,14.05,600,39000
20240226,15:19:18,14.1,100,39000
20240226,15:20:16,14.2,50,39100
20240226,15:20:59,14.1,50,39100
20240226,15:21:58,14.25,150,39100
20240226,15:22:55,14.15,250,39150
20240226,15:24:12,14.25,100,39150
20240226,15:25:12,13.9,50,39150
20240226,15:25:19,13.9,50,39150
20240226,15:27:28,13.9,250,39100
20240226,15:28:02,13.9,100,39100
20240226,15:28:09,13.95,50,39100
20240226,15:28:51,13.95,250,38900
20240226,15:29:13,13.85,150,38900
20240226,15:29:36,13.85,100,38900
20240227,09:16:45,13.15,1,38600
20240227,09:16:45,13.2,1,38600
20240227,09:16:45,13.15,150,38600
20240227,09:16:59,11.5,200,38600
20240227,09:17:31,11.5,200,38600
20240227,09:18:31,12.55,100,38600
20240227,09:18:59,12.45,250,38800
20240227,09:19:07,12.45,150,38800
20240227,09:19:33,12.45,200,38800
20240227,09:20:15,12.4,50,38800
20240227,09:20:55,12.65,50,38800
20240227,09:23:03,12.75,50,38600
20240227,09:23:21,13.0,50,38600
20240227,09:23:38,12.95,50,38600
20240227,09:25:11,13.1,50,38500
20240227,09:30:28,12.95,350,38450
20240227,09:33:16,13.0,300,38400
20240227,09:34:33,13.25,100,38600
20240227,09:35:05,13.2,50,38600
20240227,09:35:45,13.25,50,38600
20240227,09:42:05,13.3,150,38550
20240227,09:42:13,13.25,200,38550
20240227,09:44:02,13.4,750,38700
20240227,09:44:10,13.4,50,38700
20240227,09:44:25,13.55,200,38700
20240227,09:45:04,13.6,50,38700
20240227,09:45:50,13.7,500,38700
20240227,09:47:07,13.7,50,37200
20240227,09:48:32,13.4,500,37200
20240227,09:51:38,13.25,250,37250
20240227,09:52:40,13.25,500,37250
20240227,09:55:57,13.05,50,36750
20240227,10:04:08,12.95,50,36750
20240227,10:08:39,12.85,100,36750
20240227,10:11:21,12.75,50,36750
20240227,10:11:36,12.55,350,36750
20240227,10:14:13,12.4,100,36700
20240227,10:14:29,12.2,300,36700
20240227,10:14:38,12.05,100,36700
20240227,10:15:11,12.05,200,36700
20240227,10:20:57,12.35,50,36700
20240227,10:21:13,12.25,50,36700
20240227,10:23:28,12.4,500,36700
20240227,10:24:06,12.4,200,36700
20240227,10:24:50,12.45,100,36700
20240227,10:24:57,12.1,1400,36700
20240227,10:29:55,12.3,50,34700
20240227,10:32:25,12.2,50,34700
20240227,10:34:16,12.05,200,34700
20240227,10:34:45,12.1,200,34700
20240227,10:35:01,12.2,50,34700
20240227,10:35:24,12.25,50,34700
20240227,10:35:46,12.45,50,34700
20240227,10:38:48,12.05,150,34700
20240227,10:38:55,12.0,200,34700
20240227,10:41:18,12.0,200,34700
20240227,10:41:53,12.1,200,34700
20240227,10:42:08,12.1,200,34700
20240227,10:48:35,12.35,200,34700
20240227,10:54:01,12.2,50,34700
20240227,11:14:12,12.3,50,34700
20240227,11:14:45,12.3,50,34700
20240227,11:15:13,12.3,300,34700
20240227,11:19:01,12.0,250,34700
20240227,11:22:12,12.0,50,34700
20240227,11:22:52,12.0,50,34700
20240227,11:48:56,12.25,100,34700
20240227,11:53:37,12.55,50,34700
20240227,12:02:56,12.55,250,34650
20240227,12:35:37,12.25,50,34650
20240227,12:36:49,12.45,50,34650
20240227,12:40:54,12.2,2000,34650
20240227,12:41:01,12.25,1600,34650
20240227,12:41:08,12.2,550,34650
20240227,12:41:36,12.3,50,34650
20240227,12:42:25,12.25,100,34650
20240227,12:42:39,12.4,300,34650
20240227,12:45:31,12.5,300,34650
20240227,12:49:07,13.0,350,38650
20240227,12:50:28,13.45,150,38650
20240227,12:52:12,13.25,50,38650
20240227,12:54:01,13.0,100,38650
20240227,13:02:23,13.2,100,38650
20240227,13:02:46,13.25,250,38650
20240227,13:02:53,13.25,400,38650
20240227,13:05:07,13.25,800,39350
20240227,13:07:56,13.2,50,40150
20240227,13:08:59,13.25,400,40150
20240227,13:10:07,13.25,400,40150
20240227,13:10:45,13.25,400,40950
20240227,13:11:07,13.25,400,40950
20240227,13:11:14,13.25,200,40950
20240227,13:11:57,13.25,100,40950
20240227,13:12:40,13.25,600,40950
20240227,13:12:47,13.25,750,40950
20240227,13:13:01,13.25,300,40950
20240227,13:13:37,13.7,100,43700
20240227,13:14:22,13.75,50,43700
20240227,13:15:03,13.75,200,43700
20240227,13:17:50,13.75,300,43950
20240227,13:19:54,13.75,500,44250
20240227,13:20:05,13.7,700,44250
20240227,13:20:15,13.75,1050,44250
20240227,13:20:24,13.7,50,44250
20240227,13:21:29,13.55,50,44250
20240227,13:21:36,13.6,50,44250
20240227,13:21:44,13.6,150,44250
20240227,13:21:51,13.55,250,44250
20240227,13:23:43,13.65,300,46850
20240227,13:25:24,13.7,50,46850
20240227,13:31:09,13.7,50,46850
20240227,13:34:09,13.75,1950,46900
20240227,13:35:07,13.7,200,48850
20240227,13:42:52,13.4,50,49050
20240227,13:43:30,13.35,50,49050
20240227,13:43:45,13.3,50,49050
20240227,13:45:50,12.95,100,49050
20240227,13:50:23,12.8,50,49050
20240227,13:53:15,12.95,50,49050
20240227,13:54:33,12.9,50,49050
20240227,13:55:44,12.35,100,49050
20240227,13:57:03,12.7,50,49050
20240227,14:04:47,12.85,50,49050
20240227,14:06:57,12.65,150,49000
20240227,14:07:19,12.6,200,49000
20240227,14:07:41,12.55,50,49000
20240227,14:08:09,12.45,200,49000
20240227,14:08:32,12.6,50,49000
20240227,14:08:53,12.6,50,49000
20240227,14:09:43,12.5,50,49000
20240227,14:11:09,12.45,250,49000
20240227,14:11:16,12.5,50,49000
20240227,14:14:17,12.5,200,49000
20240227,14:20:06,12.7,50,49000
20240227,14:20:13,12.6,150,49000
20240227,14:21:27,12.7,150,49000
20240227,14:21:33,12.75,100,49000
20240227,14:21:40,12.75,100,49000
20240227,14:21:47,12.7,50,49000
20240227,14:37:37,13.1,150,49000
20240227,14:37:44,13.05,100,49000
20240227,14:49:40,13.35,100,49000
20240227,14:54:07,13.0,50,49000
20240227,14:56:09,12.85,50,49000
20240227,15:00:56,13.2,50,49050
20240227,15:01:03,13.35,100,49050
20240227,15:01:20,13.7,550,49050
20240227,15:04:27,13.75,250,49050
20240227,15:04:43,13.75,700,49050
20240227,15:04:50,13.75,500,49050
20240227,15:04:58,13.75,250,50500
20240227,15:05:06,13.8,50,50500
20240227,15:05:44,14.0,50,50500
20240227,15:05:51,14.0,50,50500
20240227,15:06:06,14.05,50,50500
20240227,15:06:37,14.05,50,50500
20240227,15:06:52,14.05,50,50500
20240227,15:07:15,13.85,50,50500
20240227,15:07:23,13.8,50,50500
20240227,15:07:31,13.7,50,50500
20240227,15:09:00,13.65,50,50750
20240227,15:09:21,13.65,50,50750
20240227,15:10:04,13.65,50,50750
20240227,15:10:41,13.7,50,50750
20240227,15:12:00,13.85,200,50750
20240227,15:12:08,13.9,50,50750
20240227,15:12:16,13.9,50,50750
20240227,15:14:20,14.0,50,50750
20240227,15:14:57,13.95,150,50750
20240227,15:15:20,13.9,50,50750
20240227,15:15:28,13.9,50,50750
20240227,15:15:35,13.9,50,50750
20240227,15:15:43,13.9,250,50750
20240227,15:15:51,13.9,100,50750
20240227,15:16:29,13.9,50,50750
20240227,15:16:36,13.9,50,50750
20240227,15:16:45,13.85,100,50750
20240227,15:17:10,13.8,350,51250
20240227,15:17:19,13.9,50,51250
20240227,15:17:34,13.95,100,51250
20240227,15:18:19,14.0,50,51250
20240227,15:18:33,13.9,50,51250
20240227,15:19:01,13.85,100,51250
20240227,15:19:08,13.85,50,51250
20240227,15:19:15,13.8,50,51250
20240227,15:20:14,13.7,50,51450
20240227,15:20:45,13.65,50,51450
20240227,15:21:16,13.65,50,51450
20240227,15:21:24,13.75,50,51450
20240227,15:22:13,13.6,50,51450
20240227,15:22:29,13.65,50,51450
20240227,15:22:59,13.65,50,51450
20240227,15:23:50,13.6,250,51550
20240227,15:25:00,13.65,200,51550
20240227,15:25:35,13.55,50,51550
20240227,15:26:26,13.35,100,51500
20240227,15:27:07,13.25,300,51500
20240227,15:27:28,13.25,300,51500
20240227,15:27:35,13.25,150,51500
20240227,15:27:42,13.25,50,51500
20240227,15:27:49,13.3,900,51500
20240227,15:27:56,13.25,100,51500
20240227,15:28:44,13.25,550,51500
20240227,15:29:42,13.25,450,52000
20240227,15:29:52,13.35,100,52000
20240228,09:15:45,14.35,1,52000
20240228,09:15:45,14.5,1,52000
20240228,09:15:45,13.85,200,52000
20240228,09:15:50,13.55,300,52000
20240228,09:16:45,13.45,50,52200
20240228,09:18:54,13.45,450,52200
20240228,09:19:08,13.8,150,52450
20240228,09:20:03,13.8,50,52450
20240228,09:20:10,13.8,100,52450
20240228,09:20:25,13.7,50,52450
20240228,09:20:45,13.55,50,52450
20240228,09:21:18,13.55,50,52450
20240228,09:21:25,13.5,50,52450
20240228,09:21:31,13.45,50,52450
20240228,09:22:31,13.4,50,52450
20240228,09:22:46,13.4,50,52450
20240228,09:23:26,13.3,250,52450
20240228,09:23:53,13.2,50,52450
20240228,09:25:08,13.2,150,52100
20240228,09:25:22,13.65,250,52100
20240228,09:25:49,13.45,250,52100
20240228,09:28:04,13.5,150,52100
20240228,09:28:25,13.45,50,52100
20240228,09:28:32,13.5,50,52100
20240228,09:29:06,13.45,50,52100
20240228,09:29:30,13.4,50,52100
20240228,09:30:06,13.35,50,52100
20240228,09:30:20,13.25,50,52100
20240228,09:31:43,12.85,200,52200
20240228,09:34:07,12.85,50,52300
20240228,09:34:20,13.45,50,52300
20240228,09:34:34,13.45,150,52300
20240228,09:35:26,13.4,50,52300
20240228,09:35:53,13.2,150,52300
20240228,09:37:05,13.3,50,52300
20240228,09:37:56,13.2,50,52300
20240228,09:38:03,13.2,100,52300
20240228,09:38:35,13.1,100,52300
20240228,09:38:42,13.05,100,52300
20240228,09:40:16,13.0,50,52200
20240228,09:40:42,12.95,100,52200
20240228,09:42:33,12.8,100,52200
20240228,09:42:48,12.8,50,52200
20240228,09:44:08,12.95,150,52200
20240228,09:48:00,12.95,350,52350
20240228,09:48:41,12.9,150,52350
20240228,09:48:48,12.9,50,52350
20240228,09:49:08,12.9,50,52250
20240228,09:49:29,12.95,50,52250
20240228,09:50:25,13.1,200,52250
20240228,09:50:32,13.55,1000,52250
20240228,09:52:00,13.55,50,52250
20240228,09:54:34,13.4,300,52350
20240228,09:54:48,13.45,400,52350
20240228,09:55:10,13.3,50,52150
20240228,09:55:17,13.4,50,52150
20240228,10:00:55,13.1,50,52100
20240228,10:01:59,13.2,50,52100
20240228,10:02:06,13.35,100,52100
20240228,10:03:10,13.25,200,52100
20240228,10:03:37,13.45,350,52100
20240228,10:03:44,13.6,300,52100
20240228,10:05:13,13.75,100,52400
20240228,10:06:04,13.75,50,52400
20240228,10:06:19,13.65,350,52400
20240228,10:06:26,13.65,50,52400
20240228,10:06:33,13.65,100,52400
20240228,10:06:47,13.65,50,52400
20240228,10:07:02,13.65,50,52400
20240228,10:07:33,13.7,250,52400
20240228,10:08:03,13.7,400,52400
20240228,10:08:12,13.7,650,52400
20240228,10:08:20,13.7,800,52400
20240228,10:08:28,13.7,200,52400
20240228,10:08:59,13.85,2600,52400
20240228,10:10:23,13.9,600,56400
20240228,10:10:53,14.2,100,56400
20240228,10:12:07,13.75,100,56400
20240228,10:12:21,13.8,50,56400
20240228,10:14:09,13.9,550,56400
20240228,10:15:16,13.9,200,56400
20240228,10:15:31,13.9,50,56400
20240228,10:16:56,13.85,50,56550
20240228,10:17:11,13.8,250,56550
20240228,10:17:40,13.8,250,56550
20240228,10:19:19,13.5,400,56550
20240228,10:20:16,13.45,50,56550
20240228,10:20:37,13.45,50,56550
20240228,10:20:51,13.5,150,56550
20240228,10:21:04,13.45,50,56550
20240228,10:23:25,13.45,50,56850
20240228,10:24:22,13.5,250,56850
20240228,10:25:19,13.55,150,57050
20240228,10:31:58,13.55,100,57150
20240228,10:32:06,13.5,50,57150
20240228,10:32:14,13.45,50,57150
20240228,10:32:29,13.6,150,57150
20240228,10:33:24,13.6,50,57150
20240228,10:34:17,13.7,100,57150
20240228,10:38:02,13.6,100,56950
20240228,10:38:18,13.45,100,56950
20240228,10:38:26,13.5,200,56950
20240228,10:38:51,13.5,150,56950
20240228,10:39:07,13.5,50,56950
20240228,10:39:15,13.4,100,56950
20240228,10:39:30,13.5,100,56950
20240228,10:39:38,13.3,100,56950
20240228,10:40:11,13.25,100,56950
20240228,10:40:19,13.25,100,56950
20240228,10:40:35,13.35,300,56100
20240228,10:40:44,13.25,100,56100
20240228,10:40:52,13.55,50,56100
20240228,10:42:39,13.7,150,56100
20240228,10:44:09,13.75,300,56050
20240228,10:49:35,13.55,100,56050
20240228,10:50:28,13.25,50,56050
20240228,10:50:38,13.1,5000,56050
20240228,10:50:47,13.0,5000,56050
20240228,10:50:56,13.2,850,56050
20240228,10:51:05,12.95,150,56050
20240228,10:51:16,12.9,500,56050
20240228,10:51:27,12.85,250,56050
20240228,10:52:04,12.8,400,56050
20240228,10:52:15,12.75,200,56050
20240228,10:52:24,12.4,250,66250
20240228,10:52:34,12.65,50,66250
20240228,10:52:45,12.65,250,66250
20240228,10:53:12,12.5,200,66250
20240228,10:53:21,12.5,50,66250
20240228,10:54:32,12.65,50,66250
20240228,10:55:43,12.2,100,65950
20240228,10:56:52,12.2,250,65950
20240228,10:57:38,12.6,100,65950
20240228,10:57:49,12.5,300,65950
20240228,10:58:09,12.55,100,65950
20240228,10:58:49,12.6,50,65600
20240228,10:58:58,12.55,50,65600
20240228,10:59:56,12.35,50,65600
20240228,11:00:05,12.3,50,65600
20240228,11:00:25,12.0,250,65600
20240228,11:00:36,12.0,100,65600
20240228,11:00:47,12.05,250,65600
20240228,11:01:39,12.05,200,65300
20240228,11:03:16,12.1,50,65300
20240228,11:03:41,12.2,50,65300
20240228,11:04:14,12.2,50,65300
20240228,11:04:31,12.35,50,65300
20240228,11:04:48,12.35,50,65300
20240228,11:05:25,12.25,50,65300
20240228,11:05:50,12.25,100,65300
20240228,11:05:59,12.25,50,65300
20240228,11:06:07,12.15,250,65300
20240228,11:06:17,12.1,200,65300
20240228,11:06:26,12.25,50,65300
20240228,11:06:42,12.3,50,65300
20240228,11:06:50,12.3,200,65300
20240228,11:06:59,12.4,50,65300
20240228,11:08:16,12.4,50,64950
20240228,11:08:24,12.4,50,64950
20240228,11:08:32,12.35,250,64950
20240228,11:08:49,12.35,800,64950
20240228,11:08:58,12.35,350,64950
20240228,11:09:06,12.3,50,64950
20240228,11:09:38,12.35,150,64950
20240228,11:09:46,12.4,50,64950
20240228,11:10:09,12.4,150,64950
20240228,11:10:18,12.4,300,64950
20240228,11:10:26,12.35,200,66000
20240228,11:10:50,12.45,400,66000
20240228,11:11:06,12.6,100,66000
20240228,11:11:14,12.6,50,66000
20240228,11:11:54,12.5,250,66000
20240228,11:12:02,12.6,650,66000
20240228,11:12:18,12.6,450,66000
20240228,11:12:26,12.5,500,66000
20240228,11:12:34,12.5,150,66000
20240228,11:12:42,12.4,200,66000
20240228,11:12:51,12.4,50,66000
20240228,11:13:18,12.35,100,66000
20240228,11:14:09,12.2,100,65400
20240228,11:15:30,12.4,50,65400
20240228,11:16:17,12.35,50,65400
20240228,11:17:40,12.5,100,65450
20240228,11:18:04,12.55,50,65450
20240228,11:18:20,12.6,50,65450
20240228,11:18:43,12.6,50,65450
20240228,11:19:09,12.55,100,65450
20240228,11:19:33,12.55,100,65400
20240228,11:19:49,12.35,450,65400
20240228,11:19:57,12.35,1750,65400
20240228,11:20:13,12.5,1050,65400
20240228,11:20:21,12.45,2100,65400
20240228,11:20:29,12.45,950,65400
20240228,11:20:37,12.5,100,65400
20240228,11:20:53,12.5,100,65400
20240228,11:21:09,12.5,100,65400
20240228,11:21:42,12.45,50,65400
20240228,11:21:52,12.4,100,65400
20240228,11:27:29,12.45,100,69550
20240228,11:28:20,12.5,50,69550
20240228,11:28:35,12.45,50,69550
20240228,11:31:35,12.15,100,69550
20240228,11:31:43,12.2,50,69550
20240228,11:33:43,12.1,50,69550
20240228,11:34:59,12.1,50,69450
20240228,11:35:36,12.0,50,69450
20240228,11:37:03,12.1,50,69450
20240228,11:42:34,12.15,50,69500
20240228,11:42:50,12.15,100,69500
20240228,11:42:57,12.15,200,69500
20240228,11:43:05,12.15,100,69500
20240228,11:43:13,12.05,100,69500
20240228,11:43:38,12.05,50,69150
20240228,11:44:01,12.1,50,69150
20240228,11:44:08,12.05,100,69150
20240228,11:44:23,12.1,50,69150
20240228,11:45:03,11.95,100,69150
20240228,11:45:22,11.85,100,69150
20240228,11:45:31,11.85,50,69150
20240228,11:45:55,11.85,50,69150
20240228,11:46:12,11.95,100,69150
20240228,11:46:22,11.9,100,69150
20240228,11:46:40,11.95,100,68900
20240228,11:47:04,11.95,50,68900
20240228,11:47:12,11.95,50,68900
20240228,11:47:54,11.9,150,68900
20240228,11:48:02,11.75,100,68900
20240228,11:48:18,11.75,250,68900
20240228,11:49:53,12.0,300,68450
20240228,11:50:00,12.0,50,68450
20240228,11:50:16,12.0,150,68450
20240228,11:50:24,12.0,50,68450
20240228,11:50:39,12.05,300,68450
20240228,11:50:46,12.0,100,68450
20240228,11:51:08,11.8,100,68450
20240228,11:51:24,11.75,200,68450
20240228,11:51:47,11.65,100,68450
20240228,11:51:54,11.65,150,68450
20240228,11:52:02,11.85,50,68450
20240228,11:52:09,11.9,50,68450
20240228,11:52:17,11.9,50,68450
20240228,11:52:31,11.95,50,68450
20240228,11:53:30,11.95,50,67200
20240228,11:55:16,11.95,50,67200
20240228,11:55:24,12.0,200,67200
20240228,11:56:44,11.75,200,66900
20240228,11:57:49,11.95,500,66900
20240228,11:58:05,11.95,500,66900
20240228,11:58:15,12.0,250,66900
20240228,11:58:23,12.05,550,66900
20240228,11:58:39,11.95,50,66650
20240228,11:58:47,11.95,200,66650
20240228,11:59:18,11.9,1850,66650
20240228,11:59:26,11.9,450,66650
20240228,12:01:06,11.85,50,66650
20240228,12:02:07,11.8,50,64300
20240228,12:03:47,11.9,50,64300
20240228,12:04:30,11.9,50,64300
20240228,12:04:47,11.9,50,64300
20240228,12:05:43,11.8,50,64300
20240228,12:09:28,11.75,50,64300
20240228,12:10:07,11.6,50,64300
20240228,12:12:19,11.6,50,64300
20240228,12:13:46,11.8,150,64350
20240228,12:14:42,11.9,100,64350
20240228,12:15:15,11.9,100,64350
20240228,12:16:11,11.9,50,64350
20240228,12:25:18,11.75,100,64300
20240228,12:31:24,11.75,100,64200
20240228,12:32:36,11.8,50,64100
20240228,12:36:11,12.05,100,64100
20240228,12:36:41,12.15,100,64100
20240228,12:38:46,12.15,100,64300
20240228,12:39:07,12.2,100,64300
20240228,12:54:10,11.9,100,64500
20240228,12:54:30,12.0,100,64500
20240228,12:55:04,11.95,100,64500
20240228,12:55:23,12.15,100,64500
20240228,12:56:04,12.1,50,64650
20240228,12:57:43,12.1,50,64650
20240228,12:57:59,12.1,150,64650
20240228,13:00:33,12.25,100,64500
20240228,13:00:42,12.15,50,64500
20240228,13:01:01,12.3,50,64500
20240228,13:01:45,12.2,50,64500
20240228,13:02:11,12.2,50,64550
20240228,13:03:35,12.15,200,64550
20240228,13:03:51,12.3,50,64550
20240228,13:04:22,12.1,300,64550
20240228,13:04:46,12.1,150,64600
20240228,13:05:10,12.1,350,64600
20240228,13:05:25,12.1,100,64600
20240228,13:05:49,12.1,100,64600
20240228,13:06:05,12.05,500,64600
20240228,13:06:13,12.05,400,64600
20240228,13:06:21,12.15,200,64600
20240228,13:06:45,12.1,400,64600
20240228,13:06:53,12.0,350,64600
20240228,13:07:01,12.1,500,64600
20240228,13:07:11,12.05,950,64600
20240228,13:07:22,12.0,800,64600
20240228,13:07:42,11.95,50,64600
20240228,13:07:52,11.95,100,64550
20240228,13:08:02,11.9,1400,64550
20240228,13:08:11,11.9,1750,64550
20240228,13:08:38,11.85,50,64550
20240228,13:09:45,11.8,550,64550
20240228,13:09:53,11.85,50,64550
20240228,13:10:09,11.75,50,64550
20240228,13:10:17,11.75,550,64550
20240228,13:10:25,11.8,400,64550
20240228,13:10:56,11.85,350,64500
20240228,13:11:04,11.9,50,64500
20240228,13:13:51,11.8,50,64500
20240228,13:13:59,11.75,200,64500
20240228,13:15:09,12.0,350,64500
20240228,13:15:25,11.9,750,64500
20240228,13:18:28,11.65,500,64500
20240228,13:19:50,11.85,250,64500
20240228,13:22:55,12.0,100,64100
20240228,13:23:17,12.1,50,64100
20240228,13:24:38,12.2,100,64100
20240228,13:25:46,12.05,150,64100
20240228,13:26:00,12.05,200,64250
20240228,13:27:10,12.15,50,64250
20240228,13:27:17,12.1,50,64250
20240228,13:28:26,12.05,250,64250
20240228,13:28:52,12.0,250,64200
20240228,13:30:24,11.85,550,64200
20240228,13:30:31,11.95,50,64200
20240228,13:30:38,11.95,50,64200
20240228,13:31:51,11.95,100,64200
20240228,13:33:28,12.0,50,64250
20240228,13:35:27,12.15,200,64250
20240228,13:35:50,12.15,50,64250
20240228,13:37:00,12.2,100,64250
20240228,13:38:26,12.1,100,64350
20240228,13:39:18,12.05,100,64350
20240228,13:40:09,12.15,100,64350
20240228,13:40:30,12.15,50,64350
20240228,13:40:58,12.1,200,64500
20240228,13:41:43,12.0,50,64500
20240228,13:41:58,12.1,50,64500
20240228,13:50:48,12.3,100,64550
20240228,13:54:27,12.3,100,64650
20240228,13:54:40,12.3,50,64650
20240228,13:54:54,12.25,50,64650
20240228,13:58:44,12.3,50,64650
20240228,13:59:13,12.25,50,64700
20240228,13:59:34,12.35,100,64700
20240228,14:00:08,12.25,50,64700
20240228,14:00:22,12.1,50,64700
20240228,14:00:30,11.9,100,64700
20240228,14:00:43,11.9,1100,64700
20240228,14:04:20,11.9,150,64800
20240228,14:08:14,12.35,150,64700
20240228,14:08:28,12.35,150,64700
20240228,14:09:09,12.35,250,64700
20240228,14:10:49,12.1,150,64700
20240228,14:14:36,12.1,50,64700
20240228,14:15:58,11.9,50,64700
20240228,14:18:14,12.15,50,64700
20240228,14:22:58,12.05,100,64700
20240228,14:28:02,12.0,50,64650
20240228,14:33:35,11.6,50,64650
20240228,14:34:12,11.55,50,64650
20240228,14:34:45,11.45,100,64650
20240228,14:35:33,11.45,50,64800
20240228,14:35:41,11.75,50,64800
20240228,14:38:28,11.7,50,64800
20240228,14:44:39,11.45,50,64800
20240228,14:48:00,11.5,100,64750
20240228,14:48:41,11.6,50,64750
20240228,14:50:25,11.85,100,64700
20240228,14:50:40,11.85,250,64700
20240228,14:50:48,11.85,50,64700
20240228,14:52:18,11.9,150,64700
20240228,14:52:26,11.9,50,64700
20240228,14:52:42,11.9,100,64700
20240228,14:52:58,11.85,100,64700
20240228,14:53:06,11.8,100,64750
20240228,14:56:45,11.85,50,64700
20240228,14:57:10,11.75,1000,64700
20240228,14:59:52,11.8,50,65700
20240228,15:04:06,11.9,100,65700
20240228,15:05:40,11.8,50,65800
20240228,15:06:44,11.5,900,65800
20240228,15:07:14,11.4,500,65800
20240228,15:08:16,11.3,150,66250
20240228,15:08:51,11.3,950,66250
20240228,15:09:00,11.4,500,66250
20240228,15:09:09,11.4,550,66250
20240228,15:10:07,11.35,50,66250
20240228,15:11:00,11.35,50,66250
20240228,15:11:40,11.2,150,66200
20240228,15:11:56,11.1,100,66200
20240228,15:18:27,11.1,50,66100
20240228,15:18:45,11.15,100,66100
20240228,15:18:54,11.2,50,66100
20240228,15:19:04,11.35,100,66100
20240228,15:19:14,11.4,100,66100
20240228,15:20:36,11.2,150,66200
20240228,15:20:52,11.15,50,66200
20240228,15:21:56,11.15,100,66200
20240228,15:22:04,11.1,150,66200
20240228,15:23:36,11.2,150,66100
20240228,15:25:40,11.15,50,66100
20240228,15:26:29,11.1,50,66100
20240228,15:26:37,11.05,100,66100
20240228,15:27:08,11.05,50,66100
20240228,15:27:33,10.95,900,66100
20240228,15:29:10,12.6,50,66100
20240229,09:16:53,10.95,1,66100
20240229,09:16:53,10.95,100,66100
20240229,09:17:01,10.9,400,66100
20240229,09:17:09,11.0,200,66100
20240229,09:17:39,11.0,1600,66100
20240229,09:18:16,10.75,50,66100
20240229,09:18:40,10.8,200,66100
20240229,09:19:11,10.7,100,66100
20240229,09:21:48,10.5,1800,67900
20240229,09:23:34,10.5,50,69400
20240229,09:24:33,10.65,600,69400
20240229,09:24:41,10.7,100,69400
20240229,09:24:49,10.65,50,69400
20240229,09:25:15,10.65,50,69400
20240229,09:25:24,10.7,100,69750
20240229,09:25:32,10.75,50,69750
20240229,09:25:41,10.75,50,69750
20240229,09:25:49,10.75,400,69750
20240229,09:26:21,10.8,100,69750
20240229,09:26:39,10.8,100,69750
20240229,09:26:48,10.9,50,69750
20240229,09:27:43,10.95,100,69750
20240229,09:28:10,10.95,50,69750
20240229,09:28:19,11.05,50,69650
20240229,09:29:16,11.1,50,69650
20240229,09:29:26,11.1,100,69650
20240229,09:29:36,10.95,50,69650
20240229,09:29:46,10.9,500,69650
20240229,09:30:31,10.85,50,69650
20240229,09:31:08,11.05,500,69650
20240229,09:31:25,10.75,200,69400
20240229,09:31:43,10.65,150,69400
20240229,09:32:10,10.6,50,69400
20240229,09:32:35,10.5,100,69400
20240229,09:33:18,10.55,100,69400
20240229,09:33:38,10.55,100,69400
20240229,09:33:48,10.6,150,69400
20240229,09:33:59,10.55,150,69400
20240229,09:34:08,10.55,150,69400
20240229,09:34:28,10.6,200,69200
20240229,09:35:05,10.55,50,69200
20240229,09:35:21,10.5,150,69200
20240229,09:36:11,10.45,50,69200
20240229,09:36:35,10.45,50,69200
20240229,09:36:59,10.45,50,69200
20240229,09:37:08,10.4,250,69200
20240229,09:37:51,10.4,50,69300
20240229,09:38:24,10.5,150,69300
20240229,09:40:11,10.4,100,69300
20240229,09:41:35,10.3,200,69400
20240229,09:41:46,10.15,300,69400
20240229,09:41:56,10.35,100,69400
20240229,09:42:15,10.3,50,69400
20240229,09:42:32,10.3,50,69400
20240229,09:43:05,10.35,50,69400
20240229,09:48:08,10.25,50,69300
20240229,09:48:39,10.25,100,69300
20240229,09:48:49,10.25,200,69300
20240229,09:48:59,10.25,200,69300
20240229,09:49:25,10.2,50,69300
20240229,09:50:40,10.3,550,69600
20240229,09:53:44,10.1,150,69600
20240229,09:54:45,10.4,100,69600
20240229,09:54:55,10.55,50,69600
20240229,09:56:03,10.55,200,69600
20240229,09:56:33,10.3,100,69600
20240229,09:57:37,10.6,100,69600
20240229,10:01:21,10.5,150,69600
20240229,10:01:56,10.65,50,69600
20240229,10:02:05,10.6,100,69600
20240229,10:02:56,10.65,100,69600
20240229,10:03:05,10.6,50,69600
20240229,10:03:13,10.6,50,69600
20240229,10:03:38,10.6,100,69600
20240229,10:05:13,10.5,50,69600
20240229,10:06:05,10.5,50,69600
20240229,10:06:13,10.55,200,69600
20240229,10:13:13,10.6,100,69600
20240229,10:14:53,10.1,100,69700
20240229,10:15:49,10.15,50,69700
20240229,10:16:31,10.0,500,69800
20240229,10:16:40,9.9,50,69800
20240229,10:17:09,9.75,200,69800
20240229,10:17:18,9.85,50,69800
20240229,10:17:44,9.65,50,69800
20240229,10:18:08,9.65,50,69800
20240229,10:18:24,9.9,50,69800
20240229,10:18:41,9.9,50,69800
20240229,10:18:49,9.9,50,69800
20240229,10:18:57,9.85,1950,69800
20240229,10:19:30,9.9,50,69800
20240229,10:19:47,9.85,100,69800
20240229,10:20:03,9.85,650,69800
20240229,10:20:12,9.85,1900,69800
20240229,10:20:21,9.85,2600,69800
20240229,10:21:20,9.8,150,69800
20240229,10:21:35,9.75,50,69800
20240229,10:21:43,9.75,50,69800
20240229,10:23:39,9.9,150,69800
20240229,10:23:48,9.8,50,69800
20240229,10:23:58,9.85,1100,69800
20240229,10:24:08,9.8,550,69800
20240229,10:24:29,9.75,500,69800
20240229,10:24:54,9.75,1400,69800
20240229,10:25:02,9.75,1200,69800
20240229,10:25:58,9.85,500,69800
20240229,10:26:07,9.9,50,69800
20240229,10:27:51,10.0,100,69800
20240229,10:28:07,10.1,900,69800
20240229,10:29:28,9.95,50,69800
20240229,10:29:36,9.85,500,69800
20240229,10:30:30,10.0,50,69800
20240229,10:30:58,10.05,50,69800
20240229,10:31:37,10.2,400,70300
20240229,10:32:01,10.0,100,70300
20240229,10:32:09,10.1,50,70300
20240229,10:32:26,10.1,250,70300
20240229,10:32:53,10.15,50,70300
20240229,10:33:01,10.1,50,70300
20240229,10:33:36,9.8,50,70300
20240229,10:33:53,9.7,150,70300
20240229,10:34:11,9.65,300,70300
20240229,10:34:20,9.65,250,70300
20240229,10:34:55,9.7,1150,70300
20240229,10:35:29,9.7,1000,70300
20240229,10:35:38,9.7,50,70300
20240229,10:35:46,9.7,50,70300
20240229,10:37:03,9.65,200,70300
20240229,10:37:20,9.6,50,70300
20240229,10:38:01,9.6,50,69200
20240229,10:38:10,9.6,100,69200
20240229,10:38:44,9.55,300,69200
20240229,10:40:09,9.55,50,69200
20240229,10:41:08,9.6,650,69150
20240229,10:41:42,9.55,100,69150
20240229,10:42:34,9.55,100,69150
20240229,10:43:19,9.45,50,69150
20240229,10:43:52,9.35,100,69750
20240229,10:45:38,9.35,50,69750
20240229,10:45:48,9.45,50,69750
20240229,10:46:59,9.55,50,69750
20240229,10:47:08,9.45,50,69750
20240229,10:47:50,9.35,100,69750
20240229,10:48:07,9.3,50,69750
20240229,10:48:15,9.3,100,69750
20240229,10:50:38,9.45,100,69750
20240229,10:50:55,9.5,100,69750
20240229,10:51:19,9.55,100,69750
20240229,10:51:36,9.6,50,69750
20240229,10:52:35,9.75,50,69800
20240229,10:53:24,9.8,100,69800
20240229,10:57:45,9.7,100,69800
20240229,10:58:49,9.6,50,69750
20240229,11:02:38,9.5,50,69750
20240229,11:03:57,9.5,50,69750
20240229,11:05:23,9.5,150,69750
20240229,11:06:40,9.5,150,69750
20240229,11:07:27,9.55,250,69750
20240229,11:07:35,9.55,50,69750
20240229,11:12:32,9.55,50,69800
20240229,11:13:31,9.5,50,69800
20240229,11:13:39,9.45,150,69800
20240229,11:13:47,9.45,50,69800
20240229,11:13:55,9.45,50,69800
20240229,11:15:38,9.9,100,69800
20240229,11:16:42,9.85,100,69800
20240229,11:17:10,9.9,100,69700
20240229,11:17:36,9.75,150,69700
20240229,11:18:36,9.7,100,69700
20240229,11:19:46,9.45,100,69700
20240229,11:20:58,9.4,100,69700
20240229,11:21:14,9.4,850,69700
20240229,11:21:22,9.45,100,69700
20240229,11:21:48,9.4,50,69700
20240229,11:21:56,9.45,250,69700
20240229,11:22:40,9.65,50,69700
20240229,11:24:05,9.5,100,69600
20240229,11:24:30,9.45,50,69600
20240229,11:26:08,9.55,200,69550
20240229,11:26:32,9.4,150,69550
20240229,11:28:48,9.3,50,69450
20240229,11:31:06,9.35,100,69450
20240229,11:31:31,9.35,950,69450
20240229,11:31:40,9.4,50,69450
20240229,11:33:08,9.35,200,69450
20240229,11:35:23,9.3,50,69450
20240229,11:38:21,9.5,50,69400
20240229,11:44:21,9.4,150,69400
20240229,11:47:10,9.4,50,69550
20240229,11:49:09,9.45,50,69550
20240229,11:49:32,9.45,50,69550
20240229,11:50:18,9.45,100,69500
20240229,11:50:33,9.5,500,69500
20240229,11:50:41,9.5,500,69500
20240229,11:50:55,9.55,50,69500
20240229,11:54:11,9.5,200,69600
20240229,11:54:19,9.5,250,69600
20240229,11:57:48,9.7,50,69600
20240229,11:59:59,9.45,50,69600
20240229,12:01:28,9.4,900,69600
20240229,12:02:44,9.5,100,69700
20240229,12:05:09,9.45,50,69650
20240229,12:07:16,9.45,50,69650
20240229,12:08:37,9.6,100,69650
20240229,12:09:43,9.65,50,69650
20240229,12:11:14,9.65,50,69650
20240229,12:15:21,9.65,200,69650
20240229,12:15:49,9.7,50,69650
20240229,12:16:48,9.65,250,69650
20240229,12:17:24,10.9,1800,69650
20240229,12:17:46,9.8,50,69650
20240229,12:18:00,9.8,150,69650
20240229,12:18:30,9.95,100,69650
20240229,12:19:24,9.9,700,69650
20240229,12:19:40,9.7,950,69650
20240229,12:20:54,9.75,100,70350
20240229,12:21:48,9.65,50,70350
20240229,12:22:09,9.7,200,70350
20240229,12:23:28,9.7,350,70450
20240229,12:23:57,9.75,50,70450
20240229,12:24:04,9.75,50,70450
20240229,12:24:29,9.65,250,70450
20240229,12:24:53,9.65,1800,70450
20240229,12:25:40,9.75,250,70450
20240229,12:25:48,9.85,100,70450
20240229,12:27:02,9.75,700,72300
20240229,12:27:10,9.75,100,72300
20240229,12:27:17,9.75,200,72300
20240229,12:27:32,10.0,800,72300
20240229,12:28:01,9.8,50,72300
20240229,12:28:15,9.8,100,72300
20240229,12:29:01,9.7,50,72350
20240229,12:30:24,9.75,150,72350
20240229,12:32:04,9.95,100,72400
20240229,12:32:21,9.75,550,72400
20240229,12:33:06,9.9,50,72400
20240229,12:41:04,9.8,200,72300
20240229,12:51:19,10.1,100,72450
20240229,12:56:00,9.95,50,72350
20240229,12:58:55,10.0,100,72350
20240229,13:00:56,9.7,100,72300
20240229,13:01:12,9.7,100,72300
20240229,13:07:34,9.75,100,72450
20240229,13:07:43,9.75,50,72450
20240229,13:09:53,9.75,100,72400
20240229,13:10:29,9.75,50,72400
20240229,13:10:38,9.75,50,72400
20240229,13:11:41,9.75,50,72400
20240229,13:15:46,9.9,100,72450
20240229,13:20:49,9.75,50,72450
20240229,13:21:16,9.85,50,72450
20240229,13:21:25,9.8,50,72450
20240229,13:21:43,9.7,50,72450
20240229,13:22:36,9.65,50,72450
20240229,13:24:22,9.55,100,72450
20240229,13:24:57,9.5,250,72450
20240229,13:25:06,9.45,100,72450
20240229,13:25:32,9.35,100,72450
20240229,13:25:50,9.3,550,72450
20240229,13:27:25,9.1,400,72100
20240229,13:28:35,9.1,50,72100
20240229,13:30:32,9.4,150,72050
20240229,13:30:58,9.45,50,72050
20240229,13:32:51,9.5,100,72000
20240229,13:33:49,9.55,100,72000
20240229,13:34:05,9.4,100,72000
20240229,13:36:49,9.05,1000,72100
20240229,13:39:04,9.05,50,72050
20240229,13:39:40,9.4,100,72050
20240229,13:40:08,9.55,400,72050
20240229,13:44:22,9.3,1750,71700
20240229,13:44:46,9.3,150,71700
20240229,13:47:20,9.4,50,73500
20240229,13:50:16,9.4,50,73500
20240229,13:50:35,9.4,100,73500
20240229,13:50:44,9.45,50,73500
20240229,13:57:20,9.5,50,73600
20240229,14:01:46,9.45,150,73600
20240229,14:02:09,8.65,2700,73600
20240229,14:02:25,9.45,300,73600
20240229,14:03:14,9.5,50,73600
20240229,14:04:52,9.5,100,73600
20240229,14:04:59,9.5,150,73600
20240229,14:05:08,9.5,50,73600
20240229,14:05:16,9.55,100,73750
20240229,14:06:02,9.55,50,73750
20240229,14:08:39,9.6,500,73750
20240229,14:09:46,9.45,50,73750
20240229,14:10:29,9.45,150,73750
20240229,14:10:54,9.4,250,73750
20240229,14:11:11,9.55,50,74000
20240229,14:12:31,9.65,50,74000
20240229,14:13:50,9.65,150,74000
20240229,14:15:35,9.75,200,74150
20240229,14:16:50,9.55,50,74150
20240229,14:16:58,9.5,50,74150
20240229,14:20:22,9.6,500,74200
20240229,14:21:24,9.35,50,74200
20240229,14:23:20,9.2,500,74550
20240229,14:32:36,9.45,50,74350
20240229,14:33:05,9.35,150,74350
20240229,14:33:53,9.4,50,74350
20240229,14:34:25,9.4,50,74350
20240229,14:38:05,9.5,150,74400
20240229,14:38:31,9.55,50,74550
20240229,14:38:57,9.45,50,74550
20240229,14:40:09,9.6,50,74550
20240229,14:42:30,9.55,50,74550
20240229,14:42:51,9.6,50,74550
20240229,14:43:29,9.6,50,74550
20240229,14:44:16,9.65,50,74550
20240229,14:45:21,9.8,100,74550
20240229,14:45:42,9.75,50,74550
20240229,14:46:11,9.6,100,74550
20240229,14:46:49,9.7,100,74550
20240229,14:48:01,9.5,50,74600
20240229,14:48:28,9.55,100,74600
20240229,14:49:04,9.55,50,74600
20240229,14:50:06,9.45,100,74600
20240229,14:50:49,9.4,150,74450
20240229,14:55:47,9.5,50,74300
20240229,14:56:31,9.55,100,74300
20240229,14:59:05,9.65,50,74300
20240229,14:59:14,9.6,50,74300
20240229,14:59:34,9.45,50,74350
20240229,14:59:44,9.6,50,74350
20240229,15:00:13,9.6,50,74350
20240229,15:00:40,9.4,50,74350
20240229,15:01:39,9.65,2100,74350
20240229,15:02:34,9.6,150,74500
20240229,15:03:37,9.55,100,74500
20240229,15:03:55,9.45,100,74500
20240229,15:05:12,9.6,100,74500
20240229,15:06:22,9.5,200,74600
20240229,15:07:14,9.55,100,74600
20240229,15:08:04,9.55,50,74600
20240229,15:08:21,9.55,150,74750
20240229,15:08:38,9.55,50,74750
20240229,15:08:47,9.5,150,74750
20240229,15:09:12,9.5,50,74750
20240229,15:09:37,9.55,750,74750
20240229,15:09:45,9.45,950,74750
20240229,15:10:00,9.45,50,74750
20240229,15:10:16,9.45,50,74750
20240229,15:10:33,9.4,50,74750
20240229,15:10:49,9.35,50,74750
20240229,15:10:57,9.35,300,74750
20240229,15:11:14,9.35,50,74750
20240229,15:11:23,9.3,200,74050
20240229,15:12:03,9.25,50,74050
20240229,15:12:11,9.25,300,74050
20240229,15:12:20,9.2,350,74050
20240229,15:12:44,9.2,150,74050
20240229,15:13:00,9.15,100,74050
20240229,15:13:09,9.2,300,74050
20240229,15:13:26,9.15,150,74050
20240229,15:14:25,9.2,450,73250
20240229,15:14:33,9.2,50,73250
20240229,15:15:28,9.25,500,73250
20240229,15:15:38,9.25,300,73250
20240229,15:16:23,9.25,100,73250
20240229,15:16:32,9.2,150,73250
20240229,15:16:53,9.25,50,73250
20240229,15:17:34,9.25,100,73250
20240229,15:17:50,9.4,250,73250
20240229,15:18:24,9.25,250,73250
20240229,15:18:34,9.2,100,73250
20240229,15:19:18,9.3,50,73250
20240229,15:20:26,9.3,50,73250
20240229,15:21:02,9.3,400,73250
20240229,15:21:36,9.2,150,73250
20240229,15:21:45,9.15,50,73250
20240229,15:22:10,9.2,50,73250
20240229,15:22:18,9.15,100,73250
20240229,15:22:27,9.1,50,73250
20240229,15:23:27,9.25,50,73250
20240229,15:23:51,9.2,50,73250
20240229,15:24:07,9.05,50,73250
20240229,15:24:30,9.05,150,73250
20240229,15:26:07,9.05,50,73250
20240229,15:27:16,9.2,100,73250
20240229,15:27:25,9.15,100,73250
20240229,15:27:34,9.05,150,73250
20240229,15:27:42,9.05,100,73250
20240229,15:28:07,9.3,50,73250
20240229,15:28:24,9.15,150,73250
20240229,15:28:41,9.15,1100,73250
20240229,15:28:50,9.2,50,73250
20240229,15:29:33,12.2,1200,74400
