date,time,tick_price,volume,open_interest
20231218,09:19:51,45.1,100,100
20231218,09:20:15,43.7,100,100
20231218,09:20:46,42.95,100,100
20231218,09:20:58,42.8,50,100
20231218,09:21:19,42.8,100,100
20231218,09:21:40,44.8,200,100
20231218,09:22:24,44.25,400,100
20231218,09:22:34,44.1,500,100
20231218,09:22:44,45.45,950,100
20231218,09:22:53,45.85,450,100
20231218,09:23:13,47.0,50,100
20231218,09:23:34,47.6,50,100
20231218,09:23:55,48.25,250,2650
20231218,09:24:05,49.1,250,2650
20231218,09:24:38,50.25,50,2650
20231218,09:24:49,50.25,100,2650
20231218,09:25:01,51.2,100,2650
20231218,09:25:32,51.1,50,2650
20231218,09:26:02,51.5,700,2650
20231218,09:26:12,51.5,450,2650
20231218,09:26:23,51.15,400,2650
20231218,09:26:32,51.0,400,2650
20231218,09:26:42,50.95,550,4500
20231218,09:27:03,51.4,400,4500
20231218,09:27:12,50.5,200,4500
20231218,09:27:22,50.95,200,4500
20231218,09:27:32,50.5,50,4500
20231218,09:27:42,50.75,900,4500
20231218,09:28:01,51.25,500,4500
20231218,09:28:11,50.75,50,4500
20231218,09:28:29,50.95,50,4500
20231218,09:29:05,51.2,250,4500
20231218,09:29:15,51.3,200,4500
20231218,09:29:32,51.95,1400,4500
20231218,09:29:41,52.25,400,7900
20231218,09:29:50,52.7,200,7900
20231218,09:30:00,53.05,950,7900
20231218,09:30:08,53.3,200,7900
20231218,09:30:17,53.3,500,7900
20231218,09:31:06,53.6,950,7900
20231218,09:31:16,53.6,500,7900
20231218,09:31:26,52.95,50,7900
20231218,09:31:36,52.3,50,7900
20231218,09:31:45,51.45,1000,7900
20231218,09:32:04,51.55,50,7900
20231218,09:32:24,51.8,100,7900
20231218,09:33:48,51.7,50,10300
20231218,09:33:57,51.55,150,10300
20231218,09:34:07,51.4,200,10300
20231218,09:34:36,51.05,200,10300
20231218,09:35:05,50.2,200,10300
20231218,09:35:15,50.35,50,10300
20231218,09:36:57,50.3,400,10550
20231218,09:37:07,49.95,250,10550
20231218,09:37:17,50.3,100,10550
20231218,09:37:45,50.45,550,10550
20231218,09:38:03,50.55,100,10550
20231218,09:38:47,49.3,50,10100
20231218,09:39:22,49.7,50,10100
20231218,09:39:50,49.7,100,10100
20231218,09:39:59,49.6,50,10100
20231218,09:41:46,50.8,150,9950
20231218,09:42:52,50.1,300,9950
20231218,09:43:00,50.1,50,9950
20231218,09:45:57,51.8,50,9800
20231218,09:46:06,51.55,100,9800
20231218,09:46:54,51.65,50,9800
20231218,09:47:31,52.0,600,9800
20231218,09:48:06,51.75,50,10400
20231218,09:48:15,51.8,150,10400
20231218,09:49:09,51.8,50,10400
20231218,09:50:36,52.4,150,10400
20231218,09:50:45,52.3,50,10450
20231218,09:51:20,52.45,50,10450
20231218,09:52:15,52.6,300,10450
20231218,09:52:50,52.0,250,10450
20231218,09:53:52,51.2,50,10750
20231218,09:54:18,51.25,250,10750
20231218,09:55:03,51.5,100,10750
20231218,09:55:12,51.45,50,10750
20231218,09:55:21,51.25,50,10750
20231218,09:58:09,50.8,200,10650
20231218,09:58:18,50.95,500,10650
20231218,09:59:25,51.25,100,10650
20231218,10:00:13,51.8,50,10650
20231218,10:00:23,52.1,100,10650
20231218,10:01:00,52.5,100,10650
20231218,10:01:31,52.25,100,10650
20231218,10:02:01,52.25,500,10650
20231218,10:03:13,54.25,150,10850
20231218,10:03:43,54.25,50,10850
20231218,10:04:03,54.25,50,10850
20231218,10:05:01,54.25,50,10850
20231218,10:05:22,54.15,50,10850
20231218,10:06:01,53.9,50,11000
20231218,10:06:20,53.55,50,11000
20231218,10:06:40,53.6,50,11000
20231218,10:07:28,54.0,150,11000
20231218,10:10:50,54.0,50,11150
20231218,10:11:09,54.0,50,11150
20231218,10:11:18,54.0,50,11150
20231218,10:11:46,54.25,50,11250
20231218,10:12:06,54.4,100,11250
20231218,10:15:56,54.65,50,11150
20231218,10:16:54,55.25,250,11150
20231218,10:17:24,55.25,50,11150
20231218,10:17:43,54.55,50,11150
20231218,10:19:06,54.25,500,11150
20231218,10:20:09,53.5,50,11150
20231218,10:20:26,53.4,50,11150
20231218,10:22:05,54.05,150,11700
20231218,10:23:17,53.35,50,11700
20231218,10:23:45,53.95,400,11500
20231218,10:24:04,53.8,100,11500
20231218,10:24:51,54.05,300,11500
20231218,10:25:21,54.5,150,11500
20231218,10:25:50,54.5,250,11500
20231218,10:27:15,55.1,100,11500
20231218,10:27:33,55.15,350,11500
20231218,10:28:01,55.3,100,11500
20231218,10:28:58,56.3,350,11500
20231218,10:29:08,56.55,1200,11500
20231218,10:29:18,57.05,100,11500
20231218,10:29:29,57.05,100,11500
20231218,10:29:39,56.95,100,11500
20231218,10:29:49,57.0,50,12500
20231218,10:30:48,57.0,700,12500
20231218,10:31:07,57.25,750,12500
20231218,10:31:17,57.3,50,12500
20231218,10:31:27,57.5,450,12500
20231218,10:31:37,57.65,100,12500
20231218,10:31:47,57.65,50,12500
20231218,10:31:57,57.5,250,12500
20231218,10:32:51,57.95,50,13750
20231218,10:33:45,57.95,900,13750
20231218,10:34:20,58.0,50,13750
20231218,10:35:03,58.0,350,13750
20231218,10:35:13,57.5,1500,13750
20231218,10:35:22,57.5,900,13750
20231218,10:35:59,57.5,6050,17150
20231218,10:36:08,57.5,1550,17150
20231218,10:36:20,57.2,10600,17150
20231218,10:36:32,57.2,1200,17150
20231218,10:36:41,57.25,300,17150
20231218,10:36:50,57.25,150,17150
20231218,10:37:27,57.4,900,17150
20231218,10:37:47,57.2,400,17150
20231218,10:37:57,57.2,5600,17150
20231218,10:38:07,56.3,12200,17150
20231218,10:38:18,55.5,1400,17150
20231218,10:38:28,55.25,1450,17150
20231218,10:38:46,55.5,50,47100
20231218,10:39:03,55.5,5050,47100
20231218,10:39:12,55.1,2250,47100
20231218,10:39:31,55.2,100,47100
20231218,10:39:50,55.2,50,47100
20231218,10:39:59,55.2,1800,47100
20231218,10:40:17,55.5,2000,47100
20231218,10:40:26,55.25,12000,47100
20231218,10:40:37,55.2,4200,47100
20231218,10:40:47,55.25,1100,47100
20231218,10:41:24,55.75,50,47100
20231218,10:41:33,55.5,450,47100
20231218,10:43:10,55.4,250,70700
20231218,10:43:46,55.35,200,70700
20231218,10:44:10,55.4,100,70700
20231218,10:44:44,55.5,450,70700
20231218,10:45:02,55.55,100,70800
20231218,10:45:11,55.4,200,70800
20231218,10:45:29,55.2,1250,70800
20231218,10:45:37,55.1,500,70800
20231218,10:45:46,55.25,2900,70800
20231218,10:45:55,55.0,450,70800
20231218,10:46:21,54.95,1000,70800
20231218,10:46:38,54.8,150,70800
20231218,10:46:46,54.65,150,70800
20231218,10:47:02,54.75,450,70800
20231218,10:49:41,55.0,450,73650
20231218,10:49:49,55.0,800,73650
20231218,10:50:15,55.05,50,73650
20231218,10:51:08,55.25,50,74850
20231218,10:52:01,55.0,50,74850
20231218,10:52:19,55.05,50,74850
20231218,10:52:27,55.25,150,74850
20231218,10:53:04,55.65,50,74850
20231218,10:53:22,55.65,250,74850
20231218,10:53:31,55.75,500,74850
20231218,10:53:40,55.75,900,74850
20231218,10:54:16,55.8,250,75050
20231218,10:54:24,55.8,450,75050
20231218,10:54:33,55.85,50,75050
20231218,10:54:51,56.05,550,75050
20231218,10:55:18,56.1,50,75050
20231218,10:56:35,55.95,150,75050
20231218,10:56:53,56.0,50,76000
20231218,10:57:01,56.0,950,76000
20231218,10:57:19,56.1,50,76000
20231218,10:57:28,56.25,450,76000
20231218,10:58:02,56.1,600,76000
20231218,10:58:20,56.1,50,76000
20231218,10:58:28,56.0,1600,76000
20231218,10:58:37,56.05,50,76000
20231218,10:58:45,56.0,1400,76000
20231218,10:59:02,56.0,550,76000
20231218,10:59:27,56.0,50,76000
20231218,10:59:36,56.0,2250,76000
20231218,10:59:45,56.0,50,76000
20231218,10:59:53,56.0,10600,83050
20231218,11:00:02,55.8,400,83050
20231218,11:00:11,55.8,50,83050
20231218,11:00:45,55.8,50,83050
20231218,11:01:10,55.8,100,83050
20231218,11:01:19,55.9,50,83050
20231218,11:01:43,55.9,200,83050
20231218,11:01:52,55.9,100,83050
20231218,11:01:59,55.95,50,83050
20231218,11:02:25,56.0,450,83050
20231218,11:02:50,56.05,50,93300
20231218,11:02:58,56.0,250,93300
20231218,11:03:07,55.95,400,93300
20231218,11:04:14,56.0,300,93300
20231218,11:04:22,56.0,50,93300
20231218,11:04:38,55.95,200,93300
20231218,11:04:46,56.0,200,93300
20231218,11:05:44,56.0,500,93300
20231218,11:07:03,56.3,50,93650
20231218,11:07:36,56.3,950,93650
20231218,11:07:52,56.35,50,93650
20231218,11:08:00,56.4,50,93650
20231218,11:08:08,56.4,50,93650
20231218,11:08:15,56.4,50,93650
20231218,11:08:31,56.5,1800,93650
20231218,11:08:48,56.45,50,93650
20231218,11:08:57,57.0,350,96400
20231218,11:09:07,57.0,50,96400
20231218,11:09:17,57.25,1850,96400
20231218,11:09:26,57.3,13300,96400
20231218,11:09:36,56.6,4050,96400
20231218,11:09:45,56.45,350,96400
20231218,11:09:55,56.55,350,96400
20231218,11:10:05,56.3,2300,96400
20231218,11:10:23,56.55,400,96400
20231218,11:10:33,56.8,150,96400
20231218,11:10:50,56.65,100,96400
20231218,11:11:08,56.95,1050,96400
20231218,11:12:01,57.05,50,116200
20231218,11:13:05,57.05,50,116200
20231218,11:13:22,57.15,50,116200
20231218,11:13:30,57.15,50,116200
20231218,11:13:39,57.15,50,116200
20231218,11:13:55,57.25,50,116200
20231218,11:14:12,57.15,200,116200
20231218,11:14:20,57.25,50,116200
20231218,11:14:29,57.45,1800,116200
20231218,11:14:37,57.2,200,116200
20231218,11:14:45,57.3,50,116200
20231218,11:14:53,57.4,50,118350
20231218,11:15:10,57.35,50,118350
20231218,11:15:19,57.6,750,118350
20231218,11:15:29,57.65,200,118350
20231218,11:15:37,57.7,100,118350
20231218,11:15:46,57.7,50,118350
20231218,11:16:04,57.65,1050,118350
20231218,11:16:12,57.8,1200,118350
20231218,11:16:20,57.95,2750,118350
20231218,11:16:29,57.65,350,118350
20231218,11:16:37,57.7,450,118350
20231218,11:16:45,57.7,950,118350
20231218,11:16:54,57.7,3550,118350
20231218,11:17:02,57.7,450,118350
20231218,11:17:11,57.7,9950,118350
20231218,11:17:20,57.65,200,118350
20231218,11:17:28,57.7,1550,118350
20231218,11:17:37,57.7,1300,118350
20231218,11:17:54,57.7,5550,136800
20231218,11:18:02,57.7,1800,136800
20231218,11:18:11,57.75,200,136800
20231218,11:18:20,57.7,7000,136800
20231218,11:18:37,57.75,750,136800
20231218,11:18:45,57.75,350,136800
20231218,11:18:53,57.75,350,136800
20231218,11:19:02,57.7,100,136800
20231218,11:19:10,57.75,700,136800
20231218,11:19:19,57.8,450,136800
20231218,11:19:27,57.8,1050,136800
20231218,11:19:35,57.8,750,136800
20231218,11:19:44,57.85,1200,136800
20231218,11:20:08,58.05,1700,136800
20231218,11:20:25,57.8,1500,136800
20231218,11:20:41,57.8,50,136800
20231218,11:20:49,57.8,4250,158800
20231218,11:21:06,57.7,2500,158800
20231218,11:21:14,57.75,550,158800
20231218,11:21:23,57.75,350,158800
20231218,11:21:31,57.75,1050,158800
20231218,11:21:55,57.7,5900,158800
20231218,11:22:03,57.7,1000,158800
20231218,11:22:11,57.7,3950,158800
20231218,11:22:28,57.7,12100,158800
20231218,11:22:37,57.75,1150,158800
20231218,11:22:46,57.8,2200,158800
20231218,11:22:55,57.7,5550,158800
20231218,11:23:03,57.7,6900,158800
20231218,11:23:12,57.55,4250,158800
20231218,11:23:21,57.75,1050,158800
20231218,11:23:37,57.7,1100,158800
20231218,11:23:55,57.75,4350,202000
20231218,11:24:12,57.75,10700,202000
20231218,11:24:21,57.9,5450,202000
20231218,11:24:30,57.9,2250,202000
20231218,11:24:39,57.85,1100,202000
20231218,11:24:47,57.7,4950,202000
20231218,11:24:55,57.65,3600,202000
20231218,11:25:01,57.45,50,202000
20231218,11:25:02,57.5,100,202000
20231218,11:25:11,57.75,50,202000
20231218,11:25:13,57.7,50,202000
20231218,11:25:22,57.7,50,202000
20231218,11:25:40,57.55,100,202000
20231218,11:25:48,57.4,50,202000
20231218,11:25:49,57.4,100,202000
20231218,11:25:52,57.4,50,202000
20231218,11:25:55,57.3,50,202000
20231218,11:25:56,57.3,100,202000
20231218,11:26:03,57.35,50,202000
20231218,11:26:11,57.2,150,202000
20231218,11:26:19,57.05,300,202000
20231218,11:26:27,57.15,200,202000
20231218,11:26:35,57.2,500,202000
20231218,11:26:43,57.5,550,202000
20231218,11:26:51,57.45,50,202000
20231218,11:27:00,57.6,50,225400
20231218,11:27:34,57.5,50,225400
20231218,11:27:42,57.5,50,225400
20231218,11:28:24,57.55,50,225400
20231218,11:28:55,57.65,50,225400
20231218,11:29:20,57.55,50,225400
20231218,11:29:28,57.6,50,225400
20231218,11:29:37,57.85,50,225400
20231218,11:29:45,57.85,50,225400
20231218,11:29:54,57.85,250,225550
20231218,11:30:27,57.7,400,225550
20231218,11:30:36,57.75,50,225550
20231218,11:30:45,57.9,400,225550
20231218,11:31:19,57.85,450,225550
20231218,11:31:51,57.9,50,225550
20231218,11:33:13,57.9,350,225800
20231218,11:33:29,57.9,300,225800
20231218,11:33:45,57.6,100,225800
20231218,11:34:01,57.8,50,225800
20231218,11:34:15,57.8,50,225800
20231218,11:34:23,57.85,50,225800
20231218,11:34:39,57.9,50,225800
20231218,11:35:35,57.75,600,225800
20231218,11:35:43,57.8,50,225800
20231218,11:35:59,57.9,100,226050
20231218,11:36:08,58.3,250,226050
20231218,11:36:17,58.35,400,226050
20231218,11:36:25,58.25,50,226050
20231218,11:36:51,58.25,250,226050
20231218,11:37:07,58.05,50,226050
20231218,11:37:15,58.1,50,226050
20231218,11:37:24,58.25,150,226050
20231218,11:37:55,58.15,50,226050
20231218,11:38:41,58.15,50,226050
20231218,11:38:50,58.15,50,226050
20231218,11:39:07,58.3,50,226300
20231218,11:40:30,57.95,50,226300
20231218,11:40:39,57.9,250,226300
20231218,11:40:55,57.75,250,226300
20231218,11:41:04,57.85,400,226300
20231218,11:41:12,58.0,50,226300
20231218,11:41:28,58.0,100,226300
20231218,11:41:36,58.1,150,226300
20231218,11:41:52,58.0,100,226300
20231218,11:41:59,58.0,200,226200
20231218,11:42:07,58.0,800,226200
20231218,11:42:15,57.95,50,226200
20231218,11:42:30,57.9,400,226200
20231218,11:42:37,57.8,500,226200
20231218,11:42:52,57.9,50,226200
20231218,11:43:05,57.9,50,226200
20231218,11:43:12,57.85,100,226200
20231218,11:43:20,57.95,50,226200
20231218,11:43:49,57.95,50,226200
20231218,11:44:04,57.7,200,226200
20231218,11:44:49,57.8,250,226200
20231218,11:44:58,57.8,200,226300
20231218,11:45:07,57.8,250,226300
20231218,11:45:15,57.85,50,226300
20231218,11:45:24,57.65,400,226300
20231218,11:45:32,57.6,50,226300
20231218,11:45:40,57.7,50,226300
20231218,11:46:04,57.75,600,226300
20231218,11:46:12,57.75,800,226300
20231218,11:46:28,57.7,50,226300
20231218,11:46:36,57.6,50,226300
20231218,11:46:44,57.55,300,226300
20231218,11:46:52,57.6,350,226300
20231218,11:47:00,57.7,700,226300
20231218,11:47:17,57.55,300,226300
20231218,11:47:24,57.55,2000,226300
20231218,11:47:32,57.6,600,226300
20231218,11:47:40,57.6,1000,226300
20231218,11:47:48,57.6,500,226300
20231218,11:47:56,57.6,300,229000
20231218,11:48:03,57.55,300,229000
20231218,11:48:11,57.6,500,229000
20231218,11:48:27,57.6,950,229000
20231218,11:48:36,57.55,1600,229000
20231218,11:48:44,57.55,1150,229000
20231218,11:48:53,57.2,13050,229000
20231218,11:49:04,57.4,1700,229000
20231218,11:49:13,57.45,550,229000
20231218,11:49:53,57.7,50,229000
20231218,11:50:02,57.85,50,229000
20231218,11:50:10,57.65,150,229000
20231218,11:50:19,57.65,100,229000
20231218,11:50:28,57.4,550,229000
20231218,11:50:37,57.35,100,229000
20231218,11:50:53,57.25,100,229000
20231218,11:51:10,57.4,200,244350
20231218,11:51:19,57.45,50,244350
20231218,11:51:27,57.4,50,244350
20231218,11:51:36,57.4,50,244350
20231218,11:52:08,57.7,200,244350
20231218,11:52:15,57.6,50,244350
20231218,11:52:31,57.5,250,244350
20231218,11:53:11,57.65,50,244350
20231218,11:53:27,57.6,50,244350
20231218,11:53:51,57.75,50,244350
20231218,11:53:59,57.75,50,244350
20231218,11:54:22,57.75,50,244350
20231218,11:54:38,57.8,50,244350
20231218,11:55:19,57.6,50,244350
20231218,11:55:27,57.6,50,244350
20231218,11:55:36,57.6,50,244350
20231218,11:55:44,57.45,400,244350
20231218,11:55:53,57.5,50,244350
20231218,11:56:10,57.4,50,244350
20231218,11:56:18,57.35,400,244350
20231218,11:56:26,57.55,50,244350
20231218,11:56:43,57.25,200,244350
20231218,11:57:01,57.45,300,244750
20231218,11:57:10,57.5,600,244750
20231218,11:57:19,57.65,450,244750
20231218,11:57:27,57.7,150,244750
20231218,11:57:36,57.8,300,244750
20231218,11:58:25,57.3,200,244750
20231218,11:58:43,57.2,50,244750
20231218,11:58:52,57.05,1200,244750
20231218,11:59:00,57.0,600,244750
20231218,11:59:09,57.0,50,244750
20231218,11:59:17,57.05,50,244750
20231218,11:59:34,57.1,100,244750
20231218,11:59:44,56.5,550,244750
20231218,11:59:54,56.7,800,244750
20231218,12:00:04,56.75,100,244850
20231218,12:00:32,56.85,650,244850
20231218,12:00:41,56.8,100,244850
20231218,12:00:51,56.95,100,244850
20231218,12:01:09,57.05,100,244850
20231218,12:01:26,57.1,2000,244850
20231218,12:02:08,57.1,100,244850
20231218,12:02:42,57.2,900,244850
20231218,12:03:08,57.1,100,247000
20231218,12:03:16,57.1,50,247000
20231218,12:03:31,57.15,100,247000
20231218,12:03:39,57.1,100,247000
20231218,12:03:47,57.1,200,247000
20231218,12:03:55,57.1,100,247000
20231218,12:04:19,57.15,100,247000
20231218,12:04:42,57.25,100,247000
20231218,12:05:07,57.35,350,247000
20231218,12:05:23,57.6,400,247000
20231218,12:05:32,57.45,50,247000
20231218,12:05:41,57.6,700,247000
20231218,12:05:49,57.45,50,247000
20231218,12:05:57,57.6,150,247000
20231218,12:06:06,57.6,50,247050
20231218,12:06:31,57.65,50,247050
20231218,12:06:48,57.65,50,247050
20231218,12:07:21,57.3,50,247050
20231218,12:07:29,57.5,200,247050
20231218,12:07:37,57.4,150,247050
20231218,12:07:45,57.35,300,247050
20231218,12:08:01,57.35,100,247050
20231218,12:08:18,57.2,50,247050
20231218,12:08:35,57.3,300,247050
20231218,12:08:50,57.05,100,247050
20231218,12:09:15,57.05,1200,247000
20231218,12:09:24,57.1,200,247000
20231218,12:09:41,57.05,950,247000
20231218,12:09:50,57.05,3250,247000
20231218,12:09:59,57.05,6600,247000
20231218,12:10:09,57.05,450,247000
20231218,12:10:17,57.05,900,247000
20231218,12:10:26,57.1,1150,247000
20231218,12:10:35,57.2,450,247000
20231218,12:10:43,57.15,550,247000
20231218,12:10:51,57.1,50,247000
20231218,12:11:07,57.25,250,247000
20231218,12:11:15,57.05,100,247000
20231218,12:11:23,57.05,2550,247000
20231218,12:11:39,57.1,500,247000
20231218,12:12:03,57.05,850,262200
20231218,12:12:11,57.0,400,262200
20231218,12:12:18,56.9,50,262200
20231218,12:12:34,57.1,100,262200
20231218,12:12:41,57.05,50,262200
20231218,12:12:49,57.15,50,262200
20231218,12:12:57,57.1,50,262200
20231218,12:13:05,57.05,50,262200
20231218,12:13:12,57.1,50,262200
20231218,12:13:35,57.1,200,262200
20231218,12:13:44,57.05,150,262200
20231218,12:14:16,57.4,150,262200
20231218,12:14:41,57.3,50,262200
20231218,12:14:49,57.2,100,262200
20231218,12:15:22,57.4,350,262950
20231218,12:15:30,57.6,100,262950
20231218,12:15:39,57.7,150,262950
20231218,12:15:48,57.75,50,262950
20231218,12:16:13,57.75,50,262950
20231218,12:16:38,57.75,100,262950
20231218,12:17:11,57.2,150,262950
20231218,12:17:57,57.3,200,263000
20231218,12:18:05,57.3,100,263000
20231218,12:18:22,57.2,650,263000
20231218,12:18:42,57.15,50,263000
20231218,12:19:21,57.15,50,263000
20231218,12:19:51,57.0,150,263000
20231218,12:20:16,57.0,100,263000
20231218,12:20:24,57.15,100,263000
20231218,12:20:32,56.9,100,263000
20231218,12:20:49,57.0,150,263000
20231218,12:20:57,57.1,50,263100
20231218,12:21:13,57.15,100,263100
20231218,12:21:43,57.15,50,263100
20231218,12:21:52,57.3,150,263100
20231218,12:22:01,57.0,100,263100
20231218,12:22:10,57.0,100,263100
20231218,12:22:19,57.15,100,263100
20231218,12:22:27,57.1,400,263100
20231218,12:22:36,57.15,50,263100
20231218,12:22:44,57.15,100,263100
20231218,12:22:52,57.2,350,263100
20231218,12:22:59,57.3,50,263100
20231218,12:23:07,57.3,100,263100
20231218,12:23:14,57.35,50,263100
20231218,12:23:22,57.35,50,263100
20231218,12:23:30,57.35,50,263100
20231218,12:23:46,57.5,50,263100
20231218,12:24:18,57.05,700,263150
20231218,12:24:27,57.0,700,263150
20231218,12:24:36,57.3,50,263150
20231218,12:25:17,56.95,50,263150
20231218,12:25:25,57.15,150,263150
20231218,12:26:04,56.95,100,263150
20231218,12:26:51,56.9,50,263150
20231218,12:27:00,57.0,50,263100
20231218,12:27:08,57.1,50,263100
20231218,12:27:31,57.1,100,263100
20231218,12:27:47,57.2,50,263100
20231218,12:27:54,57.2,1850,263100
20231218,12:28:17,57.1,50,263100
20231218,12:28:25,57.3,900,263100
20231218,12:28:32,57.15,50,263100
20231218,12:28:41,56.95,300,263100
20231218,12:28:54,56.8,300,263100
20231218,12:29:04,56.5,1300,263100
20231218,12:29:14,56.55,350,263100
20231218,12:29:24,56.45,1000,263100
20231218,12:29:34,56.25,250,263100
20231218,12:29:44,56.1,1850,263100
20231218,12:29:56,55.8,5250,263100
20231218,12:30:26,56.0,850,265900
20231218,12:30:55,56.3,300,265900
20231218,12:31:04,56.55,50,265900
20231218,12:31:13,56.65,150,265900
20231218,12:31:22,56.35,150,265900
20231218,12:31:31,56.35,100,265900
20231218,12:31:41,56.45,50,265900
20231218,12:32:08,56.55,200,265900
20231218,12:32:26,56.35,300,265900
20231218,12:32:35,56.3,300,265900
20231218,12:33:01,56.1,200,265900
20231218,12:33:10,56.35,100,265250
20231218,12:33:19,56.65,150,265250
20231218,12:34:03,56.15,100,265250
20231218,12:34:22,56.25,100,265250
20231218,12:35:04,56.3,300,265250
20231218,12:35:37,56.25,100,265250
20231218,12:36:20,56.65,150,265450
20231218,12:36:43,56.7,100,265450
20231218,12:36:50,56.75,100,265450
20231218,12:37:45,56.65,100,265450
20231218,12:38:24,56.75,100,265450
20231218,12:41:23,56.4,50,265550
20231218,12:41:31,56.6,1150,265550
20231218,12:48:59,55.65,50,265550
20231218,12:49:07,55.55,200,265550
20231218,12:51:10,55.0,150,265550
20231218,12:51:58,55.0,250,265550
20231218,12:52:06,54.95,350,265550
20231218,12:52:13,55.1,400,265550
20231218,12:52:21,55.5,1450,265550
20231218,12:52:30,55.6,1600,265550
20231218,12:52:38,55.6,600,265550
20231218,12:53:08,55.55,300,265550
20231218,12:53:31,55.45,300,265550
20231218,12:53:53,55.25,950,265550
20231218,12:56:39,54.8,50,265500
20231218,12:56:54,54.5,50,265500
20231218,12:57:08,54.5,50,265550
20231218,12:57:38,54.45,100,265550
20231218,12:59:42,54.85,50,265550
20231218,13:01:37,54.2,50,265600
20231218,13:04:02,53.85,300,265600
20231218,13:04:11,54.1,300,265600
20231218,13:04:18,54.05,100,265600
20231218,13:04:26,54.15,250,265600
20231218,13:04:34,53.95,250,265600
20231218,13:04:42,53.8,100,265600
20231218,13:04:50,53.85,100,265600
20231218,13:04:58,53.8,500,265600
20231218,13:05:14,53.75,150,265600
20231218,13:05:22,53.65,250,265600
20231218,13:06:38,53.1,300,265550
20231218,13:08:13,53.0,50,265550
20231218,13:08:47,53.25,50,265550
20231218,13:11:49,53.25,100,265550
20231218,13:12:42,53.1,100,265650
20231218,13:13:06,53.05,100,265650
20231218,13:13:33,52.7,200,265650
20231218,13:13:42,52.75,100,265650
20231218,13:15:20,53.35,250,265650
20231218,13:16:47,53.75,100,265650
20231218,13:17:29,54.05,100,265650
20231218,13:18:21,53.85,100,265650
20231218,13:18:36,53.9,250,265650
20231218,13:18:43,54.0,50,265650
20231218,13:19:05,54.0,300,265650
20231218,13:19:12,54.0,100,265650
20231218,13:19:47,54.1,100,265650
20231218,13:20:08,54.2,50,265650
20231218,13:20:14,54.2,50,265650
20231218,13:20:28,54.0,750,265650
20231218,13:21:10,54.4,100,265000
20231218,13:21:18,54.5,100,265000
20231218,13:21:26,54.9,100,265000
20231218,13:22:06,54.35,50,265000
20231218,13:22:36,54.45,150,265000
20231218,13:22:44,54.5,150,265000
20231218,13:23:42,54.6,100,265000
20231218,13:24:20,54.2,100,265000
20231218,13:25:20,55.0,400,265000
20231218,13:28:20,55.05,100,265300
20231218,13:29:04,54.95,100,265300
20231218,13:29:25,55.0,100,265300
20231218,13:29:33,55.2,50,265300
20231218,13:29:41,55.35,100,265300
20231218,13:29:49,55.45,100,265300
20231218,13:29:58,56.0,600,265300
20231218,13:30:07,55.7,50,265250
20231218,13:30:15,55.55,50,265250
20231218,13:30:23,55.55,50,265250
20231218,13:31:03,55.4,200,265250
20231218,13:31:44,55.45,100,265250
20231218,13:32:39,54.9,400,265250
20231218,13:32:47,55.05,200,265250
20231218,13:33:12,55.05,100,265050
20231218,13:33:42,54.95,100,265050
20231218,13:34:12,55.05,1000,265050
20231218,13:35:39,54.5,100,265050
20231218,13:36:45,54.45,200,265150
20231218,13:38:18,54.6,50,265150
20231218,13:40:41,55.0,100,265100
20231218,13:41:21,55.05,50,265100
20231218,13:42:10,55.0,100,265100
20231218,13:43:54,55.0,50,265100
20231218,13:44:26,55.05,100,265100
20231218,13:44:33,55.2,100,265100
20231218,13:47:01,55.3,100,265100
20231218,13:47:24,55.3,100,265100
20231218,13:48:36,55.2,200,265100
20231218,13:51:33,55.4,100,265300
20231218,13:51:49,55.4,600,265300
20231218,13:53:20,54.7,800,265300
20231218,13:57:07,55.25,100,265300
20231218,13:57:41,55.4,100,265300
20231218,13:58:11,55.4,100,265300
20231218,13:58:26,55.2,50,265300
20231218,13:58:34,55.15,450,265300
20231218,13:58:41,55.15,100,265300
20231218,13:58:48,55.2,150,265300
20231218,13:59:33,54.95,100,265300
20231218,14:00:24,55.0,100,265250
20231218,14:00:46,55.0,100,265250
20231218,14:01:37,55.15,100,265250
20231218,14:02:01,55.05,1300,265250
20231218,14:02:09,55.4,100,265250
20231218,14:02:17,55.45,900,265250
20231218,14:02:25,55.5,200,265250
20231218,14:02:34,55.25,1600,265250
20231218,14:02:42,55.75,500,265250
20231218,14:03:41,55.9,200,265250
20231218,14:03:59,55.95,100,265250
20231218,14:04:07,55.8,1300,265250
20231218,14:05:29,55.8,450,265250
20231218,14:05:52,55.65,150,265250
20231218,14:06:00,55.95,50,265250
20231218,14:06:33,55.5,200,265350
20231218,14:06:41,55.2,2250,265350
20231218,14:06:50,54.95,500,265350
20231218,14:06:58,55.05,200,265350
20231218,14:07:06,55.0,300,265350
20231218,14:07:14,54.95,300,265350
20231218,14:07:21,55.2,450,265350
20231218,14:07:29,55.25,250,265350
20231218,14:07:37,55.15,300,265350
20231218,14:07:45,55.0,200,265350
20231218,14:07:52,55.2,450,265350
20231218,14:08:00,54.95,400,265350
20231218,14:08:08,55.15,250,265350
20231218,14:08:23,55.3,50,265350
20231218,14:08:30,55.35,50,265350
20231218,14:08:37,55.0,200,265350
20231218,14:08:51,55.0,100,265350
20231218,14:09:06,55.0,300,265350
20231218,14:09:21,55.05,350,265850
20231218,14:09:35,54.9,100,265850
20231218,14:09:43,54.7,50,265850
20231218,14:09:59,54.75,200,265850
20231218,14:10:47,55.0,250,265850
20231218,14:11:10,54.75,350,265850
20231218,14:11:32,54.9,50,265850
20231218,14:12:41,55.0,100,265900
20231218,14:13:34,55.4,50,265900
20231218,14:13:51,56.05,250,265900
20231218,14:13:59,56.2,100,265900
20231218,14:14:08,56.4,1050,265900
20231218,14:14:17,56.4,350,265900
20231218,14:14:26,56.4,500,265900
20231218,14:15:00,55.9,50,265900
20231218,14:15:51,56.0,100,266450
20231218,14:17:22,55.6,100,266450
20231218,14:17:53,55.15,300,266450
20231218,14:18:09,55.2,100,266450
20231218,14:18:40,55.2,50,266350
20231218,14:19:01,55.2,50,266350
20231218,14:19:09,55.2,100,266350
20231218,14:19:25,55.3,150,266350
20231218,14:19:47,55.2,50,266350
20231218,14:19:55,55.3,50,266350
20231218,14:20:03,55.05,900,266350
20231218,14:20:18,54.85,1550,266350
20231218,14:20:26,54.6,3200,266350
20231218,14:20:34,54.4,2250,266350
20231218,14:20:42,54.65,700,266350
20231218,14:20:49,54.8,50,266350
20231218,14:20:56,54.85,550,266350
20231218,14:21:04,54.8,400,266350
20231218,14:21:12,54.75,150,266350
20231218,14:21:20,54.9,300,266650
20231218,14:21:28,54.85,200,266650
20231218,14:21:35,54.8,550,266650
20231218,14:21:43,54.65,450,266650
20231218,14:21:50,54.7,50,266650
20231218,14:21:57,54.8,750,266650
20231218,14:22:05,54.85,500,266650
20231218,14:22:13,55.0,400,266650
20231218,14:22:21,55.3,50,266650
20231218,14:22:29,55.1,50,266650
20231218,14:22:37,55.1,250,266650
20231218,14:22:45,55.05,350,266650
20231218,14:22:53,55.1,200,266650
20231218,14:23:08,55.2,50,266650
20231218,14:23:23,55.2,100,266650
20231218,14:23:31,55.2,150,266650
20231218,14:25:35,55.75,50,266650
20231218,14:27:00,55.85,50,266650
20231218,14:27:32,56.3,100,266650
20231218,14:27:40,56.2,50,266650
20231218,14:27:48,56.25,100,266650
20231218,14:28:26,56.5,50,266650
20231218,14:28:34,56.55,50,266650
20231218,14:28:43,56.8,250,266650
20231218,14:28:52,56.65,600,266650
20231218,14:29:00,56.7,50,266650
20231218,14:29:32,56.75,100,266650
20231218,14:29:41,56.9,50,266650
20231218,14:29:59,56.9,250,266650
20231218,14:30:07,56.6,700,266650
20231218,14:30:16,56.4,350,266650
20231218,14:30:24,56.5,800,266800
20231218,14:30:32,56.25,400,266800
20231218,14:30:41,56.55,750,266800
20231218,14:30:57,56.7,100,266800
20231218,14:31:05,56.7,250,266800
20231218,14:31:13,56.4,50,266800
20231218,14:31:21,56.4,250,266800
20231218,14:31:28,56.5,150,266800
20231218,14:31:36,56.5,500,266800
20231218,14:31:44,56.55,450,266800
20231218,14:31:52,56.9,250,266800
20231218,14:32:01,57.15,350,266800
20231218,14:32:09,57.1,300,266800
20231218,14:32:17,57.2,50,266800
20231218,14:32:25,57.0,450,266800
20231218,14:32:34,57.45,300,266800
20231218,14:32:43,57.4,2600,266800
20231218,14:32:53,57.6,1900,266800
20231218,14:33:02,57.2,550,266800
20231218,14:33:11,57.0,750,266800
20231218,14:33:20,57.5,550,267200
20231218,14:33:29,57.3,300,267200
20231218,14:33:37,57.0,300,267200
20231218,14:33:46,57.15,1100,267200
20231218,14:33:54,57.2,350,267200
20231218,14:34:02,57.35,500,267200
20231218,14:34:11,57.5,100,267200
20231218,14:34:18,57.45,250,267200
20231218,14:34:26,57.6,700,267200
20231218,14:34:34,57.65,200,267200
20231218,14:34:43,57.7,50,267200
20231218,14:34:51,57.8,50,267200
20231218,14:34:59,57.65,50,267200
20231218,14:35:15,57.8,50,267200
20231218,14:35:41,57.4,50,267200
20231218,14:35:50,57.7,200,267200
20231218,14:36:32,57.8,200,266600
20231218,14:37:04,57.8,100,266600
20231218,14:37:45,57.65,100,266600
20231218,14:38:15,57.6,100,266600
20231218,14:38:32,57.4,150,266600
20231218,14:38:41,57.05,200,266600
20231218,14:38:49,57.25,200,266600
20231218,14:38:57,57.35,300,266600
20231218,14:39:05,57.15,50,266600
20231218,14:39:12,57.15,350,266600
20231218,14:39:20,57.2,200,266800
20231218,14:39:36,57.35,250,266800
20231218,14:39:44,57.4,250,266800
20231218,14:39:53,56.85,200,266800
20231218,14:40:02,56.95,50,266800
20231218,14:41:15,57.4,100,266800
20231218,14:41:32,57.35,300,266800
20231218,14:42:16,56.7,150,266800
20231218,14:42:25,56.9,350,266750
20231218,14:42:50,57.0,500,266750
20231218,14:44:03,55.7,300,266750
20231218,14:44:51,55.4,100,266750
20231218,14:45:00,55.2,100,266750
20231218,14:45:10,55.25,50,266750
20231218,14:45:19,55.35,350,266750
20231218,14:45:48,55.5,200,266750
20231218,14:45:57,55.5,350,266750
20231218,14:46:07,55.65,300,266750
20231218,14:46:43,55.65,200,266750
20231218,14:46:51,55.3,50,266750
20231218,14:47:28,55.2,250,266750
20231218,14:47:38,55.25,100,266750
20231218,14:48:34,55.1,50,266900
20231218,14:48:53,55.2,250,266900
20231218,14:49:02,54.85,150,266900
20231218,14:49:37,55.05,50,266900
20231218,14:50:37,55.5,50,266900
20231218,14:51:11,55.5,50,266900
20231218,14:51:19,55.2,1100,267150
20231218,14:51:27,55.05,1650,267150
20231218,14:51:36,55.2,2250,267150
20231218,14:51:44,54.9,850,267150
20231218,14:51:52,55.1,50,267150
20231218,14:52:01,54.9,850,267150
20231218,14:52:09,55.0,1200,267150
20231218,14:52:17,55.05,550,267150
20231218,14:52:25,54.95,150,267150
20231218,14:52:34,55.0,1500,267150
20231218,14:52:42,55.0,1250,267150
20231218,14:52:50,54.95,250,267150
20231218,14:52:58,55.0,450,267150
20231218,14:53:06,55.05,750,267150
20231218,14:53:14,55.0,150,267150
20231218,14:53:23,55.0,800,267150
20231218,14:53:31,54.9,750,267150
20231218,14:53:39,54.65,1150,267150
20231218,14:53:47,55.05,550,267150
20231218,14:53:56,55.3,1300,267150
20231218,14:54:04,55.1,200,267150
20231218,14:54:13,55.3,100,267150
20231218,14:54:22,55.3,100,267500
20231218,14:54:30,54.85,500,267500
20231218,14:54:39,54.7,1550,267500
20231218,14:54:48,54.75,700,267500
20231218,14:54:56,54.25,1150,267500
20231218,14:55:05,54.1,1400,267500
20231218,14:55:14,54.25,750,267500
20231218,14:55:22,54.15,200,267500
20231218,14:55:31,54.0,2300,267500
20231218,14:55:39,53.9,1700,267500
20231218,14:55:48,53.95,1050,267500
20231218,14:55:55,53.95,50,267500
20231218,14:56:04,53.9,450,267500
20231218,14:56:13,54.1,850,267500
20231218,14:56:21,54.15,250,267500
20231218,14:56:29,54.1,100,267500
20231218,14:56:38,53.9,350,267500
20231218,14:56:46,54.0,400,267500
20231218,14:56:54,54.1,450,267500
20231218,14:57:02,54.1,750,267500
20231218,14:57:09,54.05,250,267500
20231218,14:57:18,54.05,300,267500
20231218,14:57:26,54.05,50,266850
20231218,14:57:34,54.2,1000,266850
20231218,14:57:53,54.65,50,266850
20231218,14:58:11,54.45,950,266850
20231218,14:58:28,54.6,1800,266850
20231218,14:58:36,54.45,3050,266850
20231218,14:58:44,54.5,1200,266850
20231218,14:58:52,54.5,250,266850
20231218,14:59:00,54.15,2750,266850
20231218,14:59:09,53.65,6050,266850
20231218,14:59:18,53.0,2500,266850
20231218,14:59:27,52.95,3100,266850
20231218,14:59:36,52.75,2600,266850
20231218,14:59:45,52.75,1550,266850
20231218,14:59:54,52.8,500,266850
20231218,15:00:02,53.15,2900,266850
20231218,15:00:11,53.05,900,266850
20231218,15:00:20,52.85,300,270800
20231218,15:00:29,53.2,1700,270800
20231218,15:00:38,53.25,700,270800
20231218,15:00:47,53.1,500,270800
20231218,15:00:55,52.95,1450,270800
20231218,15:01:04,53.05,750,270800
20231218,15:01:13,52.8,650,270800
20231218,15:01:22,52.75,750,270800
20231218,15:01:32,52.4,950,270800
20231218,15:01:43,52.35,2100,270800
20231218,15:01:52,52.55,700,270800
20231218,15:02:02,52.95,400,270800
20231218,15:02:21,52.45,200,270800
20231218,15:02:31,52.25,200,270800
20231218,15:02:40,52.55,1000,270800
20231218,15:02:50,52.6,300,270800
20231218,15:02:59,52.5,250,270800
20231218,15:03:18,52.55,150,270800
20231218,15:03:37,52.6,300,267950
20231218,15:03:46,52.35,300,267950
20231218,15:04:05,52.15,600,267950
20231218,15:04:23,52.2,50,267950
20231218,15:04:32,52.3,200,267950
20231218,15:04:49,52.15,100,267950
20231218,15:04:57,52.1,100,267950
20231218,15:05:06,52.35,100,267950
20231218,15:05:15,52.65,200,267950
20231218,15:05:24,52.45,150,267950
20231218,15:05:33,52.45,100,267950
20231218,15:05:42,52.45,50,267950
20231218,15:05:50,52.45,50,267950
20231218,15:05:59,52.5,100,267950
20231218,15:06:07,52.45,250,267950
20231218,15:06:34,52.6,100,267500
20231218,15:07:09,52.9,1050,267500
20231218,15:07:17,53.2,900,267500
20231218,15:07:26,53.15,50,267500
20231218,15:08:00,53.15,1050,267500
20231218,15:08:08,53.3,150,267500
20231218,15:08:16,53.15,50,267500
20231218,15:08:24,53.4,50,267500
20231218,15:08:33,52.65,4250,267500
20231218,15:08:42,52.35,1400,267500
20231218,15:08:51,52.1,2850,267500
20231218,15:09:00,52.25,400,267500
20231218,15:09:09,52.25,50,267500
20231218,15:09:18,52.3,100,267500
20231218,15:09:27,52.25,100,268200
20231218,15:09:35,52.2,2100,268200
20231218,15:09:44,52.05,150,268200
20231218,15:09:52,52.2,1300,268200
20231218,15:10:01,52.35,200,268200
20231218,15:10:10,52.75,600,268200
20231218,15:10:19,52.85,800,268200
20231218,15:10:28,52.95,200,268200
20231218,15:10:37,52.8,50,268200
20231218,15:10:53,53.15,100,268200
20231218,15:11:02,53.05,200,268200
20231218,15:11:38,53.05,100,268200
20231218,15:11:56,52.85,250,268200
20231218,15:12:04,52.5,450,268200
20231218,15:12:13,52.4,100,268200
20231218,15:12:22,52.2,100,268200
20231218,15:12:31,52.15,100,268250
20231218,15:12:40,52.15,650,268250
20231218,15:12:48,52.0,1000,268250
20231218,15:12:56,52.15,150,268250
20231218,15:14:03,52.4,50,268250
20231218,15:15:52,52.25,300,267500
20231218,15:16:12,51.75,1050,267500
20231218,15:16:21,52.0,200,267500
20231218,15:16:31,51.75,50,267500
20231218,15:17:57,51.5,150,267500
20231218,15:18:15,51.4,300,267500
20231218,15:18:25,51.4,250,267500
20231218,15:19:01,51.6,50,267900
20231218,15:19:52,51.65,100,267900
20231218,15:20:00,51.75,400,267900
20231218,15:20:13,51.65,50,267900
20231218,15:20:42,51.75,350,267900
20231218,15:21:08,51.7,300,267900
20231218,15:21:17,51.65,1150,267900
20231218,15:22:11,51.6,950,268150
20231218,15:22:20,51.55,150,268150
20231218,15:22:29,51.15,2400,268150
20231218,15:23:08,51.0,100,268150
20231218,15:23:27,50.75,200,268150
20231218,15:23:36,50.95,400,268150
20231218,15:23:46,50.65,50,268150
20231218,15:24:42,50.85,1000,268400
20231218,15:25:37,50.9,600,268400
20231218,15:25:47,50.9,200,268400
20231218,15:25:57,50.65,200,268400
20231218,15:26:07,50.7,150,268400
20231218,15:26:16,50.75,450,268400
20231218,15:26:26,50.7,1000,268400
20231218,15:26:35,50.7,1250,268400
20231218,15:27:14,50.95,950,268400
20231218,15:27:23,51.0,1250,268400
20231218,15:27:33,51.0,350,270450
20231218,15:28:19,51.0,150,270450
20231218,15:28:28,51.0,500,270450
20231218,15:28:47,51.0,200,270450
20231218,15:29:06,50.95,50,270450
20231218,15:29:26,51.25,50,270450
20231218,15:29:51,50.7,50,270450
20231218,15:30:01,50.6,100,270450
20231219,09:15:46,51.45,1,271350
20231219,09:15:46,51.4,1,271350
20231219,09:15:46,51.5,1250,271350
20231219,09:16:03,52.5,1300,271350
20231219,09:16:13,53.0,550,271350
20231219,09:16:22,53.0,700,271350
20231219,09:16:39,52.25,350,271350
20231219,09:17:16,51.6,100,271350
20231219,09:17:25,51.25,250,271350
20231219,09:17:42,51.2,100,271350
20231219,09:17:52,51.1,100,271650
20231219,09:18:02,51.1,100,271650
20231219,09:18:19,51.1,150,271650
20231219,09:18:37,52.2,100,271650
20231219,09:18:46,52.35,300,271650
20231219,09:18:55,52.35,100,271650
20231219,09:19:04,51.95,450,271650
20231219,09:19:13,51.95,150,271650
20231219,09:19:22,51.95,50,271650
20231219,09:19:31,51.85,100,271650
20231219,09:19:40,51.8,200,271650
20231219,09:19:48,51.7,100,271650
20231219,09:19:57,51.55,100,271650
20231219,09:20:06,51.5,50,271650
20231219,09:20:16,51.45,250,271650
20231219,09:20:34,51.25,450,271650
20231219,09:20:43,51.25,50,271650
20231219,09:21:01,51.6,100,271750
20231219,09:21:20,51.45,100,271750
20231219,09:21:30,51.45,100,271750
20231219,09:22:09,51.75,100,271750
20231219,09:23:41,51.7,100,271750
20231219,09:24:07,52.0,50,271750
20231219,09:24:35,51.9,50,271750
20231219,09:26:08,52.0,450,271750
20231219,09:27:52,52.0,200,272050
20231219,09:28:01,51.95,50,272050
20231219,09:28:11,52.05,150,272050
20231219,09:28:31,52.05,50,272050
20231219,09:29:00,52.2,250,272050
20231219,09:29:57,52.2,100,272150
20231219,09:30:17,52.15,50,272150
20231219,09:30:26,52.25,300,272150
20231219,09:31:14,52.2,150,272150
20231219,09:31:33,52.5,50,272150
20231219,09:31:50,52.45,50,272150
20231219,09:32:42,52.45,50,272150
20231219,09:33:17,51.85,600,272250
20231219,09:33:34,52.5,400,272250
20231219,09:33:44,52.5,300,272250
20231219,09:34:01,52.5,50,272250
20231219,09:34:27,52.2,50,272250
20231219,09:34:36,52.45,150,272250
20231219,09:35:03,52.15,300,272250
20231219,09:35:21,52.0,1850,272250
20231219,09:35:31,52.0,200,272250
20231219,09:35:51,51.85,250,273050
20231219,09:36:12,51.45,450,273050
20231219,09:36:22,51.7,50,273050
20231219,09:36:32,51.5,50,273050
20231219,09:36:41,51.75,200,273050
20231219,09:37:36,51.5,550,273050
20231219,09:37:56,51.3,1900,273050
20231219,09:38:06,51.25,600,273050
20231219,09:38:15,50.95,1850,273050
20231219,09:38:25,50.9,2000,273050
20231219,09:38:35,50.65,1150,273050
20231219,09:38:45,50.8,300,273400
20231219,09:38:56,50.35,450,273400
20231219,09:39:08,49.2,7450,273400
20231219,09:39:18,49.85,750,273400
20231219,09:39:28,49.7,1500,273400
20231219,09:39:39,49.5,450,273400
20231219,09:39:49,49.35,800,273400
20231219,09:40:00,49.25,650,273400
20231219,09:40:10,49.0,350,273400
20231219,09:40:21,49.2,350,273400
20231219,09:40:30,48.85,250,273400
20231219,09:40:41,48.4,550,273400
20231219,09:40:51,48.1,1050,273400
20231219,09:41:02,47.55,500,273400
20231219,09:41:13,47.15,950,273400
20231219,09:41:23,47.6,450,273400
20231219,09:41:33,47.45,100,273400
20231219,09:41:42,47.5,350,273400
20231219,09:41:52,47.5,200,273050
20231219,09:42:51,47.4,150,273050
20231219,09:43:02,47.15,50,273050
20231219,09:43:35,46.9,50,273050
20231219,09:44:17,46.8,300,273050
20231219,09:44:27,46.8,100,273050
20231219,09:45:09,46.6,400,273100
20231219,09:45:51,46.05,150,273100
20231219,09:46:10,46.05,100,273100
20231219,09:46:20,46.35,500,273100
20231219,09:46:30,46.2,100,273100
20231219,09:46:40,46.3,200,273100
20231219,09:46:50,46.45,200,273100
20231219,09:46:59,45.8,2150,273100
20231219,09:47:08,45.95,200,273100
20231219,09:47:18,45.95,450,273100
20231219,09:47:27,45.75,300,273100
20231219,09:47:37,45.95,550,273100
20231219,09:47:46,45.95,650,273100
20231219,09:47:55,45.9,250,273350
20231219,09:48:04,46.45,1450,273350
20231219,09:48:13,46.15,50,273350
20231219,09:48:31,46.5,150,273350
20231219,09:48:49,46.35,50,273350
20231219,09:48:58,46.3,50,273350
20231219,09:49:07,46.45,50,273350
20231219,09:49:16,46.0,500,273350
20231219,09:49:51,46.5,250,273350
20231219,09:50:10,46.4,450,273350
20231219,09:50:38,46.1,11100,273350
20231219,09:50:57,45.7,1450,275750
20231219,09:51:07,45.7,450,275750
20231219,09:51:25,46.2,150,275750
20231219,09:51:35,46.2,800,275750
20231219,09:51:44,46.35,550,275750
20231219,09:51:54,46.3,650,275750
20231219,09:52:03,46.3,550,275750
20231219,09:52:12,46.35,150,275750
20231219,09:52:22,46.2,500,275750
20231219,09:52:31,46.3,900,275750
20231219,09:52:40,46.25,450,275750
20231219,09:52:49,46.0,650,275750
20231219,09:52:58,45.85,700,275750
20231219,09:53:07,46.0,800,275750
20231219,09:53:16,45.65,250,275750
20231219,09:53:25,45.7,400,275750
20231219,09:53:35,45.45,450,275750
20231219,09:53:44,45.2,550,275750
20231219,09:53:53,45.3,100,275000
20231219,09:54:03,45.45,400,275000
20231219,09:54:12,45.25,1450,275000
20231219,09:54:21,45.3,100,275000
20231219,09:54:30,45.2,100,275000
20231219,09:54:48,45.45,100,275000
20231219,09:54:56,45.15,100,275000
20231219,09:55:13,45.15,50,275000
20231219,09:55:41,45.3,50,275000
20231219,09:56:28,45.4,50,275000
20231219,09:56:36,45.4,200,275000
20231219,09:56:44,45.55,1050,275000
20231219,09:57:09,45.45,50,274100
20231219,09:57:17,45.55,50,274100
20231219,09:57:50,45.95,50,274100
20231219,09:57:58,46.0,200,274100
20231219,09:58:15,46.2,50,274100
20231219,09:58:32,46.35,50,274100
20231219,09:58:40,46.2,100,274100
20231219,09:58:58,46.05,50,274100
20231219,09:59:06,46.35,50,274100
20231219,09:59:15,46.2,750,274100
20231219,09:59:49,46.4,250,274100
20231219,10:00:07,46.6,200,275100
20231219,10:00:49,46.25,250,275100
20231219,10:01:24,46.05,100,275100
20231219,10:01:41,46.1,100,275100
20231219,10:02:22,45.85,100,275100
20231219,10:02:47,45.9,750,275100
20231219,10:02:55,45.85,50,274950
20231219,10:03:03,45.85,50,274950
20231219,10:04:34,46.35,100,274950
20231219,10:04:44,46.2,150,274950
20231219,10:04:55,46.1,50,274950
20231219,10:05:06,46.1,250,274950
20231219,10:05:15,46.1,200,274950
20231219,10:05:25,46.0,50,274950
20231219,10:05:34,46.4,100,274950
20231219,10:06:47,46.4,250,275300
20231219,10:07:24,46.25,100,275300
20231219,10:08:21,46.0,50,275300
20231219,10:09:19,45.35,50,275250
20231219,10:09:48,45.35,100,275250
20231219,10:10:16,45.35,200,275250
20231219,10:10:25,45.4,50,275250
20231219,10:10:34,45.4,100,275250
20231219,10:10:42,44.8,100,275250
20231219,10:11:00,44.7,150,275250
20231219,10:11:36,44.75,100,275250
20231219,10:12:01,44.75,100,275200
20231219,10:12:27,45.0,400,275200
20231219,10:12:36,45.0,150,275200
20231219,10:12:45,45.05,100,275200
20231219,10:13:03,45.15,100,275200
20231219,10:14:43,45.45,50,275200
20231219,10:15:25,45.9,100,274850
20231219,10:16:18,46.45,50,274850
20231219,10:16:35,46.2,50,274850
20231219,10:16:53,46.4,150,274850
20231219,10:17:10,46.3,250,274850
20231219,10:21:11,47.8,200,274700
20231219,10:21:20,48.0,450,274700
20231219,10:21:29,48.0,500,274700
20231219,10:21:46,47.6,2750,274700
20231219,10:21:55,47.45,1900,274700
20231219,10:22:20,47.7,300,274700
20231219,10:22:29,47.7,400,274700
20231219,10:22:37,47.6,350,274700
20231219,10:22:46,47.45,200,274700
20231219,10:22:54,47.45,350,274700
20231219,10:23:01,47.45,250,274700
20231219,10:23:09,47.6,750,274700
20231219,10:23:18,47.55,200,274700
20231219,10:23:35,47.35,200,274700
20231219,10:23:43,47.0,150,274700
20231219,10:23:52,47.05,200,274700
20231219,10:24:09,46.9,50,273850
20231219,10:25:07,46.65,100,273850
20231219,10:25:15,46.7,100,273850
20231219,10:26:48,47.0,50,273850
20231219,10:26:56,46.8,150,273850
20231219,10:27:04,46.7,100,273850
20231219,10:27:21,46.7,300,273850
20231219,10:27:27,46.65,50,273850
20231219,10:27:27,46.7,100,273850
20231219,10:27:33,46.85,250,273850
20231219,10:27:35,46.5,50,273850
20231219,10:27:46,46.8,50,273850
20231219,10:29:01,46.55,50,273850
20231219,10:29:09,46.35,50,273850
20231219,10:29:27,46.2,300,273850
20231219,10:29:44,46.3,350,273850
20231219,10:29:52,46.35,150,273850
20231219,10:30:00,46.3,150,273850
20231219,10:30:08,46.4,100,273850
20231219,10:30:17,46.4,150,273850
20231219,10:30:26,46.45,250,273850
20231219,10:30:34,46.35,50,273850
20231219,10:30:51,46.4,200,273850
20231219,10:30:59,46.45,200,273850
20231219,10:31:15,46.5,200,273850
20231219,10:32:40,46.45,200,273850
20231219,10:32:48,46.4,400,273850
20231219,10:32:56,46.4,600,273800
20231219,10:33:03,46.4,150,273800
20231219,10:33:11,46.45,150,273800
20231219,10:33:28,46.6,200,273800
20231219,10:33:36,46.6,250,273800
20231219,10:33:44,46.65,250,273800
20231219,10:33:53,46.8,150,273800
20231219,10:34:11,46.85,50,273800
20231219,10:35:06,47.25,50,273800
20231219,10:35:36,47.4,650,273800
20231219,10:36:14,47.45,50,273700
20231219,10:38:38,47.25,50,273700
20231219,10:38:47,47.2,150,273700
20231219,10:39:05,47.05,50,273850
20231219,10:39:32,47.15,250,273850
20231219,10:39:50,47.0,100,273850
20231219,10:39:59,47.1,50,273850
20231219,10:40:25,47.3,50,273850
20231219,10:40:52,47.3,50,273850
20231219,10:41:01,47.6,50,273850
20231219,10:42:28,47.5,300,274250
20231219,10:43:15,48.0,400,274250
20231219,10:43:25,48.15,50,274250
20231219,10:43:55,48.4,1850,274250
20231219,10:44:23,48.35,450,274250
20231219,10:44:32,48.3,300,274250
20231219,10:44:41,48.15,300,274250
20231219,10:44:51,48.1,300,274250
20231219,10:45:00,47.85,200,274100
20231219,10:45:10,48.1,50,274100
20231219,10:45:19,48.1,200,274100
20231219,10:45:29,47.9,200,274100
20231219,10:45:38,47.9,250,274100
20231219,10:45:48,47.9,50,274100
20231219,10:46:51,48.25,100,274100
20231219,10:47:18,48.1,100,274100
20231219,10:47:27,48.1,50,274100
20231219,10:47:53,48.3,150,274100
20231219,10:48:10,48.25,200,274300
20231219,10:48:28,48.2,200,274300
20231219,10:48:36,48.3,250,274300
20231219,10:48:45,48.05,100,274300
20231219,10:48:54,48.2,150,274300
20231219,10:49:12,48.2,50,274300
20231219,10:49:56,48.05,50,274300
20231219,10:50:48,48.3,150,274300
20231219,10:51:14,48.15,150,274850
20231219,10:51:32,48.2,100,274850
20231219,10:51:41,48.25,150,274850
20231219,10:51:49,48.1,150,274850
20231219,10:51:58,47.8,200,274850
20231219,10:52:15,47.85,50,274850
20231219,10:52:23,48.05,100,274850
20231219,10:52:32,48.15,50,274850
20231219,10:53:25,48.55,150,274850
20231219,10:53:33,48.6,200,274850
20231219,10:53:42,48.65,200,274850
20231219,10:53:50,48.65,100,274850
20231219,10:53:59,48.8,150,275350
20231219,10:54:08,48.8,150,275350
20231219,10:55:15,48.8,300,275350
20231219,10:55:24,48.85,100,275350
20231219,10:55:41,48.9,100,275350
20231219,10:56:56,49.2,100,275350
20231219,10:57:04,49.4,50,275300
20231219,10:57:13,49.55,100,275300
20231219,10:57:21,49.55,100,275300
20231219,10:57:46,49.55,100,275300
20231219,10:57:54,49.6,1100,275300
20231219,10:58:02,49.8,300,275300
20231219,10:58:18,49.6,400,275300
20231219,10:58:41,49.7,100,275300
20231219,10:58:49,49.7,300,275300
20231219,10:59:31,49.8,50,275300
20231219,10:59:40,49.95,150,275300
20231219,11:00:07,50.0,200,275450
20231219,11:00:16,50.05,100,275450
20231219,11:00:51,50.2,100,275450
20231219,11:01:53,50.45,100,275450
20231219,11:02:02,50.2,250,275450
20231219,11:02:11,50.45,50,275450
20231219,11:02:20,50.7,100,275450
20231219,11:03:46,50.2,50,275650
20231219,11:04:14,50.2,350,275650
20231219,11:04:31,50.2,650,275650
20231219,11:04:40,50.25,100,275650
20231219,11:05:09,50.0,350,275650
20231219,11:05:38,50.35,500,275650
20231219,11:06:14,50.3,100,276150
20231219,11:06:23,50.4,100,276150
20231219,11:06:31,50.4,100,276150
20231219,11:06:40,50.4,100,276150
20231219,11:06:49,50.6,250,276150
20231219,11:06:57,50.65,50,276150
20231219,11:07:15,50.8,200,276150
20231219,11:08:34,50.95,200,276150
20231219,11:08:53,50.95,100,276150
20231219,11:09:57,51.1,50,276800
20231219,11:10:08,51.25,150,276800
20231219,11:10:18,51.4,400,276800
20231219,11:11:18,51.2,100,276800
20231219,11:12:04,51.45,1200,277000
20231219,11:12:32,51.35,50,277000
20231219,11:12:40,51.4,50,277000
20231219,11:12:49,51.45,100,277000
20231219,11:12:59,51.7,100,277000
20231219,11:13:08,51.6,150,277000
20231219,11:13:26,51.7,50,277000
20231219,11:16:10,51.45,150,277050
20231219,11:18:57,51.05,200,277200
20231219,11:19:25,50.35,150,277200
20231219,11:19:53,49.95,50,277200
20231219,11:20:23,50.05,50,277200
20231219,11:20:33,50.05,50,277200
20231219,11:21:36,49.8,300,277200
20231219,11:24:58,50.05,100,277200
20231219,11:25:25,50.1,100,277200
20231219,11:27:07,50.1,250,277200
20231219,11:30:29,50.85,100,277200
20231219,11:32:10,51.2,100,277200
20231219,11:35:13,50.85,50,277200
20231219,11:38:28,51.1,150,277250
20231219,11:39:26,51.9,50,277250
20231219,11:40:08,52.0,50,277250
20231219,11:40:38,52.05,100,277250
20231219,11:42:05,52.45,50,277250
20231219,11:42:26,53.45,50,277250
20231219,11:42:37,53.65,700,277250
20231219,11:43:45,53.85,550,277250
20231219,11:44:25,53.8,250,277250
20231219,11:45:23,53.75,50,277200
20231219,11:45:33,53.7,150,277200
20231219,11:46:57,54.6,100,277200
20231219,11:47:07,54.65,100,277200
20231219,11:47:27,54.7,100,277200
20231219,11:48:28,55.3,50,277400
20231219,11:48:49,55.4,100,277400
20231219,11:49:09,55.4,100,277400
20231219,11:49:29,55.45,100,277400
20231219,11:49:49,55.55,100,277400
20231219,11:50:23,56.6,100,277400
20231219,11:51:07,57.95,350,277950
20231219,11:51:29,57.35,50,277950
20231219,11:51:50,58.25,500,277950
20231219,11:52:12,58.25,100,277950
20231219,11:52:33,57.8,200,277950
20231219,11:52:43,57.25,200,277950
20231219,11:52:53,57.1,800,277950
20231219,11:53:04,57.0,450,277950
20231219,11:53:14,56.25,50,277950
20231219,11:53:43,56.25,50,277950
20231219,11:55:47,57.0,500,278250
20231219,11:58:00,56.4,150,278450
20231219,11:58:38,56.4,250,278450
20231219,12:02:26,55.25,50,278200
20231219,12:02:35,55.25,200,278200
20231219,12:02:44,55.25,200,278200
20231219,12:03:12,55.05,50,278200
20231219,12:03:41,54.7,50,278200
20231219,12:03:59,54.3,100,278200
20231219,12:05:13,55.45,50,278200
20231219,12:05:59,55.6,200,278200
20231219,12:06:52,55.5,100,278050
20231219,12:07:11,54.75,450,278050
20231219,12:07:30,54.75,200,278050
20231219,12:08:25,54.7,100,278050
20231219,12:09:47,55.2,50,278150
20231219,12:10:24,55.2,100,278150
20231219,12:12:32,54.95,100,278250
20231219,12:13:27,55.15,50,278250
20231219,12:16:13,55.0,50,278300
20231219,12:16:30,55.0,250,278300
20231219,12:16:57,55.25,400,278300
20231219,12:17:06,55.55,300,278300
20231219,12:17:34,55.85,100,278300
20231219,12:17:42,56.0,100,278300
20231219,12:17:52,56.4,800,278300
20231219,12:18:02,56.5,450,278300
20231219,12:18:39,56.25,50,280350
20231219,12:19:44,55.5,200,280350
20231219,12:19:53,55.5,150,280350
20231219,12:20:02,55.2,100,280350
20231219,12:21:08,55.25,100,280350
20231219,12:22:32,55.75,250,280100
20231219,12:22:41,55.75,250,280100
20231219,12:23:42,56.0,600,280100
20231219,12:23:51,56.5,200,280100
20231219,12:24:10,56.7,50,280450
20231219,12:26:28,56.6,50,280450
20231219,12:26:37,56.6,100,280450
20231219,12:27:23,56.6,100,280500
20231219,12:27:40,56.5,200,280500
20231219,12:27:57,56.7,200,280500
20231219,12:28:06,56.7,50,280500
20231219,12:28:15,56.7,50,280500
20231219,12:28:32,56.45,300,280500
20231219,12:28:41,56.55,200,280500
20231219,12:29:58,56.4,50,280500
20231219,12:30:16,56.25,250,280050
20231219,12:30:25,56.3,350,280050
20231219,12:30:34,56.25,50,280050
20231219,12:30:52,56.55,200,280050
20231219,12:31:54,57.15,250,280050
20231219,12:32:11,57.0,300,280050
20231219,12:34:27,57.3,200,280250
20231219,12:35:05,57.6,50,280250
20231219,12:36:04,57.6,50,280250
20231219,12:37:56,57.25,50,280300
20231219,12:39:00,57.7,50,280300
20231219,12:39:10,57.9,50,280300
20231219,12:39:29,57.85,50,280250
20231219,12:39:48,57.9,150,280250
20231219,12:40:17,57.95,100,280250
20231219,12:40:38,58.0,50,280250
20231219,12:40:48,58.15,100,280250
20231219,12:40:58,58.1,50,280250
20231219,12:41:08,57.95,150,280250
20231219,12:41:28,57.5,50,280250
20231219,12:41:37,57.5,50,280250
20231219,12:42:20,57.65,50,280350
20231219,12:42:47,57.85,50,280350
20231219,12:43:06,57.5,350,280350
20231219,12:43:50,57.45,100,280350
20231219,12:45:00,58.0,150,280350
20231219,12:46:45,57.55,300,280400
20231219,12:47:18,57.65,50,280400
20231219,12:47:37,57.3,50,280400
20231219,12:47:45,57.55,50,280400
20231219,12:47:54,57.2,200,280400
20231219,12:48:12,57.25,50,280400
20231219,12:49:12,57.45,100,280600
20231219,12:49:29,57.4,250,280600
20231219,12:51:00,57.4,150,280600
20231219,12:51:09,57.4,100,280600
20231219,12:51:18,57.45,450,280800
20231219,12:51:27,57.45,250,280800
20231219,12:51:36,57.45,50,280800
20231219,12:51:44,57.9,1500,280800
20231219,12:52:01,58.0,500,280800
20231219,12:52:19,57.95,250,280800
20231219,12:52:29,58.0,550,280800
20231219,12:54:46,57.5,450,281700
20231219,12:55:39,57.5,50,281700
20231219,12:57:18,58.0,50,281950
20231219,12:57:46,58.05,100,281950
20231219,12:59:58,58.7,100,281950
20231219,13:01:02,58.7,100,281950
20231219,13:01:12,58.0,200,281950
20231219,13:01:29,58.0,50,281950
20231219,13:01:38,57.9,50,281950
20231219,13:01:47,57.9,50,281950
20231219,13:01:55,57.95,100,281950
20231219,13:02:04,58.15,50,281950
20231219,13:02:49,58.0,50,281950
20231219,13:03:06,58.05,50,281950
20231219,13:03:33,57.95,50,281700
20231219,13:03:59,57.75,50,281700
20231219,13:04:08,57.75,100,281700
20231219,13:04:33,57.85,50,281700
20231219,13:05:27,57.25,50,281700
20231219,13:05:36,57.1,50,281700
20231219,13:05:56,56.75,300,281700
20231219,13:06:05,56.8,50,281700
20231219,13:06:15,56.9,300,281700
20231219,13:06:23,57.3,50,281250
20231219,13:07:15,57.3,200,281250
20231219,13:08:29,57.35,300,281250
20231219,13:09:06,57.1,50,281250
20231219,13:09:52,57.25,50,281600
20231219,13:10:09,57.45,150,281600
20231219,13:10:44,58.0,150,281600
20231219,13:10:53,58.15,150,281600
20231219,13:12:16,58.05,50,281600
20231219,13:12:25,58.1,50,281800
20231219,13:13:15,58.0,50,281800
20231219,13:13:23,57.7,150,281800
20231219,13:14:39,57.5,50,281800
20231219,13:16:18,58.0,700,281750
20231219,13:18:11,57.5,50,281750
20231219,13:19:14,57.45,200,281750
20231219,13:20:15,57.4,50,281750
20231219,13:20:31,57.35,1000,281750
20231219,13:21:47,57.4,50,281850
20231219,13:22:12,57.5,50,281850
20231219,13:22:21,57.45,50,281850
20231219,13:22:46,57.05,50,281850
20231219,13:22:57,56.9,50,281850
20231219,13:25:09,56.6,50,281900
20231219,13:25:27,56.55,550,281900
20231219,13:26:11,56.45,100,281900
20231219,13:26:20,56.5,250,281900
20231219,13:26:44,56.5,350,281900
20231219,13:27:10,56.55,1500,281900
20231219,13:28:09,57.3,50,280350
20231219,13:28:18,57.1,100,280350
20231219,13:30:18,57.2,50,280400
20231219,13:30:26,57.2,150,280400
20231219,13:30:59,57.2,50,280400
20231219,13:31:07,57.15,50,280400
20231219,13:31:15,57.1,50,280400
20231219,13:31:23,57.25,150,280400
20231219,13:31:31,57.1,50,280400
20231219,13:31:38,57.05,100,280400
20231219,13:36:42,57.55,50,280500
20231219,13:37:15,57.65,100,280500
20231219,13:37:23,57.55,100,280500
20231219,13:37:31,57.55,50,280500
20231219,13:37:39,57.5,50,280500
20231219,13:37:47,57.55,50,280500
20231219,13:39:28,57.55,50,280500
20231219,13:43:30,58.45,50,280450
20231219,13:44:43,58.6,50,280450
20231219,13:45:09,58.95,300,280450
20231219,13:45:53,58.95,50,280450
20231219,13:46:19,58.95,300,280450
20231219,13:46:55,58.35,50,280450
20231219,13:47:04,58.4,50,280450
20231219,13:47:21,58.4,50,280450
20231219,13:47:27,58.3,100,280450
20231219,13:48:37,58.6,50,280500
20231219,13:49:01,58.55,50,280500
20231219,13:49:09,58.5,50,280500
20231219,13:49:34,58.45,50,280500
20231219,13:49:50,58.4,50,280500
20231219,13:49:58,58.4,150,280500
20231219,13:50:07,58.35,50,280500
20231219,13:50:32,58.5,50,280500
20231219,13:50:39,58.5,200,280500
20231219,13:51:04,58.7,50,280500
20231219,13:51:13,58.85,50,280500
20231219,13:51:23,59.05,50,280500
20231219,13:51:52,59.2,100,280550
20231219,13:52:02,59.3,250,280550
20231219,13:52:12,58.9,150,280550
20231219,13:52:22,58.95,200,280550
20231219,13:52:32,58.95,50,280550
20231219,13:52:42,58.85,100,280550
20231219,13:53:53,58.95,50,280550
20231219,13:54:11,58.95,50,280550
20231219,13:54:20,58.95,50,280550
20231219,13:54:29,58.85,100,280550
20231219,13:54:38,58.95,50,280550
20231219,13:55:12,59.05,50,280550
20231219,13:56:05,59.0,50,280550
20231219,13:56:31,59.2,50,280550
20231219,13:56:49,59.35,50,280550
20231219,13:56:59,59.35,500,280550
20231219,13:57:08,59.35,500,280550
20231219,13:57:28,59.35,50,280400
20231219,13:58:53,59.6,50,280400
20231219,13:59:02,59.6,300,280400
20231219,13:59:46,59.6,400,280400
20231219,14:00:03,59.55,900,280400
20231219,14:00:36,59.6,800,279750
20231219,14:00:44,59.8,150,279750
20231219,14:00:52,59.8,250,279750
20231219,14:01:01,59.85,450,279750
20231219,14:01:10,59.95,200,279750
20231219,14:01:18,60.0,200,279750
20231219,14:01:26,60.0,50,279750
20231219,14:01:34,60.05,50,279750
20231219,14:01:42,60.1,100,279750
20231219,14:02:39,60.1,800,279750
20231219,14:02:47,60.2,350,279750
20231219,14:02:55,60.45,1950,279750
20231219,14:03:04,60.45,400,279750
20231219,14:03:13,60.6,1150,279750
20231219,14:03:22,60.65,500,279050
20231219,14:03:39,60.85,550,279050
20231219,14:03:48,60.85,50,279050
20231219,14:03:56,60.85,50,279050
20231219,14:04:04,60.6,50,279050
20231219,14:04:13,60.7,100,279050
20231219,14:04:21,60.65,400,279050
20231219,14:04:29,60.7,500,279050
20231219,14:04:38,60.7,450,279050
20231219,14:04:47,60.55,650,279050
20231219,14:04:55,60.6,450,279050
20231219,14:05:04,60.55,500,279050
20231219,14:05:13,60.5,150,279050
20231219,14:05:22,60.6,300,279050
20231219,14:05:30,60.65,50,279050
20231219,14:05:39,60.65,50,279050
20231219,14:05:48,60.65,50,279050
20231219,14:06:08,61.0,850,279050
20231219,14:06:20,61.0,250,279050
20231219,14:06:30,61.2,100,278350
20231219,14:07:08,61.2,50,278350
20231219,14:07:17,61.35,100,278350
20231219,14:07:27,61.35,250,278350
20231219,14:07:36,61.3,100,278350
20231219,14:07:45,61.6,600,278350
20231219,14:07:53,61.3,1000,278350
20231219,14:08:01,61.25,950,278350
20231219,14:08:09,61.25,250,278350
20231219,14:08:18,61.35,150,278350
20231219,14:08:26,61.5,200,278350
20231219,14:08:34,61.45,550,278350
20231219,14:08:43,61.55,50,278350
20231219,14:08:52,61.6,200,278350
20231219,14:09:01,61.6,150,278350
20231219,14:09:09,61.7,150,278350
20231219,14:09:19,61.85,150,278350
20231219,14:09:37,61.85,50,282300
20231219,14:09:47,61.85,50,282300
20231219,14:10:34,62.2,500,282300
20231219,14:10:44,62.3,50,282300
20231219,14:10:54,62.3,50,282300
20231219,14:11:03,62.15,100,282300
20231219,14:11:21,62.5,1000,282300
20231219,14:11:38,62.5,50,282300
20231219,14:11:47,62.45,100,282300
20231219,14:12:14,62.6,250,282300
20231219,14:12:23,62.65,300,282300
20231219,14:12:33,62.8,50,283050
20231219,14:12:43,62.9,400,283050
20231219,14:12:53,62.95,50,283050
20231219,14:14:08,62.95,100,283050
20231219,14:14:35,62.55,50,283050
20231219,14:14:44,62.55,150,283050
20231219,14:15:11,62.45,200,283050
20231219,14:15:28,62.45,400,283450
20231219,14:15:36,62.4,50,283450
20231219,14:15:44,62.45,550,283450
20231219,14:16:02,61.75,50,283450
20231219,14:16:11,61.25,150,283450
20231219,14:16:30,61.2,1050,283450
20231219,14:16:49,61.25,550,283450
20231219,14:17:08,61.4,700,283450
20231219,14:18:13,61.9,150,283450
20231219,14:18:22,62.05,50,283450
20231219,14:18:31,62.2,50,282600
20231219,14:18:50,62.25,1200,282600
20231219,14:18:59,62.4,400,282600
20231219,14:19:08,62.05,2050,282600
20231219,14:19:26,61.7,350,282600
20231219,14:20:11,62.1,300,282600
20231219,14:20:28,62.2,200,282600
20231219,14:21:37,62.5,150,282300
20231219,14:21:46,62.2,50,282300
20231219,14:22:22,62.3,50,282300
20231219,14:22:40,62.25,50,282300
20231219,14:22:48,62.25,50,282300
20231219,14:23:06,62.0,100,282300
20231219,14:23:40,62.1,100,282300
20231219,14:24:18,62.05,150,282300
20231219,14:24:28,62.1,300,282300
20231219,14:24:37,61.85,150,281900
20231219,14:24:55,61.6,100,281900
20231219,14:25:05,62.0,50,281900
20231219,14:25:14,62.0,100,281900
20231219,14:25:22,62.15,150,281900
20231219,14:26:06,62.4,50,281900
20231219,14:26:14,62.5,50,281900
20231219,14:26:22,62.2,50,281900
20231219,14:26:40,62.35,50,281900
20231219,14:27:06,63.0,1950,281900
20231219,14:28:17,63.1,200,283750
20231219,14:28:25,63.1,100,283750
20231219,14:28:45,62.75,50,283750
20231219,14:29:19,62.7,150,283750
20231219,14:29:53,62.6,150,283750
20231219,14:30:02,62.6,50,283750
20231219,14:30:37,62.9,50,283650
20231219,14:30:45,62.8,150,283650
20231219,14:30:54,63.05,250,283650
20231219,14:31:14,62.95,250,283650
20231219,14:31:24,63.2,550,283650
20231219,14:31:34,63.3,800,283650
20231219,14:31:54,63.55,150,283650
20231219,14:32:04,63.55,100,283650
20231219,14:32:24,63.45,50,283650
20231219,14:32:42,63.25,50,283650
20231219,14:32:52,63.3,50,283650
20231219,14:33:01,63.3,50,283650
20231219,14:33:10,63.35,100,283650
20231219,14:33:19,63.65,1850,283650
20231219,14:33:37,63.75,50,281650
20231219,14:33:47,63.9,500,281650
20231219,14:33:57,63.9,250,281650
20231219,14:34:15,63.9,50,281650
20231219,14:34:25,64.05,900,281650
20231219,14:34:35,63.95,1300,281650
20231219,14:34:45,64.5,200,281650
20231219,14:35:05,64.5,50,281650
20231219,14:35:14,64.2,450,281650
20231219,14:35:34,64.4,50,281650
20231219,14:35:43,64.45,100,281650
20231219,14:35:52,64.4,1800,281650
20231219,14:36:02,65.0,500,281650
20231219,14:36:13,65.2,250,281650
20231219,14:36:23,64.6,250,281650
20231219,14:36:34,64.95,50,279150
20231219,14:36:44,65.05,100,279150
20231219,14:37:02,64.95,400,279150
20231219,14:37:21,64.95,100,279150
20231219,14:37:30,64.85,650,279150
20231219,14:37:40,64.8,100,279150
20231219,14:37:58,64.8,50,279150
20231219,14:38:07,64.95,1000,279150
20231219,14:38:16,64.95,450,279150
20231219,14:38:53,64.7,50,279150
20231219,14:39:02,64.7,100,279150
20231219,14:39:11,64.45,250,279150
20231219,14:39:20,64.5,250,279150
20231219,14:39:29,64.65,1800,276200
20231219,14:40:13,64.35,50,276200
20231219,14:40:22,64.6,250,276200
20231219,14:40:40,64.0,100,276200
20231219,14:41:06,64.0,250,276200
20231219,14:41:49,64.35,50,276200
20231219,14:41:57,64.4,50,276200
20231219,14:42:05,64.0,450,276200
20231219,14:42:22,64.15,50,276200
20231219,14:42:42,63.95,450,275500
20231219,14:42:53,64.1,150,275500
20231219,14:43:02,64.1,50,275500
20231219,14:43:11,63.6,100,275500
20231219,14:43:29,63.4,1950,275500
20231219,14:43:38,63.55,50,275500
20231219,14:43:47,63.5,50,275500
20231219,14:44:04,63.3,50,275500
20231219,14:44:13,63.15,50,275500
20231219,14:44:22,63.0,4000,275500
20231219,14:44:31,63.0,1400,275500
20231219,14:45:42,64.0,50,270900
20231219,14:45:50,63.8,100,270900
20231219,14:46:00,63.45,100,270900
20231219,14:46:09,63.25,300,270900
20231219,14:46:18,62.75,1200,270900
20231219,14:46:29,62.65,150,270900
20231219,14:46:38,62.65,2200,270900
20231219,14:46:48,62.6,100,270900
20231219,14:47:07,62.55,100,270900
20231219,14:47:16,62.55,2200,270900
20231219,14:47:26,62.55,50,270900
20231219,14:48:22,62.05,200,270900
20231219,14:48:40,62.2,50,268450
20231219,14:48:49,62.05,50,268450
20231219,14:48:58,61.8,200,268450
20231219,14:49:07,61.6,5250,268450
20231219,14:49:16,61.8,250,268450
20231219,14:49:25,61.6,100,268450
20231219,14:49:35,61.6,350,268450
20231219,14:49:46,60.75,950,268450
20231219,14:49:56,60.0,12650,268450
20231219,14:50:06,59.95,3100,268450
20231219,14:50:15,59.95,2500,268450
20231219,14:50:25,60.0,2150,268450
20231219,14:50:34,59.9,150,268450
20231219,14:50:44,60.0,950,268450
20231219,14:50:53,60.4,150,268450
20231219,14:51:02,60.25,100,268450
20231219,14:51:21,60.35,300,268450
20231219,14:51:30,60.25,300,268450
20231219,14:51:47,60.4,50,250050
20231219,14:51:56,60.3,100,250050
20231219,14:52:05,60.25,250,250050
20231219,14:52:15,59.8,100,250050
20231219,14:52:35,59.85,750,250050
20231219,14:53:02,60.05,100,250050
20231219,14:53:10,60.3,250,250050
20231219,14:53:20,60.35,300,250050
20231219,14:53:28,59.9,300,250050
20231219,14:54:25,59.1,400,250050
20231219,14:54:35,59.0,400,249450
20231219,14:55:04,59.2,150,249450
20231219,14:55:14,59.5,1250,249450
20231219,14:55:33,59.65,850,249450
20231219,14:55:42,59.45,150,249450
20231219,14:55:52,59.25,300,249450
20231219,14:56:11,59.4,50,249450
20231219,14:56:30,59.35,50,249450
20231219,14:56:40,59.05,350,249450
20231219,14:56:49,59.1,750,249450
20231219,14:56:59,58.95,100,249450
20231219,14:57:09,59.0,300,249450
20231219,14:57:18,59.1,350,249450
20231219,14:57:28,59.0,50,249450
20231219,14:57:37,58.85,800,248000
20231219,14:57:47,58.5,150,248000
20231219,14:58:00,58.1,2250,248000
20231219,14:58:12,58.1,50,248000
20231219,14:58:22,57.85,350,248000
20231219,14:58:32,57.45,1150,248000
20231219,14:58:43,56.6,850,248000
20231219,14:58:54,56.9,1250,248000
20231219,14:59:05,56.75,650,248000
20231219,14:59:15,56.6,1100,248000
20231219,14:59:26,56.2,200,248000
20231219,14:59:47,56.0,450,248000
20231219,14:59:58,56.0,1350,248000
20231219,15:00:09,56.0,1000,248000
20231219,15:00:20,55.9,50,248000
20231219,15:00:31,55.35,1050,242700
20231219,15:00:43,55.3,600,242700
20231219,15:00:54,55.2,1050,242700
20231219,15:01:04,55.05,2300,242700
20231219,15:01:14,55.1,50,242700
20231219,15:01:45,55.95,700,242700
20231219,15:01:55,55.9,300,242700
20231219,15:02:05,55.8,900,242700
20231219,15:02:16,56.7,350,242700
20231219,15:02:26,56.8,950,242700
20231219,15:02:47,56.85,250,242700
20231219,15:02:57,57.3,100,242700
20231219,15:03:07,57.3,400,242700
20231219,15:03:18,56.85,500,242700
20231219,15:03:28,57.3,550,242700
20231219,15:03:38,57.1,300,242750
20231219,15:03:47,57.0,400,242750
20231219,15:03:57,57.25,50,242750
20231219,15:04:07,57.0,150,242750
20231219,15:04:27,56.9,250,242750
20231219,15:04:36,56.9,450,242750
20231219,15:04:46,56.9,800,242750
20231219,15:04:56,56.7,1100,242750
20231219,15:05:07,56.35,150,242750
20231219,15:05:16,56.3,50,242750
20231219,15:05:26,56.55,400,242750
20231219,15:05:36,56.75,900,242750
20231219,15:05:47,56.8,150,242750
20231219,15:05:56,56.8,50,242750
20231219,15:06:06,56.95,100,242750
20231219,15:06:16,56.95,950,242750
20231219,15:06:26,56.9,1700,242750
20231219,15:06:36,57.05,300,242050
20231219,15:06:46,57.0,200,242050
20231219,15:06:56,56.95,100,242050
20231219,15:07:05,56.95,100,242050
20231219,15:07:15,56.95,100,242050
20231219,15:07:24,56.95,650,242050
20231219,15:07:34,57.0,450,242050
20231219,15:07:54,57.35,300,242050
20231219,15:08:04,57.75,50,242050
20231219,15:08:14,57.9,250,242050
20231219,15:08:25,57.95,350,242050
20231219,15:09:23,58.0,250,242050
20231219,15:09:42,58.0,250,241650
20231219,15:09:51,57.95,50,241650
20231219,15:10:19,58.05,150,241650
20231219,15:10:39,58.1,250,241650
20231219,15:10:48,57.9,250,241650
20231219,15:11:27,58.15,350,241650
20231219,15:11:45,58.3,200,241650
20231219,15:11:54,58.15,850,241650
20231219,15:12:03,58.25,450,241650
20231219,15:13:26,58.0,300,242400
20231219,15:13:55,57.5,200,242400
20231219,15:14:43,57.45,100,242400
20231219,15:16:14,57.5,250,242400
20231219,15:16:32,57.35,50,242400
20231219,15:17:15,57.25,50,242400
20231219,15:17:34,57.15,200,242400
20231219,15:17:44,57.1,150,242400
20231219,15:18:12,56.85,50,242400
20231219,15:18:41,56.45,50,242400
20231219,15:18:51,56.55,650,242400
20231219,15:19:18,56.35,50,242400
20231219,15:19:36,56.55,50,242400
20231219,15:20:26,56.55,1400,242400
20231219,15:20:45,56.0,200,242400
20231219,15:22:08,55.75,100,243850
20231219,15:22:17,55.5,450,243850
20231219,15:22:26,55.5,100,243850
20231219,15:22:36,55.5,100,243850
20231219,15:23:03,55.5,50,243850
20231219,15:23:40,55.8,50,243850
20231219,15:23:59,55.95,100,243850
20231219,15:24:27,55.5,50,243850
20231219,15:24:47,55.25,50,244150
20231219,15:24:57,55.5,50,244150
20231219,15:25:16,55.45,100,244150
20231219,15:25:25,55.4,200,244150
20231219,15:25:34,55.35,450,244150
20231219,15:25:43,55.45,1000,244150
20231219,15:26:37,55.7,750,244150
20231219,15:26:46,55.9,750,244150
20231219,15:26:55,56.1,250,244150
20231219,15:27:04,55.95,750,244150
20231219,15:27:13,56.1,500,244150
20231219,15:27:22,56.2,100,244150
20231219,15:27:43,56.2,750,246200
20231219,15:27:54,56.3,350,246200
20231219,15:28:03,56.35,250,246200
20231219,15:28:13,56.3,150,246200
20231219,15:28:22,56.25,150,246200
20231219,15:28:41,56.05,50,246200
20231219,15:28:51,56.0,450,246200
20231219,15:29:00,56.0,350,246200
20231219,15:29:45,56.35,50,246200
20231219,15:29:57,57.0,200,246200
20231220,09:15:10,62.5,1,246000
20231220,09:15:10,61.0,1,246000
20231220,09:15:10,65.55,7200,246000
20231220,09:15:20,63.45,1750,246000
20231220,09:15:57,64.2,50,246000
20231220,09:16:04,65.1,1850,246000
20231220,09:16:12,64.75,1100,246000
20231220,09:16:19,64.75,2400,246000
20231220,09:16:26,65.15,200,246000
20231220,09:16:33,64.95,100,246000
20231220,09:16:40,65.0,750,246000
20231220,09:16:46,64.9,50,246000
20231220,09:16:53,65.0,150,246000
20231220,09:17:07,65.05,200,246000
20231220,09:17:14,64.9,150,246000
20231220,09:17:22,65.2,500,246000
20231220,09:17:29,65.05,400,246000
20231220,09:17:35,65.0,150,246000
20231220,09:17:48,64.85,50,246650
20231220,09:18:01,64.6,550,246650
20231220,09:18:07,64.55,200,246650
20231220,09:18:14,64.8,3100,246650
20231220,09:18:27,64.9,500,246650
20231220,09:18:33,64.75,50,246650
20231220,09:18:46,64.8,450,246650
20231220,09:18:52,64.8,450,246650
20231220,09:18:59,64.95,150,246650
20231220,09:19:18,65.05,200,246650
20231220,09:19:25,64.8,150,246650
20231220,09:19:51,64.8,50,246650
20231220,09:20:07,65.0,1650,246650
20231220,09:20:39,64.8,200,246650
20231220,09:20:55,64.6,100,249750
20231220,09:21:03,64.5,200,249750
20231220,09:21:35,64.15,2350,249750
20231220,09:21:52,64.0,1200,249750
20231220,09:22:01,64.4,100,249750
20231220,09:22:21,63.95,1600,249750
20231220,09:22:31,64.7,700,249750
20231220,09:22:40,64.7,150,249750
20231220,09:22:49,65.0,50,249750
20231220,09:23:07,65.5,200,249750
20231220,09:23:16,65.35,50,249750
20231220,09:23:24,65.65,200,249750
20231220,09:23:32,65.7,200,249750
20231220,09:23:39,65.7,100,249750
20231220,09:23:47,66.0,150,251150
20231220,09:24:11,66.35,50,251150
20231220,09:24:20,67.1,400,251150
20231220,09:24:28,67.4,200,251150
20231220,09:24:38,67.4,100,251150
20231220,09:24:46,67.65,1200,251150
20231220,09:24:54,67.25,100,251150
20231220,09:25:02,67.3,100,251150
20231220,09:25:10,67.25,300,251150
20231220,09:25:52,67.05,50,251150
20231220,09:26:32,67.25,2200,251150
20231220,09:26:42,66.8,150,251150
20231220,09:26:53,66.8,350,253350
20231220,09:27:02,67.0,450,253350
20231220,09:27:18,67.0,1350,253350
20231220,09:27:26,68.0,2350,253350
20231220,09:27:34,68.0,400,253350
20231220,09:27:42,67.5,800,253350
20231220,09:27:51,68.2,1950,253350
20231220,09:28:24,67.75,300,253350
20231220,09:28:32,68.0,250,253350
20231220,09:28:57,68.75,1400,253350
20231220,09:29:14,68.75,1200,253350
20231220,09:29:40,67.7,1400,253350
20231220,09:29:49,67.5,100,257600
20231220,09:29:57,67.75,350,257600
20231220,09:30:05,68.65,1650,257600
20231220,09:30:22,68.0,1600,257600
20231220,09:30:31,68.0,450,257600
20231220,09:30:47,68.25,1200,257600
20231220,09:30:55,67.8,100,257600
20231220,09:31:03,67.75,650,257600
20231220,09:31:28,68.4,400,257600
20231220,09:31:44,68.0,700,257600
20231220,09:32:00,68.0,1500,257600
20231220,09:32:17,68.75,350,257600
20231220,09:32:25,68.75,1100,257600
20231220,09:32:33,68.85,1000,257600
20231220,09:32:42,68.75,350,257600
20231220,09:32:58,68.75,800,267050
20231220,09:33:06,68.5,200,267050
20231220,09:33:31,68.75,500,267050
20231220,09:33:39,69.05,1050,267050
20231220,09:34:06,69.7,50,267050
20231220,09:34:24,70.0,300,267050
20231220,09:34:32,70.0,450,267050
20231220,09:34:40,69.75,550,267050
20231220,09:34:49,69.75,950,267050
20231220,09:35:13,69.6,100,267050
20231220,09:35:21,70.05,100,267050
20231220,09:35:29,70.05,200,267050
20231220,09:35:37,70.05,450,267050
20231220,09:35:53,70.1,2300,268150
20231220,09:36:01,70.2,900,268150
20231220,09:36:18,70.75,1000,268150
20231220,09:36:34,70.8,150,268150
20231220,09:36:43,71.0,1150,268150
20231220,09:36:52,70.8,100,268150
20231220,09:37:00,70.75,550,268150
20231220,09:37:44,71.55,100,268150
20231220,09:37:52,71.55,50,268150
20231220,09:38:00,72.0,500,268150
20231220,09:38:26,72.0,500,268150
20231220,09:38:34,71.55,250,268150
20231220,09:38:51,71.85,200,272650
20231220,09:39:08,71.5,300,272650
20231220,09:39:26,71.6,250,272650
20231220,09:39:35,71.6,200,272650
20231220,09:39:44,72.0,500,272650
20231220,09:40:03,72.0,50,272650
20231220,09:40:11,72.0,250,272650
20231220,09:40:20,71.75,50,272650
20231220,09:40:29,72.1,550,272650
20231220,09:40:38,72.15,200,272650
20231220,09:40:56,72.15,100,272650
20231220,09:41:06,71.75,2150,272650
20231220,09:41:15,71.85,50,272650
20231220,09:41:24,72.15,50,272650
20231220,09:41:42,72.0,500,272650
20231220,09:42:08,71.6,100,274800
20231220,09:43:39,71.05,350,274800
20231220,09:43:47,71.15,50,274800
20231220,09:44:27,71.05,100,274800
20231220,09:44:43,71.05,100,274800
20231220,09:45:40,70.75,350,274850
20231220,09:45:48,70.55,900,274850
20231220,09:45:57,70.1,450,274850
20231220,09:46:05,70.2,750,274850
20231220,09:46:14,70.05,1350,274850
20231220,09:46:22,70.2,600,274850
20231220,09:46:31,69.8,100,274850
20231220,09:46:48,69.8,50,274850
20231220,09:47:28,70.35,250,274850
20231220,09:48:00,70.35,1800,274700
20231220,09:48:17,70.0,500,274700
20231220,09:48:43,70.0,100,274700
20231220,09:49:24,70.0,50,274700
20231220,09:49:40,70.0,50,274700
20231220,09:50:20,70.2,650,274700
20231220,09:50:43,70.35,3800,274700
20231220,09:50:52,70.35,3850,272250
20231220,09:51:08,70.35,7250,272250
20231220,09:51:16,70.35,3600,272250
20231220,09:51:24,70.35,50,272250
20231220,09:51:32,70.35,250,272250
20231220,09:51:41,70.0,50,272250
20231220,09:52:00,70.5,1150,272250
20231220,09:52:11,70.2,100,272250
20231220,09:52:19,70.6,450,272250
20231220,09:52:28,70.65,200,272250
20231220,09:52:45,70.65,50,272250
20231220,09:53:10,70.75,850,272250
20231220,09:53:18,70.35,150,272250
20231220,09:53:26,70.75,550,272250
20231220,09:53:43,70.7,250,272250
20231220,09:53:51,70.65,50,272250
20231220,09:54:24,70.25,400,256800
20231220,09:54:32,70.0,100,256800
20231220,09:54:48,70.35,100,256800
20231220,09:55:21,69.75,150,256800
20231220,09:55:30,70.1,100,256800
20231220,09:56:28,69.9,150,256800
20231220,09:56:36,70.0,250,256800
20231220,09:56:44,69.9,250,256800
20231220,09:57:09,69.65,350,257200
20231220,09:57:33,69.6,1950,257200
20231220,09:58:14,69.5,200,257200
20231220,09:59:36,69.65,300,257200
20231220,10:00:06,69.65,1500,255300
20231220,10:00:47,69.35,200,255300
20231220,10:01:12,69.3,200,255300
20231220,10:01:28,69.2,150,255300
20231220,10:02:00,69.4,250,255300
20231220,10:02:09,69.0,150,255300
20231220,10:02:34,69.05,250,255300
20231220,10:02:45,68.8,50,255300
20231220,10:02:57,68.75,50,254400
20231220,10:03:06,68.0,500,254400
20231220,10:03:15,67.75,750,254400
20231220,10:03:24,67.45,400,254400
20231220,10:03:33,67.45,200,254400
20231220,10:03:51,67.25,200,254400
20231220,10:03:59,67.25,150,254400
20231220,10:04:08,67.45,50,254400
20231220,10:04:16,66.8,50,254400
20231220,10:04:57,67.4,50,254400
20231220,10:07:10,66.55,400,254850
20231220,10:07:19,66.65,4100,254850
20231220,10:07:28,66.35,1200,254850
20231220,10:07:36,66.25,100,254850
20231220,10:07:55,65.0,350,254850
20231220,10:08:06,64.95,200,254850
20231220,10:08:25,64.9,100,254850
20231220,10:08:42,64.9,100,254850
20231220,10:08:51,64.95,500,254850
20231220,10:08:59,64.6,850,251650
20231220,10:09:41,64.65,50,251650
20231220,10:09:49,64.65,100,251650
20231220,10:10:06,64.65,1900,251650
20231220,10:10:14,64.65,400,251650
20231220,10:10:30,64.65,1050,251650
20231220,10:10:38,64.65,1150,251650
20231220,10:10:47,64.65,10950,251650
20231220,10:10:55,64.75,2800,251650
20231220,10:11:04,65.0,1000,251650
20231220,10:11:20,65.0,1000,251650
20231220,10:11:29,65.0,2550,251650
20231220,10:11:38,64.7,1300,251650
20231220,10:11:46,65.0,1700,251650
20231220,10:11:54,65.0,250,240950
20231220,10:12:12,65.0,1000,240950
20231220,10:12:21,64.5,1050,240950
20231220,10:12:29,64.5,4350,240950
20231220,10:12:54,65.0,1050,240950
20231220,10:13:02,64.6,500,240950
20231220,10:13:10,64.5,100,240950
20231220,10:13:18,64.25,3500,240950
20231220,10:13:26,64.9,1000,240950
20231220,10:13:51,65.0,900,240950
20231220,10:13:59,64.65,3700,240950
20231220,10:14:39,64.6,100,240950
20231220,10:14:48,64.7,1800,240950
20231220,10:15:05,64.95,7650,246200
20231220,10:15:14,65.0,1750,246200
20231220,10:15:23,65.0,500,246200
20231220,10:15:31,65.0,5400,246200
20231220,10:15:40,65.0,1400,246200
20231220,10:15:49,65.0,900,246200
20231220,10:15:57,65.0,6450,246200
20231220,10:16:23,65.0,450,246200
20231220,10:16:31,65.0,1000,246200
20231220,10:16:40,64.75,1000,246200
20231220,10:16:48,65.0,2500,246200
20231220,10:16:57,65.0,550,246200
20231220,10:17:48,65.1,50,246200
20231220,10:17:57,65.05,200,235350
20231220,10:18:05,65.1,2400,235350
20231220,10:18:13,65.0,10500,235350
20231220,10:18:22,65.1,550,235350
20231220,10:18:31,64.9,4700,235350
20231220,10:18:39,65.2,1600,235350
20231220,10:18:56,65.45,200,235350
20231220,10:19:46,65.5,50,235350
20231220,10:19:54,65.5,450,235350
20231220,10:20:19,65.7,1150,235350
20231220,10:20:35,65.25,100,235350
20231220,10:21:52,65.25,100,229700
20231220,10:23:59,65.0,550,229700
20231220,10:24:31,65.25,100,229700
20231220,10:24:39,65.25,50,229700
20231220,10:24:47,65.5,950,229700
20231220,10:24:56,65.55,450,229700
20231220,10:25:04,65.6,100,229700
20231220,10:25:13,66.0,500,229700
20231220,10:25:33,65.55,50,229700
20231220,10:25:42,65.9,250,229700
20231220,10:26:47,66.1,50,229700
20231220,10:27:03,66.1,200,230100
20231220,10:27:34,66.1,150,230100
20231220,10:27:42,66.1,100,230100
20231220,10:27:58,65.9,50,230100
20231220,10:28:06,65.75,50,230100
20231220,10:28:37,65.75,50,230100
20231220,10:28:52,65.9,50,230100
20231220,10:29:09,65.8,250,230100
20231220,10:29:18,65.45,1000,230100
20231220,10:29:35,65.0,100,230100
20231220,10:29:43,65.0,550,230100
20231220,10:30:01,64.9,350,230200
20231220,10:30:09,65.2,100,230200
20231220,10:30:35,65.25,650,230200
20231220,10:30:44,65.25,50,230200
20231220,10:31:42,65.5,300,230200
20231220,10:32:07,65.6,600,230200
20231220,10:32:24,65.75,450,230200
20231220,10:32:32,65.55,100,230200
20231220,10:32:48,65.5,50,230200
20231220,10:32:56,65.25,50,230800
20231220,10:33:19,65.25,100,230800
20231220,10:33:42,65.25,100,230800
20231220,10:33:58,65.25,300,230800
20231220,10:34:06,65.25,450,230800
20231220,10:34:14,65.25,450,230800
20231220,10:34:23,65.2,50,230800
20231220,10:34:31,65.0,300,230800
20231220,10:34:39,64.95,150,230800
20231220,10:35:11,64.75,50,230800
20231220,10:35:42,65.0,100,230800
20231220,10:36:04,65.0,100,231400
20231220,10:36:48,65.5,2150,231400
20231220,10:36:55,65.5,100,231400
20231220,10:37:03,65.5,200,231400
20231220,10:37:11,65.55,150,231400
20231220,10:41:34,66.55,1350,229600
20231220,10:41:43,66.6,550,229600
20231220,10:41:52,66.65,450,229650
20231220,10:42:01,66.4,800,229650
20231220,10:42:10,66.6,1100,229650
20231220,10:42:19,66.55,550,229650
20231220,10:42:43,66.55,50,229650
20231220,10:42:52,66.2,200,229650
20231220,10:43:24,66.4,50,229650
20231220,10:43:40,66.45,50,229650
20231220,10:43:57,66.5,1000,229650
20231220,10:44:05,66.4,250,229650
20231220,10:44:31,66.4,200,229650
20231220,10:44:39,66.5,500,229650
20231220,10:44:56,66.65,550,231300
20231220,10:45:22,66.65,4550,231300
20231220,10:45:31,66.65,2100,231300
20231220,10:46:29,66.55,50,231300
20231220,10:47:04,66.8,150,231300
20231220,10:47:13,67.35,300,231300
20231220,10:47:22,67.4,900,231300
20231220,10:47:38,67.35,50,231300
20231220,10:48:28,67.4,150,227850
20231220,10:48:54,67.2,50,227850
20231220,10:49:11,67.1,50,227850
20231220,10:50:47,66.75,100,227850
20231220,10:51:03,66.75,200,227850
20231220,10:51:20,66.4,50,227850
20231220,10:51:28,66.2,50,227850
20231220,10:53:08,66.0,50,227850
20231220,10:54:37,66.4,50,227950
20231220,10:54:45,66.4,200,227950
20231220,10:54:52,66.15,50,227950
20231220,10:55:00,66.45,6700,227950
20231220,10:55:07,66.7,2750,227950
20231220,10:55:15,66.8,400,227950
20231220,10:55:22,66.65,850,227950
20231220,10:55:30,66.7,550,227950
20231220,10:55:38,66.7,350,227950
20231220,10:55:46,66.5,550,227950
20231220,10:55:54,66.8,350,227950
20231220,10:56:02,66.7,450,227950
20231220,10:56:10,66.75,800,227950
20231220,10:56:17,66.9,250,227950
20231220,10:56:25,66.95,300,227950
20231220,10:56:33,66.9,600,227950
20231220,10:56:41,66.95,600,227950
20231220,10:56:49,67.05,450,227950
20231220,10:56:57,67.25,100,220300
20231220,10:57:04,67.3,250,220300
20231220,10:57:12,67.6,250,220300
20231220,10:57:20,67.75,300,220300
20231220,10:57:28,67.7,50,220300
20231220,10:57:50,67.6,200,220300
20231220,10:58:13,67.9,50,220300
20231220,10:58:20,67.9,50,220300
20231220,10:58:28,67.9,350,220300
20231220,11:00:12,68.05,850,220450
20231220,11:00:19,68.25,150,220450
20231220,11:00:34,68.15,200,220450
20231220,11:00:49,68.25,300,220450
20231220,11:01:11,68.15,450,220450
20231220,11:01:41,68.5,150,220450
20231220,11:01:49,68.5,850,220450
20231220,11:03:08,68.5,50,219900
20231220,11:03:49,68.9,100,219900
20231220,11:04:25,69.0,50,219900
20231220,11:04:41,69.0,50,219900
20231220,11:05:04,69.0,350,219900
20231220,11:05:28,68.85,50,219900
20231220,11:06:20,69.0,100,219950
20231220,11:06:27,69.25,50,219950
20231220,11:06:34,68.95,50,219950
20231220,11:08:23,68.65,600,219950
20231220,11:08:38,68.65,600,219950
20231220,11:09:07,68.7,50,220600
20231220,11:09:14,68.5,50,220600
20231220,11:09:36,68.5,50,220600
20231220,11:09:51,68.5,2200,220600
20231220,11:09:58,68.5,100,220600
20231220,11:10:20,68.5,50,220600
20231220,11:10:34,68.65,50,220600
20231220,11:11:26,68.65,650,220600
20231220,11:12:45,68.75,900,221950
20231220,11:13:22,69.0,1000,221950
20231220,11:14:39,68.65,2750,221950
20231220,11:14:50,68.5,8100,221950
20231220,11:15:38,68.55,4550,230850
20231220,11:15:46,68.55,100,230850
20231220,11:15:54,68.55,200,230850
20231220,11:16:18,68.9,50,230850
20231220,11:16:27,68.85,600,230850
20231220,11:17:15,68.55,50,230850
20231220,11:19:06,68.5,650,234600
20231220,11:19:14,68.55,1350,234600
20231220,11:19:23,68.55,300,234600
20231220,11:19:31,68.5,650,234600
20231220,11:19:47,68.5,2200,234600
20231220,11:19:56,68.5,4350,234600
20231220,11:20:05,68.5,900,234600
20231220,11:20:39,68.4,50,234600
20231220,11:20:47,68.3,50,234600
20231220,11:20:55,68.4,50,234600
20231220,11:21:20,68.5,1250,242800
20231220,11:21:28,68.45,50,242800
20231220,11:21:36,68.65,600,242800
20231220,11:21:44,68.8,800,242800
20231220,11:21:52,68.85,850,242800
20231220,11:22:14,68.85,100,242800
20231220,11:22:21,68.75,50,242800
20231220,11:22:29,68.6,100,242800
20231220,11:22:37,68.45,450,242800
20231220,11:22:46,68.4,1350,242800
20231220,11:22:55,68.65,3600,242800
20231220,11:23:03,68.6,450,242800
20231220,11:23:12,68.75,100,242800
20231220,11:23:19,68.8,150,242800
20231220,11:23:27,68.65,50,242800
20231220,11:23:35,68.45,150,242800
20231220,11:23:43,68.45,250,242800
20231220,11:23:51,68.35,150,242800
20231220,11:23:59,68.5,800,242800
20231220,11:24:08,68.5,500,245700
20231220,11:24:16,68.55,150,245700
20231220,11:24:25,68.15,250,245700
20231220,11:24:34,68.25,250,245700
20231220,11:25:16,68.35,100,245700
20231220,11:27:12,68.85,500,246150
20231220,11:29:21,69.25,700,246150
20231220,11:29:37,68.55,50,246150
20231220,11:30:02,68.3,350,247050
20231220,11:30:11,68.25,300,247050
20231220,11:30:30,68.3,50,247050
20231220,11:30:39,68.7,100,247050
20231220,11:30:48,68.4,300,247050
20231220,11:31:05,68.05,200,247050
20231220,11:31:14,68.0,100,247050
20231220,11:31:23,67.8,100,247050
20231220,11:31:40,67.55,200,247050
20231220,11:31:50,67.5,50,247050
20231220,11:31:58,67.55,50,247050
20231220,11:32:15,67.4,150,247050
20231220,11:32:40,67.25,50,247050
20231220,11:33:06,67.2,250,247650
20231220,11:33:23,67.0,6900,247650
20231220,11:33:33,67.0,6300,247650
20231220,11:33:43,67.0,1700,247650
20231220,11:33:52,67.2,50,247650
20231220,11:34:00,67.0,4400,247650
20231220,11:34:09,66.85,200,247650
20231220,11:34:17,66.85,150,247650
20231220,11:34:26,66.6,250,247650
20231220,11:34:35,66.55,200,247650
20231220,11:34:43,66.55,400,247650
20231220,11:34:51,66.45,250,247650
20231220,11:35:00,66.45,200,247650
20231220,11:35:08,66.5,150,247650
20231220,11:35:16,66.6,50,247650
20231220,11:35:25,66.1,400,247650
20231220,11:35:35,66.15,50,247650
20231220,11:35:53,66.45,300,247650
20231220,11:36:10,66.1,200,258900
20231220,11:36:27,66.3,200,258900
20231220,11:36:35,66.35,50,258900
20231220,11:36:44,66.45,100,258900
20231220,11:37:09,66.6,150,258900
20231220,11:37:37,67.15,50,258900
20231220,11:38:13,67.0,450,258900
20231220,11:38:47,67.05,100,258900
20231220,11:38:58,67.1,50,258900
20231220,11:39:18,67.05,50,258850
20231220,11:40:31,67.2,100,258850
20231220,11:40:49,67.1,200,258850
20231220,11:40:58,67.15,50,258850
20231220,11:41:07,67.2,50,258850
20231220,11:41:16,66.8,100,258850
20231220,11:41:36,66.6,400,258850
20231220,11:42:13,66.6,550,258950
20231220,11:42:22,66.8,50,258950
20231220,11:42:49,66.35,100,258950
20231220,11:42:57,66.35,250,258950
20231220,11:43:06,66.05,100,258950
20231220,11:44:29,65.05,50,258950
20231220,11:44:56,65.55,100,258950
20231220,11:45:05,65.6,200,258950
20231220,11:45:23,65.95,500,259050
20231220,11:45:41,67.0,450,259050
20231220,11:45:50,67.0,50,259050
20231220,11:45:58,67.1,150,259050
20231220,11:46:14,66.7,50,259050
20231220,11:46:22,66.85,100,259050
20231220,11:46:30,66.85,50,259050
20231220,11:47:04,66.5,50,259050
20231220,11:47:21,66.45,100,259050
20231220,11:47:29,66.45,200,259050
20231220,11:47:55,66.4,100,259050
20231220,11:48:13,66.15,250,258350
20231220,11:48:41,66.0,350,258350
20231220,11:48:52,65.9,400,258350
20231220,11:49:20,65.9,100,258350
20231220,11:49:29,66.15,400,258350
20231220,11:49:38,66.1,50,258350
20231220,11:49:46,66.0,50,258350
20231220,11:49:55,66.0,300,258350
20231220,11:50:21,66.0,750,258350
20231220,11:50:30,66.05,1300,258350
20231220,11:50:47,66.1,100,258350
20231220,11:50:56,66.0,2650,258350
20231220,11:51:05,66.0,1300,259250
20231220,11:51:15,65.65,300,259250
20231220,11:51:35,65.75,250,259250
20231220,11:51:43,65.85,100,259250
20231220,11:51:53,66.05,6250,259250
20231220,11:52:20,65.5,50,259250
20231220,11:52:38,65.15,200,259250
20231220,11:52:49,64.6,100,259250
20231220,11:53:48,64.4,50,259250
20231220,11:53:58,64.15,100,259250
20231220,11:54:35,64.15,50,256200
20231220,11:54:44,64.25,50,256200
20231220,11:54:53,64.8,300,256200
20231220,11:55:02,64.75,650,256200
20231220,11:55:11,64.75,100,256200
20231220,11:55:45,64.8,400,256200
20231220,11:55:53,65.0,200,256200
20231220,11:56:02,65.25,100,256200
20231220,11:56:11,65.4,700,256200
20231220,11:56:28,65.4,650,256200
20231220,11:57:12,66.0,100,254950
20231220,11:57:20,65.65,50,254950
20231220,11:57:37,66.0,1350,254950
20231220,11:57:46,65.95,150,254950
20231220,11:57:55,66.0,6200,254950
20231220,11:58:04,66.0,1300,254950
20231220,11:58:13,65.95,850,254950
20231220,11:58:21,66.0,50,254950
20231220,11:58:30,66.0,3100,254950
20231220,11:58:38,65.9,400,254950
20231220,11:58:47,65.85,100,254950
20231220,11:58:56,66.0,100,254950
20231220,11:59:13,66.0,2100,254950
20231220,11:59:21,65.95,550,254950
20231220,11:59:38,66.0,50,254950
20231220,11:59:56,66.0,1400,254950
20231220,12:00:05,66.0,9700,245750
20231220,12:00:14,66.05,2700,245750
20231220,12:00:23,66.0,1500,245750
20231220,12:00:31,66.25,950,245750
20231220,12:01:20,66.5,750,245750
20231220,12:01:28,66.45,400,245750
20231220,12:01:36,66.45,650,245750
20231220,12:01:45,66.5,1000,245750
20231220,12:01:53,66.6,350,245750
20231220,12:02:02,66.45,450,245750
20231220,12:02:11,66.2,100,245750
20231220,12:02:20,66.2,250,245750
20231220,12:02:38,66.25,800,245750
20231220,12:02:47,66.05,50,245750
20231220,12:03:04,66.4,100,245750
20231220,12:03:21,66.4,250,237950
20231220,12:03:37,66.5,700,237950
20231220,12:03:46,66.4,100,237950
20231220,12:03:54,66.35,100,237950
20231220,12:04:03,66.15,150,237950
20231220,12:04:20,66.45,650,237950
20231220,12:04:29,66.45,1950,237950
20231220,12:04:38,66.4,500,237950
20231220,12:04:46,66.35,50,237950
20231220,12:04:54,66.35,150,237950
20231220,12:05:02,66.4,3600,237950
20231220,12:05:11,66.45,3100,237950
20231220,12:05:20,66.45,100,237950
20231220,12:05:29,66.75,150,237950
20231220,12:06:10,66.75,400,230650
20231220,12:06:18,66.6,200,230650
20231220,12:06:27,66.45,200,230650
20231220,12:06:36,66.6,200,230650
20231220,12:06:53,66.55,100,230650
20231220,12:07:33,66.1,300,230650
20231220,12:07:41,66.15,100,230650
20231220,12:07:57,66.2,300,230650
20231220,12:08:22,65.95,50,230650
20231220,12:08:40,66.3,50,230650
20231220,12:09:53,65.9,800,230050
20231220,12:10:01,65.9,450,230050
20231220,12:10:10,65.6,200,230050
20231220,12:10:19,65.55,100,230050
20231220,12:10:28,65.55,100,230050
20231220,12:10:46,65.3,250,230050
20231220,12:11:13,65.05,300,230050
20231220,12:11:22,65.0,200,230050
20231220,12:12:06,64.75,200,230050
20231220,12:12:22,65.0,250,229700
20231220,12:12:30,64.9,50,229700
20231220,12:13:01,64.5,200,229700
20231220,12:14:08,64.95,100,229700
20231220,12:14:48,64.65,200,229700
20231220,12:14:56,64.75,300,229700
20231220,12:15:13,64.75,200,229700
20231220,12:15:29,64.75,1850,229700
20231220,12:15:45,64.5,50,229700
20231220,12:15:53,64.75,400,229700
20231220,12:16:19,64.4,250,229700
20231220,12:16:28,64.45,150,229700
20231220,12:16:45,64.5,200,229700
20231220,12:17:12,64.45,100,229700
20231220,12:17:20,64.75,300,229700
20231220,12:18:29,64.35,150,229500
20231220,12:18:37,64.0,100,229500
20231220,12:18:46,64.2,300,229500
20231220,12:19:12,64.25,250,229500
20231220,12:20:03,64.2,500,229500
20231220,12:20:57,63.9,100,229500
20231220,12:21:23,63.5,100,229150
20231220,12:21:49,63.45,100,229150
20231220,12:21:59,63.75,700,229150
20231220,12:22:51,63.9,350,229150
20231220,12:23:08,64.0,300,229150
20231220,12:23:17,63.9,50,229150
20231220,12:24:01,64.4,200,229150
20231220,12:24:26,64.4,50,229250
20231220,12:24:35,64.5,200,229250
20231220,12:25:08,64.5,50,229250
20231220,12:25:16,64.5,50,229250
20231220,12:25:24,64.25,100,229250
20231220,12:25:32,64.65,50,229250
20231220,12:25:40,64.45,450,229250
20231220,12:25:49,64.4,500,229250
20231220,12:26:13,64.3,50,229250
20231220,12:26:21,63.9,650,229250
20231220,12:26:29,63.9,50,229250
20231220,12:26:37,64.1,50,229250
20231220,12:27:08,64.25,200,229250
20231220,12:27:24,63.95,100,229300
20231220,12:27:47,63.75,100,229300
20231220,12:27:55,64.0,300,229300
20231220,12:28:12,64.0,200,229300
20231220,12:28:20,63.9,150,229300
20231220,12:28:29,64.2,200,229300
20231220,12:30:24,63.5,450,229150
20231220,12:31:33,63.0,100,229150
20231220,12:31:51,63.15,100,229150
20231220,12:32:08,63.25,50,229150
20231220,12:32:17,63.4,200,229150
20231220,12:32:33,63.0,150,229150
20231220,12:33:23,62.95,100,229200
20231220,12:33:46,62.85,50,229200
20231220,12:34:03,62.8,100,229200
20231220,12:34:11,62.95,100,229200
20231220,12:34:19,62.75,550,229200
20231220,12:34:43,63.35,150,229200
20231220,12:34:52,63.55,50,229200
20231220,12:35:00,63.5,500,229200
20231220,12:35:24,63.9,100,229200
20231220,12:35:33,64.0,150,229200
20231220,12:36:05,64.0,5000,229200
20231220,12:36:14,64.05,800,231350
20231220,12:37:55,64.0,200,231350
20231220,12:38:11,64.0,1350,231350
20231220,12:38:19,64.2,200,231350
20231220,12:39:36,64.55,100,232050
20231220,12:39:52,64.65,100,232050
20231220,12:40:31,64.65,2350,232050
20231220,12:40:39,64.65,4600,232050
20231220,12:42:16,65.85,100,233600
20231220,12:42:48,65.7,150,233600
20231220,12:43:45,65.5,1250,233600
20231220,12:45:30,64.85,200,233600
20231220,12:45:38,65.1,750,234600
20231220,12:46:26,64.65,750,234600
20231220,12:46:42,65.2,100,234600
20231220,12:47:31,65.25,400,234600
20231220,12:47:56,65.25,150,234600
20231220,12:48:11,65.45,550,234600
20231220,12:48:28,65.6,50,235400
20231220,12:48:45,65.45,150,235400
20231220,12:49:09,65.35,100,235400
20231220,12:49:32,65.35,500,235400
20231220,12:49:48,65.8,250,235400
20231220,12:50:41,65.7,200,235400
20231220,12:51:07,65.15,1050,235400
20231220,12:51:24,65.2,150,235450
20231220,12:51:33,65.25,650,235450
20231220,12:52:47,66.0,1000,235450
20231220,12:53:29,66.0,1000,235450
20231220,12:57:27,66.2,200,236450
20231220,12:57:59,65.55,200,236450
20231220,12:58:40,65.2,150,236450
20231220,12:58:57,65.1,200,236450
20231220,12:59:39,64.85,400,236450
20231220,12:59:47,64.8,150,236450
20231220,12:59:56,64.65,3400,236450
20231220,13:00:14,64.2,200,237100
20231220,13:00:32,64.2,200,237100
20231220,13:00:49,64.0,50,237100
20231220,13:00:57,63.75,200,237100
20231220,13:01:06,63.75,150,237100
20231220,13:01:14,63.55,250,237100
20231220,13:01:32,63.6,400,237100
20231220,13:01:49,63.85,50,237100
20231220,13:02:15,63.65,250,237100
20231220,13:02:23,63.55,100,237100
20231220,13:02:40,63.65,200,237100
20231220,13:02:56,63.5,400,237100
20231220,13:03:52,64.05,50,237550
20231220,13:04:09,63.9,250,237550
20231220,13:04:25,64.05,50,237550
20231220,13:06:49,64.5,550,237550
20231220,13:07:42,64.45,450,237550
20231220,13:07:50,64.65,150,237550
20231220,13:08:07,64.5,350,237550
20231220,13:08:15,64.4,50,237550
20231220,13:08:23,64.4,350,237550
20231220,13:08:31,64.4,1150,237550
20231220,13:08:39,64.4,1850,237550
20231220,13:08:48,64.55,450,237550
20231220,13:09:13,64.05,550,235000
20231220,13:09:23,64.05,150,235000
20231220,13:09:32,63.75,50,235000
20231220,13:09:42,63.55,300,235000
20231220,13:10:12,63.05,50,235000
20231220,13:10:21,62.95,200,235000
20231220,13:10:30,63.05,500,235000
20231220,13:10:39,63.35,50,235000
20231220,13:11:16,62.6,50,235000
20231220,13:11:26,61.9,50,235000
20231220,13:11:56,61.8,50,235000
20231220,13:12:15,62.25,50,235000
20231220,13:12:33,62.9,100,234650
20231220,13:13:29,61.55,250,234650
20231220,13:13:39,61.35,200,234650
20231220,13:14:09,61.0,100,234650
20231220,13:14:36,62.1,50,234650
20231220,13:15:41,61.7,50,234600
20231220,13:15:50,61.4,50,234600
20231220,13:15:59,61.25,750,234600
20231220,13:16:44,62.4,200,234600
20231220,13:16:53,62.55,50,234600
20231220,13:17:13,61.75,350,234600
20231220,13:17:23,61.55,100,234600
20231220,13:17:32,61.4,250,234600
20231220,13:17:41,61.25,100,234600
20231220,13:17:51,61.65,50,234600
20231220,13:18:01,60.4,1950,234600
20231220,13:18:11,60.1,1600,234600
20231220,13:18:21,60.05,50,234550
20231220,13:18:30,60.05,100,234550
20231220,13:18:40,60.25,900,234550
20231220,13:18:49,60.2,100,234550
20231220,13:18:59,60.2,150,234550
20231220,13:19:08,59.85,2250,234550
20231220,13:19:18,59.65,150,234550
20231220,13:19:39,59.1,50,234550
20231220,13:20:12,59.0,1000,234550
20231220,13:20:21,59.1,50,234550
20231220,13:20:31,58.8,50,234550
20231220,13:20:40,58.75,250,234550
20231220,13:20:49,59.2,900,234550
20231220,13:20:59,59.15,900,234550
20231220,13:21:09,59.45,100,234550
20231220,13:21:18,59.45,50,236050
20231220,13:21:47,60.8,700,236050
20231220,13:21:57,60.65,250,236050
20231220,13:22:35,60.55,150,236050
20231220,13:22:44,60.85,250,236050
20231220,13:23:03,60.5,100,236050
20231220,13:23:21,60.5,250,236050
20231220,13:23:30,60.6,100,236050
20231220,13:23:39,60.65,50,236050
20231220,13:23:49,60.15,150,236050
20231220,13:24:08,60.2,300,236050
20231220,13:24:19,60.3,150,236050
20231220,13:24:29,59.5,550,235800
20231220,13:24:40,59.45,400,235800
20231220,13:24:50,59.45,350,235800
20231220,13:25:00,59.05,1400,235800
20231220,13:25:11,59.65,250,235800
20231220,13:25:21,59.5,100,235800
20231220,13:25:30,59.3,100,235800
20231220,13:25:51,59.3,100,235800
20231220,13:26:00,59.15,200,235800
20231220,13:26:31,58.75,400,235800
20231220,13:27:12,58.15,100,235800
20231220,13:27:33,57.55,500,233950
20231220,13:27:44,56.95,300,233950
20231220,13:27:55,56.85,200,233950
20231220,13:28:17,56.45,200,233950
20231220,13:28:28,55.7,200,233950
20231220,13:28:39,55.25,850,233950
20231220,13:28:49,55.0,700,233950
20231220,13:28:59,54.95,350,233950
20231220,13:29:09,55.0,250,233950
20231220,13:29:28,55.8,200,233950
20231220,13:29:57,55.6,700,233950
20231220,13:30:16,56.55,200,233950
20231220,13:30:37,56.7,100,234450
