date,time,tick_price,volume,open_interest
20240111,10:00:07,687.95,50,50
20240111,10:11:40,717.6,150,50
20240111,10:17:27,717.6,50,200
20240111,10:19:13,718.75,50,250
20240111,10:21:19,724.0,50,300
20240111,10:24:13,724.0,50,350
20240111,12:46:28,718.85,50,400
20240111,14:10:05,758.25,50,450
20240111,14:10:16,758.25,50,450
20240111,14:13:04,762.25,50,450
20240111,14:16:25,780.0,50,450
20240111,14:17:57,790.0,50,450
20240111,14:29:14,790.0,400,450
20240112,09:15:34,691.75,1,850
20240112,09:15:34,691.75,50,850
20240112,09:22:34,655.0,200,900
20240112,09:22:48,655.0,50,900
20240112,09:25:24,650.0,50,1000
20240112,09:25:44,650.0,50,1000
20240112,09:30:01,640.6,50,1050
20240112,09:35:03,640.6,50,1050
20240112,09:41:29,648.0,300,1050
20240112,09:42:33,644.95,50,1050
20240112,09:58:52,626.85,50,1350
20240112,10:12:14,575.0,50,1350
20240112,10:14:26,575.0,50,1350
20240112,10:20:24,579.0,500,1450
20240112,10:21:14,568.4,100,1950
20240112,10:24:59,568.4,50,2050
20240112,10:26:06,570.0,150,2050
20240112,10:26:09,565.0,50,2050
20240112,10:26:33,560.0,500,2100
20240112,10:27:38,550.0,150,2100
20240112,10:28:15,548.1,50,2100
20240112,10:32:52,548.1,550,2650
20240112,10:32:53,575.0,450,2650
20240112,10:36:02,567.0,1000,1650
20240112,10:36:44,562.2,50,1650
20240112,10:39:51,555.0,100,2700
20240112,10:40:01,554.55,50,2700
20240112,10:46:15,555.0,50,2700
20240112,10:54:59,555.0,250,2750
20240112,10:56:48,543.9,500,2750
20240112,10:57:12,543.9,100,3000
20240112,10:59:05,544.15,150,3000
20240112,11:04:37,553.0,150,3600
20240112,11:21:08,545.0,100,3600
20240112,11:29:18,548.9,50,3500
20240112,11:29:55,548.25,250,3500
20240112,11:32:17,557.15,50,3500
20240112,11:35:25,550.0,50,3550
20240112,11:35:38,549.8,50,3550
20240112,11:36:53,551.7,250,3550
20240112,11:40:50,549.5,50,3400
20240112,11:41:48,550.75,50,3400
20240112,11:43:41,546.05,500,3400
20240112,11:44:01,540.0,50,3400
20240112,11:48:14,540.0,50,3250
20240112,11:49:58,545.0,50,3250
20240112,11:50:41,540.0,100,3200
20240112,11:51:33,534.05,50,3200
20240112,11:52:11,534.05,50,3200
20240112,11:55:47,545.5,50,3350
20240112,11:56:53,545.0,100,3300
20240112,12:01:34,554.0,300,3400
20240112,12:03:22,559.55,400,3400
20240112,12:03:54,569.8,450,3400
20240112,12:14:03,555.65,100,3350
20240112,12:14:46,558.75,50,3300
20240112,12:19:49,554.15,50,3350
20240112,12:20:44,559.05,50,3350
20240112,12:21:34,555.65,50,3400
20240112,12:31:53,549.3,50,3350
20240112,12:39:33,560.55,50,3300
20240112,12:42:05,560.4,50,3350
20240112,12:47:46,551.5,50,3300
20240112,12:52:42,538.0,150,3350
20240112,12:53:41,539.4,100,3350
20240112,12:54:10,532.7,100,3350
20240112,12:57:03,513.3,50,3350
20240112,12:57:49,513.3,50,3350
20240112,13:01:38,519.5,50,3350
20240112,13:05:48,524.65,50,3350
20240112,13:12:06,522.0,100,3350
20240112,13:19:37,529.0,100,3350
20240112,13:20:59,522.0,500,3250
20240112,13:21:05,520.0,50,3250
20240112,13:21:36,521.7,50,3250
20240112,13:23:15,525.0,500,3250
20240112,13:23:50,519.75,50,3250
20240112,13:24:06,517.0,900,3050
20240112,13:24:08,517.05,450,3050
20240112,13:24:10,517.1,650,3050
20240112,13:28:10,510.0,500,3750
20240112,13:28:36,508.15,100,3750
20240112,13:28:49,508.15,50,3750
20240112,13:29:02,515.0,500,3750
20240112,13:31:05,510.0,50,3850
20240112,13:33:27,507.0,150,3850
20240112,13:33:28,507.0,50,3850
20240112,13:35:39,507.0,50,3850
20240112,13:37:19,505.55,500,3800
20240112,13:38:30,501.0,500,3800
20240112,13:41:15,490.0,100,4300
20240112,13:42:00,480.0,500,4400
20240112,13:42:09,480.0,50,4400
20240112,13:42:30,483.9,50,4400
20240112,13:42:32,480.0,100,4400
20240112,13:43:11,477.9,50,4400
20240112,13:43:57,477.9,50,4400
20240112,13:44:18,486.5,100,4400
20240112,13:46:59,489.65,500,4950
20240112,13:48:28,489.0,200,4450
20240112,13:49:20,483.9,50,4450
20240112,13:50:11,485.0,500,4450
20240112,13:50:23,482.0,50,4450
20240112,13:52:31,482.0,50,5000
20240112,13:53:29,480.55,200,5000
20240112,13:54:06,480.7,300,5150
20240112,13:54:35,480.3,600,5150
20240112,13:54:37,480.9,600,5150
20240112,13:55:34,476.95,900,5150
20240112,13:55:35,478.8,300,5150
20240112,13:56:34,486.5,50,5150
20240112,13:59:22,486.0,250,5500
20240112,13:59:25,486.0,250,5500
20240112,13:59:55,480.0,50,5500
20240112,13:59:56,479.0,350,5500
20240112,14:00:51,489.65,50,5900
20240112,14:00:55,488.7,50,5900
20240112,14:01:02,489.7,100,5900
20240112,14:02:12,482.8,50,5900
20240112,14:02:49,487.3,50,5900
20240112,14:03:12,489.0,50,5950
20240112,14:03:34,490.8,50,5950
20240112,14:05:04,489.95,50,5950
20240112,14:05:29,494.5,50,5950
20240112,14:05:50,496.15,50,5950
20240112,14:06:01,500.0,200,5950
20240112,14:06:05,500.7,150,6200
20240112,14:06:33,500.4,600,6200
20240112,14:06:36,498.95,50,6200
20240112,14:07:00,502.0,50,6200
20240112,14:07:24,494.5,100,6200
20240112,14:07:42,495.6,50,6200
20240112,14:07:45,497.0,50,6200
20240112,14:08:13,495.45,400,6200
20240112,14:09:00,497.15,150,6200
20240112,14:09:20,495.45,50,6800
20240112,14:10:20,493.55,100,6800
20240112,14:10:21,492.4,150,6800
20240112,14:11:07,490.95,50,6800
20240112,14:12:06,500.0,100,6800
20240112,14:12:34,501.25,50,7050
20240112,14:13:00,502.2,50,7050
20240112,14:13:59,501.2,50,7050
20240112,14:14:31,496.05,50,7050
20240112,14:15:10,492.9,450,7100
20240112,14:15:14,492.9,50,7100
20240112,14:15:35,493.75,50,7100
20240112,14:17:33,481.5,200,7100
20240112,14:17:34,481.65,150,7100
20240112,14:17:53,484.15,50,7100
20240112,14:18:00,483.5,200,7100
20240112,14:18:01,483.1,50,7100
20240112,14:18:09,487.8,450,7050
20240112,14:18:10,487.7,150,7050
20240112,14:18:17,485.1,50,7050
20240112,14:18:23,487.1,50,7050
20240112,14:19:31,493.05,200,7050
20240112,14:21:24,492.65,50,7650
20240112,14:21:51,492.8,50,7650
20240112,14:23:28,484.1,50,7650
20240112,14:24:24,477.05,50,7750
20240112,14:25:37,482.75,50,7750
20240112,14:26:10,484.4,50,7750
20240112,14:26:40,485.65,100,7750
20240112,14:27:02,477.7,50,7750
20240112,14:28:27,469.35,1050,7750
20240112,14:31:01,469.35,450,7700
20240112,14:33:29,471.4,200,7250
20240112,14:33:54,470.8,100,7250
20240112,14:34:02,471.55,100,7250
20240112,14:35:13,471.05,50,7250
20240112,14:36:03,464.5,200,7250
20240112,14:36:13,464.5,1150,7400
20240112,14:36:27,462.4,200,7400
20240112,14:36:33,460.05,150,7400
20240112,14:36:42,458.95,100,7400
20240112,14:36:48,455.0,50,7400
20240112,14:36:49,455.0,150,7400
20240112,14:36:50,455.55,1000,7400
20240112,14:36:53,456.6,150,7400
20240112,14:36:56,454.0,100,7400
20240112,14:37:01,454.0,100,7400
20240112,14:37:03,454.0,50,7400
20240112,14:37:42,452.15,300,7400
20240112,14:37:52,451.3,400,7400
20240112,14:38:01,450.25,50,7400
20240112,14:38:02,447.85,200,7400
20240112,14:38:09,446.0,150,7400
20240112,14:38:18,446.0,50,7400
20240112,14:38:26,445.4,50,7400
20240112,14:38:59,441.2,100,7400
20240112,14:39:00,440.0,50,7400
20240112,14:39:02,440.0,350,7400
20240112,14:39:10,441.0,50,8600
20240112,14:39:13,440.0,400,8600
20240112,14:39:19,438.95,650,8600
20240112,14:39:39,438.35,50,8600
20240112,14:39:43,437.85,100,8600
20240112,14:39:47,437.85,50,8600
20240112,14:39:48,435.2,900,8600
20240112,14:39:59,435.0,50,8600
20240112,14:40:18,435.0,250,8600
20240112,14:40:24,435.45,1000,8600
20240112,14:41:23,445.0,1000,8600
20240112,14:41:44,447.1,1000,8600
20240112,14:41:50,452.0,50,8600
20240112,14:41:56,453.5,200,8600
20240112,14:42:07,450.75,50,8600
20240112,14:42:10,447.1,300,8500
20240112,14:42:44,450.0,200,8500
20240112,14:42:45,450.45,150,8500
20240112,14:42:55,448.9,50,8500
20240112,14:43:34,450.35,1000,8500
20240112,14:43:35,451.9,100,8500
20240112,14:44:35,453.6,300,8500
20240112,14:45:24,456.45,50,8500
20240112,14:45:30,459.0,100,7850
20240112,14:45:31,458.0,50,7850
20240112,14:45:32,458.0,100,7850
20240112,14:45:43,458.0,50,7850
20240112,14:46:26,461.2,100,7850
20240112,14:47:24,460.0,250,7850
20240112,14:48:50,459.65,50,7850
20240112,14:49:13,464.8,50,7850
20240112,14:49:14,464.4,100,7850
20240112,14:49:21,466.9,150,7850
20240112,14:49:22,467.0,150,7850
20240112,14:49:35,468.0,250,7850
20240112,14:49:36,468.0,500,7850
20240112,14:49:47,466.35,450,7850
20240112,14:49:48,466.8,300,7850
20240112,14:50:07,476.9,150,7850
20240112,14:50:22,466.0,500,7850
20240112,14:50:23,467.1,150,7850
20240112,14:50:24,466.6,100,7850
20240112,14:50:26,468.1,100,7850
20240112,14:50:27,469.2,50,7850
20240112,14:50:37,468.4,100,7850
20240112,14:50:40,467.9,50,7850
20240112,14:50:49,466.9,50,7850
20240112,14:53:29,475.5,500,8700
20240112,14:55:00,473.25,50,8700
20240112,14:55:16,475.5,250,8700
20240112,14:55:26,473.0,50,8700
20240112,14:58:52,468.95,350,8700
20240112,15:00:10,460.05,200,8400
20240112,15:00:11,457.0,1050,8900
20240112,15:00:20,463.1,200,8900
20240112,15:00:34,467.75,500,8900
20240112,15:01:14,472.8,200,8900
20240112,15:04:32,469.8,150,9600
20240112,15:04:38,472.8,50,9600
20240112,15:04:45,475.0,50,9600
20240112,15:04:49,480.0,100,9600
20240112,15:04:52,480.6,50,9600
20240112,15:04:59,490.0,250,9600
20240112,15:05:06,494.7,300,9600
20240112,15:05:14,485.4,50,9600
20240112,15:05:16,485.25,50,9600
20240112,15:05:23,491.1,200,9600
20240112,15:05:28,493.0,100,9600
20240112,15:05:44,486.6,50,9600
20240112,15:06:29,499.1,50,9250
20240112,15:06:40,506.45,50,9250
20240112,15:06:51,507.8,100,9250
20240112,15:07:00,505.95,50,9250
20240112,15:07:54,502.25,200,9250
20240112,15:07:56,505.95,50,9250
20240112,15:09:01,519.75,150,9250
20240112,15:09:04,515.0,150,9250
20240112,15:09:05,518.65,150,9250
20240112,15:09:17,521.05,200,9600
20240112,15:10:01,522.0,300,9600
20240112,15:10:30,518.2,200,9600
20240112,15:10:35,508.2,50,9600
20240112,15:10:38,511.0,50,9600
20240112,15:10:39,507.4,100,9600
20240112,15:10:43,509.65,50,9600
20240112,15:11:09,508.0,150,9600
20240112,15:11:10,508.15,100,9600
20240112,15:11:51,500.0,100,9600
20240112,15:11:55,498.9,150,9600
20240112,15:12:07,504.6,200,9600
20240112,15:13:05,505.0,50,8650
20240112,15:13:19,500.3,200,8650
20240112,15:14:54,503.0,150,8650
20240112,15:15:03,494.45,50,8650
20240112,15:15:04,497.0,50,8650
20240112,15:15:45,490.5,50,8700
20240112,15:15:59,487.0,250,8700
20240112,15:16:18,478.0,100,8700
20240112,15:16:21,478.4,150,8700
20240112,15:17:16,486.4,150,8700
20240112,15:18:27,481.15,50,8450
20240112,15:20:05,478.45,100,8450
20240112,15:20:06,475.5,150,8450
20240112,15:21:25,467.9,50,8250
20240112,15:21:27,469.7,100,8250
20240112,15:21:35,468.05,100,8250
20240112,15:21:52,467.6,50,8250
20240112,15:22:21,469.75,50,8250
20240112,15:23:17,474.9,600,8250
20240112,15:23:46,478.25,50,8250
20240112,15:23:59,478.0,50,8250
20240112,15:24:25,470.0,50,9050
20240112,15:24:53,466.7,50,9050
20240112,15:25:00,466.2,150,9050
20240112,15:25:08,463.4,100,9050
20240112,15:25:40,461.0,150,9050
20240112,15:26:08,459.55,50,9050
20240112,15:26:09,459.55,150,9050
20240112,15:26:12,460.05,500,9050
20240112,15:26:56,460.0,50,9050
20240112,15:27:30,459.15,50,9450
20240112,15:27:48,457.45,400,9450
20240112,15:28:15,457.0,200,9450
20240112,15:28:37,455.2,350,9450
20240112,15:29:19,454.15,250,9450
20240112,15:29:28,452.8,300,9450
20240112,15:29:34,453.65,50,9450
20240112,15:29:47,456.5,50,9450
20240115,09:15:01,374.6,1,9450
20240115,09:15:01,370.0,250,9450
20240115,09:15:04,373.15,1200,9450
20240115,09:15:05,376.35,50,9450
20240115,09:15:07,376.35,200,9450
20240115,09:15:14,379.65,50,9450
20240115,09:15:15,380.7,50,9450
20240115,09:15:16,385.55,50,9450
20240115,09:15:25,385.55,650,9450
20240115,09:15:29,384.35,300,9450
20240115,09:15:37,386.1,100,9450
20240115,09:15:44,386.85,50,9450
20240115,09:15:49,386.85,100,9450
20240115,09:15:52,384.35,250,9450
20240115,09:16:01,381.15,50,9450
20240115,09:16:02,379.5,50,9450
20240115,09:16:03,378.45,500,9450
20240115,09:16:10,372.6,800,9450
20240115,09:16:14,377.3,550,9450
20240115,09:16:16,374.0,200,9450
20240115,09:16:23,374.55,50,9450
20240115,09:16:30,375.15,50,9450
20240115,09:16:36,378.6,450,9450
20240115,09:16:38,380.0,50,9450
20240115,09:16:49,380.4,200,9450
20240115,09:17:05,379.95,50,9450
20240115,09:17:29,381.6,50,12350
20240115,09:17:33,380.7,50,12350
20240115,09:17:41,377.7,200,12350
20240115,09:17:50,376.05,500,12350
20240115,09:17:52,374.7,1000,12350
20240115,09:17:57,372.9,100,12350
20240115,09:18:00,370.0,50,12350
20240115,09:18:02,370.0,100,12350
20240115,09:18:03,367.25,50,12350
20240115,09:18:08,366.0,300,12350
20240115,09:18:12,364.65,150,12350
20240115,09:18:13,364.65,50,12350
20240115,09:18:17,364.65,500,12350
20240115,09:18:20,363.45,100,12350
20240115,09:18:22,363.45,150,12350
20240115,09:18:24,365.35,50,12350
20240115,09:18:31,370.5,150,12350
20240115,09:18:48,367.8,500,12350
20240115,09:18:49,369.55,50,12350
20240115,09:18:50,367.8,50,12350
20240115,09:19:05,367.0,1300,12350
20240115,09:19:07,367.8,50,12350
20240115,09:19:12,367.35,50,12350
20240115,09:19:34,367.05,100,12350
20240115,09:19:50,363.0,100,12350
20240115,09:20:07,362.0,300,12350
20240115,09:20:14,361.9,50,12350
20240115,09:20:16,361.2,50,12350
20240115,09:20:17,361.0,50,12350
20240115,09:20:21,360.3,50,12350
20240115,09:20:25,359.0,100,12350
20240115,09:20:26,358.3,200,12350
20240115,09:20:28,356.5,150,15100
20240115,09:20:33,356.5,100,15100
20240115,09:20:36,357.9,500,15100
20240115,09:20:39,356.25,200,15100
20240115,09:20:40,355.2,2500,15100
20240115,09:20:44,352.8,50,15100
20240115,09:20:48,351.0,50,15100
20240115,09:20:51,351.0,50,15100
20240115,09:20:56,353.25,50,15100
20240115,09:21:00,355.1,50,15100
20240115,09:21:01,356.2,50,15100
20240115,09:21:05,352.0,150,15100
20240115,09:21:07,352.8,1250,15100
20240115,09:21:13,350.0,250,15100
20240115,09:21:21,349.5,100,15100
20240115,09:21:27,348.0,50,15100
20240115,09:21:33,343.05,1050,15100
20240115,09:21:34,343.65,50,15100
20240115,09:21:35,341.4,100,15100
20240115,09:21:37,341.4,100,15100
20240115,09:21:44,343.5,200,15100
20240115,09:21:49,348.4,50,15100
20240115,09:21:50,346.95,50,15100
20240115,09:21:55,348.6,50,15100
20240115,09:22:02,345.9,50,15100
20240115,09:22:04,346.4,50,15100
20240115,09:22:05,345.3,50,15100
20240115,09:22:13,346.75,900,15100
20240115,09:22:20,346.2,450,15100
20240115,09:22:22,344.9,50,15100
20240115,09:22:25,349.9,100,15100
20240115,09:22:28,349.05,50,15100
20240115,09:22:37,347.15,50,15100
20240115,09:22:46,346.05,100,15100
20240115,09:22:48,347.65,200,15100
20240115,09:22:55,347.35,100,15100
20240115,09:22:57,346.05,50,15100
20240115,09:23:01,347.35,50,15100
20240115,09:23:15,348.05,200,15100
20240115,09:23:20,350.4,50,15100
20240115,09:23:21,351.3,100,15100
20240115,09:23:28,354.3,100,22050
20240115,09:23:30,354.35,50,22050
20240115,09:23:34,354.0,350,22050
20240115,09:23:54,351.75,50,22050
20240115,09:23:57,350.1,800,22050
20240115,09:24:03,349.6,100,22050
20240115,09:24:10,348.0,100,22050
20240115,09:24:17,345.25,50,22050
20240115,09:24:22,343.0,100,22050
20240115,09:24:35,343.0,50,22050
20240115,09:24:44,342.0,50,22050
20240115,09:24:48,340.35,100,22050
20240115,09:24:59,340.0,50,22050
20240115,09:25:00,340.0,100,22050
20240115,09:25:01,341.85,300,22050
20240115,09:25:04,340.35,50,22050
20240115,09:25:12,343.25,50,22050
20240115,09:25:13,344.25,100,22050
20240115,09:25:18,343.2,100,22050
20240115,09:25:20,343.6,150,22050
20240115,09:25:42,343.6,50,22050
20240115,09:25:43,343.6,50,22050
20240115,09:25:56,343.35,750,22050
20240115,09:25:59,346.05,50,22050
20240115,09:26:16,343.9,500,22050
20240115,09:26:17,344.15,750,22050
20240115,09:26:22,344.05,500,22050
20240115,09:26:28,343.55,500,25450
20240115,09:26:30,342.1,100,25450
20240115,09:26:32,342.05,350,25450
20240115,09:26:55,343.9,50,25450
20240115,09:27:12,347.85,500,25450
20240115,09:27:13,349.85,50,25450
20240115,09:27:17,348.25,800,25450
20240115,09:27:19,347.25,50,25450
20240115,09:27:23,346.2,500,25450
20240115,09:27:30,343.6,250,25450
20240115,09:27:34,343.0,50,25450
20240115,09:27:36,342.05,50,25450
20240115,09:27:37,341.55,250,25450
20240115,09:27:39,342.35,350,25450
20240115,09:27:41,342.35,100,25450
20240115,09:27:45,341.05,100,25450
20240115,09:27:46,338.0,300,25450
20240115,09:27:47,338.0,50,25450
20240115,09:27:48,340.1,50,25450
20240115,09:27:51,339.15,550,25450
20240115,09:27:52,337.8,50,25450
20240115,09:27:55,337.8,50,25450
20240115,09:27:56,337.8,100,25450
20240115,09:28:01,335.0,150,25450
20240115,09:28:03,334.0,100,25450
20240115,09:28:08,334.0,300,25450
20240115,09:28:10,334.4,50,25450
20240115,09:28:17,336.1,150,25450
20240115,09:28:20,336.1,50,25450
20240115,09:28:24,336.25,100,25450
20240115,09:28:30,337.05,500,25450
20240115,09:28:31,336.3,600,25450
20240115,09:28:32,336.7,50,25450
20240115,09:28:36,337.45,550,25450
20240115,09:28:40,336.25,50,25450
20240115,09:28:41,336.25,100,25450
20240115,09:28:43,336.6,500,25450
20240115,09:28:44,336.0,150,25450
20240115,09:28:45,336.0,1650,25450
20240115,09:28:46,337.45,1800,25450
20240115,09:28:47,337.5,150,25450
20240115,09:28:52,337.5,250,25450
20240115,09:29:01,340.2,100,25450
20240115,09:29:04,339.95,50,25450
20240115,09:29:10,340.45,50,25450
20240115,09:29:11,338.8,200,25450
20240115,09:29:12,337.95,50,25450
20240115,09:29:20,339.75,500,25450
20240115,09:29:21,339.15,50,25450
20240115,09:29:24,339.8,50,25450
20240115,09:29:26,340.4,500,25450
20240115,09:29:28,341.85,50,25450
20240115,09:29:31,340.6,500,37800
20240115,09:29:32,340.0,1800,37800
20240115,09:29:39,341.25,50,37800
20240115,09:29:43,340.0,50,37800
20240115,09:29:47,339.25,150,37800
20240115,09:29:50,340.0,150,37800
20240115,09:29:52,340.0,1650,37800
20240115,09:29:54,340.0,50,37800
20240115,09:29:55,340.0,450,37800
20240115,09:29:57,340.7,50,37800
20240115,09:30:01,344.2,100,37800
20240115,09:30:02,344.85,500,37800
20240115,09:30:04,345.0,150,37800
20240115,09:30:23,342.35,550,37800
20240115,09:30:24,343.15,50,37800
20240115,09:30:28,340.2,550,37800
20240115,09:30:29,340.0,350,37800
20240115,09:30:30,340.0,100,37800
20240115,09:30:34,340.0,100,37800
20240115,09:30:35,340.0,1850,37800
20240115,09:30:48,345.95,50,37800
20240115,09:30:51,345.1,500,37800
20240115,09:30:55,346.35,500,37800
20240115,09:31:00,345.0,100,37800
20240115,09:31:02,346.05,50,37800
20240115,09:31:03,348.0,100,37800
20240115,09:31:04,349.2,700,37800
20240115,09:31:12,350.65,50,37800
20240115,09:31:15,349.2,100,37800
20240115,09:31:18,348.0,50,37800
20240115,09:31:22,351.6,200,37800
20240115,09:31:24,351.65,50,37800
20240115,09:31:25,350.7,50,37800
20240115,09:31:30,355.2,100,37800
20240115,09:31:31,354.75,200,37800
20240115,09:31:34,352.0,250,37800
20240115,09:31:36,349.0,2250,37800
20240115,09:31:37,349.05,50,37800
20240115,09:31:40,346.95,50,37800
20240115,09:31:41,346.75,50,37800
20240115,09:31:54,346.75,50,37800
20240115,09:31:55,346.75,150,37800
20240115,09:32:00,346.95,250,37800
20240115,09:32:02,347.0,100,37800
20240115,09:32:04,348.3,150,37800
20240115,09:32:06,349.55,300,37800
20240115,09:32:08,350.65,50,37800
20240115,09:32:22,350.0,1750,37800
20240115,09:32:23,347.7,1800,37800
20240115,09:32:26,351.3,500,37800
20240115,09:32:27,350.35,1250,37800
20240115,09:32:31,351.45,500,47700
20240115,09:32:36,351.15,500,47700
20240115,09:32:41,352.35,50,47700
20240115,09:32:43,353.25,50,47700
20240115,09:32:45,354.2,150,47700
20240115,09:32:54,350.0,150,47700
20240115,09:32:59,348.8,50,47700
20240115,09:33:16,348.8,150,47700
20240115,09:33:23,349.65,100,47700
20240115,09:33:27,348.0,650,47700
20240115,09:33:29,346.8,50,47700
20240115,09:33:32,344.4,50,47700
20240115,09:33:36,344.55,250,47700
20240115,09:33:52,341.25,250,47700
20240115,09:33:53,340.0,200,47700
20240115,09:33:58,340.25,50,47700
20240115,09:34:02,341.1,50,47700
20240115,09:34:06,343.6,500,47700
20240115,09:34:10,342.75,100,47700
20240115,09:34:12,345.7,50,47700
20240115,09:34:16,346.35,50,47700
20240115,09:34:23,348.0,50,47700
20240115,09:34:27,348.3,50,47700
20240115,09:34:33,347.7,50,47700
20240115,09:34:37,347.55,50,47700
20240115,09:34:40,349.0,50,47700
20240115,09:34:42,349.95,150,47700
20240115,09:34:44,348.15,100,47700
20240115,09:34:47,348.15,50,47700
20240115,09:34:49,347.4,150,47700
20240115,09:34:51,349.05,50,47700
20240115,09:34:55,351.0,200,47700
20240115,09:34:58,351.6,50,47700
20240115,09:35:05,349.2,150,47700
20240115,09:35:14,350.1,50,47700
20240115,09:35:19,349.7,50,47700
20240115,09:35:24,345.8,50,47700
20240115,09:35:26,346.6,50,47700
20240115,09:35:30,348.5,50,51050
20240115,09:35:42,349.85,50,51050
20240115,09:35:43,348.0,50,51050
20240115,09:35:48,348.75,200,51050
20240115,09:35:49,349.2,50,51050
20240115,09:35:51,351.0,50,51050
20240115,09:35:54,350.7,150,51050
20240115,09:36:00,351.0,150,51050
20240115,09:36:03,349.7,100,51050
20240115,09:36:12,353.85,50,51050
20240115,09:36:17,353.4,100,51050
20240115,09:36:20,352.95,100,51050
20240115,09:36:24,350.25,50,51050
20240115,09:36:33,350.85,100,51050
20240115,09:36:35,351.3,50,51050
20240115,09:36:41,350.9,50,51050
20240115,09:36:54,350.65,100,51050
20240115,09:37:03,349.75,900,51050
20240115,09:37:07,349.75,50,51050
20240115,09:37:07,349.8,50,51050
20240115,09:37:09,351.2,50,51050
20240115,09:37:15,353.6,50,51050
20240115,09:37:17,352.0,150,51050
20240115,09:37:23,353.65,50,51050
20240115,09:37:26,351.65,50,51050
20240115,09:37:29,352.8,100,51050
20240115,09:37:32,352.6,50,51050
20240115,09:37:38,354.4,50,51050
20240115,09:37:41,353.7,50,51050
20240115,09:37:43,351.65,500,51050
20240115,09:37:44,350.6,50,51050
20240115,09:37:47,350.85,50,51050
20240115,09:37:55,352.8,100,51050
20240115,09:37:56,353.8,50,51050
20240115,09:38:00,355.0,100,51050
20240115,09:38:01,354.6,50,51050
20240115,09:38:06,350.0,50,51050
20240115,09:38:08,351.7,1000,51050
20240115,09:38:11,352.45,50,51050
20240115,09:38:14,351.9,1000,51050
20240115,09:38:16,350.65,50,51050
20240115,09:38:17,351.1,50,51050
20240115,09:38:20,350.0,1050,51050
20240115,09:38:25,349.45,50,51050
20240115,09:38:33,353.25,50,55850
20240115,09:38:41,351.85,50,55850
20240115,09:38:43,351.3,300,55850
20240115,09:38:50,351.35,100,55850
20240115,09:38:54,353.25,50,55850
20240115,09:38:58,352.95,50,55850
20240115,09:39:08,349.75,50,55850
20240115,09:39:16,349.75,50,55850
20240115,09:39:22,348.0,50,55850
20240115,09:39:29,349.15,1000,55850
20240115,09:39:30,348.45,50,55850
20240115,09:39:34,346.65,1150,55850
20240115,09:39:39,347.7,1050,55850
20240115,09:39:45,350.7,1050,55850
20240115,09:39:54,347.85,50,55850
20240115,09:40:03,349.9,50,55850
20240115,09:40:04,347.85,50,55850
20240115,09:40:29,349.95,100,55850
20240115,09:40:42,349.5,300,55850
20240115,09:40:48,351.65,1000,55850
20240115,09:40:54,351.35,1000,55850
20240115,09:40:59,351.5,1000,55850
20240115,09:41:12,352.2,100,55850
20240115,09:41:15,352.6,50,55850
20240115,09:41:22,356.25,250,55850
20240115,09:41:25,358.45,250,55850
20240115,09:41:26,361.0,600,55850
20240115,09:41:28,359.8,100,55850
20240115,09:41:29,362.1,200,55850
20240115,09:41:31,361.3,100,61350
20240115,09:41:34,357.6,50,61350
20240115,09:41:35,359.25,1000,61350
20240115,09:41:36,358.95,150,61350
20240115,09:41:40,361.35,1050,61350
20240115,09:41:44,360.85,50,61350
20240115,09:41:47,358.95,1000,61350
20240115,09:41:55,357.8,100,61350
20240115,09:41:57,356.75,250,61350
20240115,09:42:00,357.25,100,61350
20240115,09:42:02,360.0,250,61350
20240115,09:42:04,359.6,50,61350
20240115,09:42:05,360.5,1850,61350
20240115,09:42:09,361.4,700,61350
20240115,09:42:11,363.4,50,61350
20240115,09:42:12,363.4,50,61350
20240115,09:42:13,362.7,250,61350
20240115,09:42:15,360.8,100,61350
20240115,09:42:17,364.2,200,61350
20240115,09:42:20,363.0,150,61350
20240115,09:42:23,364.0,50,61350
20240115,09:42:24,363.75,1500,61350
20240115,09:42:27,364.2,100,61350
20240115,09:42:28,362.6,300,61350
20240115,09:42:34,358.05,50,61350
20240115,09:42:38,357.0,50,61350
20240115,09:43:17,359.85,250,61350
20240115,09:43:28,360.0,550,61350
20240115,09:43:30,360.7,100,61350
20240115,09:43:34,361.35,500,61350
20240115,09:43:39,361.05,500,61350
20240115,09:43:43,360.0,300,61350
20240115,09:43:51,360.45,50,61350
20240115,09:43:55,359.1,50,61350
20240115,09:44:00,359.05,200,61350
20240115,09:44:08,355.55,50,61350
20240115,09:44:12,354.45,50,61350
20240115,09:44:17,355.8,50,61350
20240115,09:44:25,359.25,150,61350
20240115,09:44:49,360.75,100,61350
20240115,09:44:51,363.85,50,65000
20240115,09:44:57,365.2,500,65000
20240115,09:45:06,370.0,400,65000
20240115,09:45:12,367.05,100,65000
20240115,09:45:17,364.05,50,65000
20240115,09:45:18,364.15,250,65000
20240115,09:45:19,364.25,200,65000
20240115,09:45:20,362.45,100,65000
20240115,09:45:21,363.3,150,65000
20240115,09:45:22,360.75,100,65000
20240115,09:45:23,361.0,300,65000
20240115,09:45:25,361.35,150,65000
20240115,09:45:37,359.55,1800,65000
20240115,09:45:38,360.7,1800,65000
20240115,09:45:40,360.8,150,65000
20240115,09:45:54,360.8,500,65000
20240115,09:45:54,359.6,50,65000
20240115,09:45:57,360.15,50,65000
20240115,09:46:09,362.4,300,65000
20240115,09:46:23,364.0,50,65000
20240115,09:46:24,364.05,50,65000
20240115,09:46:27,365.0,350,65000
20240115,09:46:28,365.0,50,65000
20240115,09:46:29,366.75,150,65000
20240115,09:46:31,365.85,750,65000
20240115,09:46:34,366.15,200,65000
20240115,09:46:49,361.8,100,65000
20240115,09:46:50,362.05,50,65000
20240115,09:46:55,365.2,50,65000
20240115,09:46:56,363.95,150,65000
20240115,09:47:05,365.05,100,65000
20240115,09:47:12,364.35,50,65000
20240115,09:47:14,366.1,200,65000
20240115,09:47:22,366.0,50,65000
20240115,09:47:30,370.2,150,65000
20240115,09:47:31,370.6,50,66600
20240115,09:47:34,369.3,50,66600
20240115,09:47:40,369.3,500,66600
20240115,09:47:48,369.3,250,66600
20240115,09:47:49,368.5,150,66600
20240115,09:47:52,369.3,2200,66600
20240115,09:47:59,370.55,50,66600
20240115,09:48:01,372.35,150,66600
20240115,09:48:18,371.1,750,66600
20240115,09:48:23,373.0,50,66600
20240115,09:48:24,375.0,700,66600
20240115,09:48:25,374.25,350,66600
20240115,09:48:28,374.8,150,66600
20240115,09:48:29,375.85,850,66600
20240115,09:48:36,375.95,1850,66600
20240115,09:48:37,375.0,50,66600
20240115,09:48:41,375.15,1800,66600
20240115,09:48:47,376.05,300,66600
20240115,09:48:49,379.2,200,66600
20240115,09:48:53,379.95,100,66600
20240115,09:48:55,379.35,50,66600
20240115,09:48:57,377.9,100,66600
20240115,09:48:59,378.4,50,66600
20240115,09:49:01,378.15,50,66600
20240115,09:49:02,379.55,200,66600
20240115,09:49:03,380.0,150,66600
20240115,09:49:03,379.2,1800,66600
20240115,09:49:13,376.0,650,66600
20240115,09:49:28,380.0,50,66600
20240115,09:49:30,381.0,50,66600
20240115,09:49:35,381.75,100,66600
20240115,09:49:39,382.3,2650,66600
20240115,09:49:41,382.65,200,66600
20240115,09:49:46,379.75,800,66600
20240115,09:49:49,378.1,50,66600
20240115,09:49:54,378.0,1000,66600
20240115,09:49:56,380.0,250,66600
20240115,09:50:00,379.55,50,66600
20240115,09:50:11,379.95,50,66600
20240115,09:50:14,380.0,350,66600
20240115,09:50:19,375.2,250,66600
20240115,09:50:21,373.75,150,66600
20240115,09:50:23,373.9,100,66600
20240115,09:50:26,373.35,1000,66600
20240115,09:50:27,372.15,50,66600
20240115,09:50:30,372.2,50,66600
20240115,09:50:32,371.0,1050,66000
20240115,09:50:33,371.6,100,66000
20240115,09:50:37,372.05,50,66000
20240115,09:50:38,373.65,1000,66000
20240115,09:50:39,375.0,50,66000
20240115,09:50:43,374.95,50,66000
20240115,09:50:45,372.9,100,66000
20240115,09:50:46,373.95,400,66000
20240115,09:50:48,375.2,150,66000
20240115,09:50:49,375.75,50,66000
20240115,09:50:51,376.75,50,66000
20240115,09:50:51,377.1,50,66000
20240115,09:50:55,379.5,100,66000
20240115,09:50:56,378.45,100,66000
20240115,09:51:04,378.45,150,66000
20240115,09:51:14,380.0,50,66000
20240115,09:51:16,380.3,50,66000
20240115,09:51:23,380.3,50,66000
20240115,09:51:26,381.2,1000,66000
20240115,09:51:29,381.0,400,66000
20240115,09:51:30,380.0,50,66000
20240115,09:51:31,380.45,1000,66000
20240115,09:51:32,387.4,550,66000
20240115,09:51:33,387.9,50,66000
20240115,09:51:35,388.05,50,66000
20240115,09:51:36,389.25,1050,66000
20240115,09:51:37,391.0,500,66000
20240115,09:51:38,392.8,150,66000
20240115,09:51:39,393.55,2250,66000
20240115,09:51:41,389.7,50,66000
20240115,09:51:42,391.35,250,66000
20240115,09:51:43,391.35,50,66000
20240115,09:51:44,391.8,100,66000
20240115,09:51:48,395.45,150,66000
20240115,09:51:52,396.0,100,66000
20240115,09:51:53,396.1,50,66000
20240115,09:51:58,396.1,200,66000
20240115,09:51:59,396.15,100,66000
20240115,09:52:03,396.15,1800,66000
20240115,09:52:08,395.1,2500,66000
20240115,09:52:11,399.0,350,66000
20240115,09:52:12,401.1,800,66000
20240115,09:52:13,401.1,1350,66000
20240115,09:52:19,398.55,1000,66000
20240115,09:52:22,397.65,50,66000
20240115,09:52:25,399.15,50,66000
20240115,09:52:26,401.1,1050,66000
20240115,09:52:27,402.2,100,66000
20240115,09:52:31,402.2,100,66000
20240115,09:52:32,399.45,50,66000
20240115,09:52:33,399.05,50,66000
20240115,09:52:34,397.5,50,66000
20240115,09:52:37,395.0,50,66000
20240115,09:52:42,392.8,100,66000
20240115,09:52:44,387.25,650,66000
20240115,09:52:45,388.8,50,66000
20240115,09:52:47,388.8,50,66000
20240115,09:52:50,390.75,50,66000
20240115,09:53:08,389.4,200,66000
20240115,09:53:12,390.8,50,66000
20240115,09:53:13,392.0,100,66000
20240115,09:53:16,392.5,50,66000
20240115,09:53:25,387.0,50,66000
20240115,09:53:34,381.65,150,74900
20240115,09:53:38,378.75,250,74900
20240115,09:53:39,377.65,50,74900
20240115,09:53:40,378.35,50,74900
20240115,09:53:42,376.55,100,74900
20240115,09:53:43,380.0,200,74900
20240115,09:53:58,385.65,150,74900
20240115,09:54:06,387.0,100,74900
20240115,09:54:08,390.0,200,74900
20240115,09:54:12,392.55,250,74900
20240115,09:54:20,393.0,50,74900
20240115,09:54:21,391.6,50,74900
20240115,09:54:25,392.55,100,74900
20240115,09:54:33,396.45,1000,74900
20240115,09:54:38,397.05,1000,74900
20240115,09:54:43,402.0,1000,74900
20240115,09:54:46,401.65,500,74900
20240115,09:54:47,405.0,300,74900
20240115,09:54:48,405.85,50,74900
20240115,09:54:49,406.6,50,74900
20240115,09:54:50,406.65,200,74900
20240115,09:54:52,406.65,50,74900
20240115,09:54:55,405.15,50,74900
20240115,09:54:56,407.25,250,74900
20240115,09:55:00,407.25,100,74900
20240115,09:55:02,408.2,100,74900
20240115,09:55:03,408.2,100,74900
20240115,09:55:04,412.5,250,74900
20240115,09:55:05,411.8,50,74900
20240115,09:55:09,405.5,400,74900
20240115,09:55:10,407.75,150,74900
20240115,09:55:11,406.0,250,74900
20240115,09:55:13,405.0,100,74900
20240115,09:55:14,404.0,50,74900
20240115,09:55:17,397.6,50,74900
20240115,09:55:17,397.6,200,74900
20240115,09:55:22,405.0,100,74900
20240115,09:55:23,406.6,1800,74900
20240115,09:55:24,402.45,50,74900
20240115,09:55:28,405.3,400,74900
20240115,09:55:32,402.05,50,74900
20240115,09:55:43,403.0,50,74900
20240115,09:55:46,400.0,500,74900
20240115,09:55:56,396.05,450,74900
20240115,09:56:04,394.5,100,74900
20240115,09:56:07,397.4,550,74900
20240115,09:56:09,398.35,50,74900
20240115,09:56:12,396.45,50,74900
20240115,09:56:15,399.5,100,74900
20240115,09:56:24,401.1,50,74900
20240115,09:56:28,400.7,1650,74900
20240115,09:56:29,399.0,50,74900
20240115,09:56:31,404.0,350,74900
20240115,09:56:33,402.3,50,80350
20240115,09:56:37,401.55,50,80350
20240115,09:56:48,400.0,500,80350
20240115,09:56:59,404.0,50,80350
20240115,09:57:03,406.2,50,80350
20240115,09:57:16,408.35,650,80350
20240115,09:57:21,409.5,800,80350
20240115,09:57:25,411.4,150,80350
20240115,09:57:26,414.5,50,80350
20240115,09:57:27,414.5,50,80350
20240115,09:57:32,413.35,50,80350
20240115,09:57:33,416.0,150,80350
20240115,09:57:34,416.4,50,80350
20240115,09:57:37,416.8,250,80350
20240115,09:57:38,415.1,100,80350
20240115,09:57:39,415.55,200,80350
20240115,09:57:40,417.65,150,80350
20240115,09:57:45,414.45,50,80350
20240115,09:57:48,412.55,100,80350
20240115,09:57:52,416.85,50,80350
20240115,09:57:54,418.0,200,80350
20240115,09:57:55,419.35,700,80350
20240115,09:57:57,418.65,50,80350
20240115,09:58:06,418.2,300,80350
20240115,09:58:10,419.45,50,80350
20240115,09:58:11,419.45,150,80350
20240115,09:58:12,414.5,50,80350
20240115,09:58:15,414.65,50,80350
20240115,09:58:18,415.0,50,80350
20240115,09:58:23,412.0,400,80350
20240115,09:58:26,410.35,50,80350
20240115,09:58:30,411.65,1700,80350
20240115,09:58:31,412.55,50,80350
20240115,09:58:40,409.8,150,80350
20240115,09:58:47,409.9,50,80350
20240115,09:59:05,409.9,150,80350
20240115,09:59:12,409.9,50,80350
20240115,09:59:44,414.8,500,79250
20240115,09:59:52,410.15,650,79250
20240115,09:59:54,413.2,50,79250
20240115,10:00:04,419.6,300,79250
20240115,10:00:05,420.2,150,79250
20240115,10:00:15,424.75,50,79250
20240115,10:00:17,426.2,150,79250
20240115,10:00:19,426.6,50,79250
20240115,10:00:23,428.25,1950,79250
20240115,10:00:28,428.25,1850,79250
20240115,10:00:32,430.0,800,79250
20240115,10:00:33,427.95,150,79250
20240115,10:00:34,428.8,150,79250
20240115,10:00:35,428.05,50,79250
20240115,10:00:40,422.55,150,79250
20240115,10:00:45,422.0,100,79250
20240115,10:00:46,421.35,100,79250
20240115,10:00:47,420.0,500,79250
20240115,10:00:49,417.65,100,79250
20240115,10:00:57,424.9,50,79250
20240115,10:00:59,425.25,50,79250
20240115,10:01:01,428.0,50,79250
20240115,10:01:08,426.75,650,79250
20240115,10:01:11,428.0,1000,79250
20240115,10:01:14,427.85,50,79250
20240115,10:01:20,425.8,50,79250
20240115,10:01:34,426.0,800,79250
20240115,10:01:39,420.05,50,79250
20240115,10:01:42,419.0,150,79250
20240115,10:01:54,422.0,150,79250
20240115,10:02:16,412.4,50,79250
20240115,10:02:18,410.0,150,79250
20240115,10:02:19,412.35,50,79250
20240115,10:02:20,411.7,50,79250
20240115,10:02:21,410.0,50,79250
20240115,10:02:25,410.0,50,79250
20240115,10:02:26,407.25,100,79250
20240115,10:02:33,408.5,50,77900
20240115,10:02:35,407.7,100,77900
20240115,10:02:38,405.9,50,77900
20240115,10:02:44,400.45,100,77900
20240115,10:02:48,395.1,100,77900
20240115,10:02:50,400.0,50,77900
20240115,10:02:53,400.45,100,77900
20240115,10:02:54,401.25,100,77900
20240115,10:03:03,406.15,50,77900
20240115,10:03:05,408.0,50,77900
20240115,10:03:09,406.35,50,77900
20240115,10:03:21,409.55,650,77900
20240115,10:03:26,410.7,50,77900
20240115,10:03:54,400.1,100,77900
20240115,10:03:59,402.05,100,77900
20240115,10:04:14,399.35,650,77900
20240115,10:04:20,398.0,100,77900
20240115,10:04:29,396.0,650,77900
20240115,10:04:32,397.55,50,77900
20240115,10:04:38,397.2,50,77900
20240115,10:04:40,395.45,150,77900
20240115,10:04:46,393.05,50,77900
20240115,10:04:48,393.1,250,77900
20240115,10:04:59,390.1,150,77900
20240115,10:05:11,398.85,50,77900
20240115,10:05:21,393.0,50,77900
20240115,10:05:27,393.0,50,77900
20240115,10:05:39,392.35,100,77750
20240115,10:06:03,388.75,50,77750
20240115,10:06:14,390.2,50,77750
20240115,10:06:45,385.2,250,77750
20240115,10:06:53,382.25,50,77750
20240115,10:06:57,387.9,50,77750
20240115,10:07:03,388.55,50,77750
20240115,10:07:06,390.8,50,77750
20240115,10:07:11,393.0,250,77750
20240115,10:07:15,392.65,50,77750
20240115,10:07:19,388.75,50,77750
20240115,10:07:20,390.2,100,77750
20240115,10:07:30,392.25,50,77750
20240115,10:08:11,392.4,50,77750
20240115,10:08:19,391.65,200,77750
20240115,10:08:57,392.4,50,78250
20240115,10:09:03,392.0,50,78250
20240115,10:10:23,389.7,50,78250
20240115,10:10:25,390.75,500,78250
20240115,10:10:31,390.15,350,78250
20240115,10:11:08,389.1,100,78250
20240115,10:11:14,388.55,50,78250
20240115,10:11:17,389.35,50,78250
20240115,10:11:31,389.45,150,78250
20240115,10:11:45,387.3,150,78350
20240115,10:11:48,387.65,50,78350
20240115,10:11:51,388.7,650,78350
20240115,10:12:05,384.0,100,78350
20240115,10:12:18,382.2,50,78350
20240115,10:13:49,390.3,150,78350
20240115,10:14:13,394.25,50,78350
20240115,10:14:40,398.2,150,77850
20240115,10:14:48,399.75,50,77850
20240115,10:15:00,393.0,100,77850
20240115,10:15:06,387.45,700,77850
20240115,10:15:45,395.25,50,77850
20240115,10:16:09,396.9,50,77850
20240115,10:16:26,395.7,700,77850
20240115,10:16:27,397.05,400,77850
20240115,10:16:32,395.0,100,77850
20240115,10:17:03,396.1,400,77850
20240115,10:17:04,395.75,100,77850
20240115,10:17:18,398.0,50,77850
20240115,10:17:33,403.4,150,77850
20240115,10:17:35,402.5,250,78750
20240115,10:17:43,401.9,100,78750
20240115,10:17:45,399.3,50,78750
20240115,10:18:20,392.6,200,78750
20240115,10:18:22,392.65,100,78750
20240115,10:19:14,384.9,100,78750
20240115,10:19:32,386.7,1000,78750
20240115,10:19:50,387.15,100,78750
20240115,10:19:52,387.6,50,78750
20240115,10:20:25,388.95,100,78750
20240115,10:20:28,385.0,100,78750
20240115,10:20:51,384.6,50,80150
20240115,10:20:54,382.1,200,80150
20240115,10:21:10,385.85,100,80150
20240115,10:21:21,387.25,50,80150
20240115,10:21:52,387.2,50,80150
20240115,10:22:14,387.65,50,80150
20240115,10:22:31,382.0,100,80150
20240115,10:23:53,393.25,50,80150
20240115,10:24:04,390.0,50,80100
20240115,10:24:12,395.0,100,80100
20240115,10:24:18,396.4,50,80100
20240115,10:24:28,398.35,150,80100
20240115,10:24:31,394.55,50,80100
20240115,10:24:53,390.25,100,80100
20240115,10:24:55,390.8,50,80100
20240115,10:25:07,390.7,50,80100
20240115,10:25:47,395.65,100,80100
20240115,10:25:48,396.55,50,80100
20240115,10:26:09,396.55,150,80100
20240115,10:26:22,395.25,100,80100
20240115,10:26:28,395.25,500,80100
20240115,10:26:48,394.8,50,80800
20240115,10:26:54,395.25,50,80800
20240115,10:26:59,395.0,150,80800
20240115,10:27:11,390.0,50,80800
20240115,10:27:12,390.0,950,80800
20240115,10:27:14,390.25,500,80800
20240115,10:27:30,388.1,50,80800
20240115,10:27:37,388.1,100,80800
20240115,10:27:59,388.35,50,80800
20240115,10:28:13,388.2,50,80800
20240115,10:28:43,385.2,50,80800
20240115,10:28:44,384.0,100,80800
20240115,10:29:01,382.0,100,80800
20240115,10:29:04,381.4,50,80800
20240115,10:29:16,382.05,50,80800
20240115,10:29:19,381.25,100,80800
20240115,10:29:22,379.0,50,80800
20240115,10:29:23,377.45,100,80800
20240115,10:29:24,380.0,50,80800
20240115,10:29:26,381.25,50,80800
20240115,10:29:41,381.25,150,82500
20240115,10:29:51,381.3,650,82500
20240115,10:29:59,383.0,50,82500
20240115,10:30:09,380.75,100,82500
20240115,10:31:18,379.65,1800,82500
20240115,10:31:30,381.55,50,82500
20240115,10:32:02,380.65,200,82500
20240115,10:32:10,376.15,50,82500
20240115,10:32:12,375.0,50,82500
20240115,10:32:16,375.85,50,82500
20240115,10:32:31,375.85,1800,82500
20240115,10:32:56,374.2,50,78400
20240115,10:33:08,374.15,50,78400
20240115,10:33:12,376.45,50,78400
20240115,10:33:16,376.9,50,78400
20240115,10:33:22,376.45,1750,78400
20240115,10:33:51,380.0,50,78400
20240115,10:34:12,383.55,1750,78400
20240115,10:34:21,383.5,50,78400
20240115,10:34:24,384.05,50,78400
20240115,10:34:51,387.25,150,78400
20240115,10:35:01,384.05,50,78400
20240115,10:35:09,385.3,350,78400
20240115,10:35:33,379.55,50,78400
20240115,10:36:15,379.5,500,77450
20240115,10:36:41,378.0,100,77450
20240115,10:36:52,376.5,100,77450
20240115,10:38:02,380.9,500,77450
20240115,10:38:16,381.75,50,77450
20240115,10:38:53,385.0,50,77450
20240115,10:39:17,385.0,50,77650
20240115,10:39:36,382.65,500,77650
20240115,10:40:41,379.1,50,77650
20240115,10:40:48,382.35,50,77650
20240115,10:40:56,383.95,50,77650
20240115,10:41:01,385.0,50,77650
20240115,10:41:24,383.45,50,77650
20240115,10:41:56,388.0,100,77150
20240115,10:42:00,388.75,100,77150
20240115,10:43:08,385.45,50,77150
20240115,10:43:22,385.3,50,77150
20240115,10:43:53,384.5,50,77150
20240115,10:44:32,382.35,250,77150
20240115,10:44:56,378.95,100,77650
20240115,10:46:47,385.6,50,77650
20240115,10:47:04,385.15,800,77650
20240115,10:47:57,387.55,100,77000
20240115,10:48:00,387.1,50,77000
20240115,10:48:14,385.35,900,77000
20240115,10:48:32,385.45,100,77000
20240115,10:49:15,376.55,50,77000
20240115,10:49:23,376.55,600,77000
20240115,10:49:40,379.35,150,77000
20240115,10:49:51,379.0,50,77000
20240115,10:50:14,378.2,100,77000
20240115,10:50:27,376.0,100,77000
20240115,10:50:28,376.3,50,77000
20240115,10:50:38,378.25,50,77000
20240115,10:50:41,379.45,150,78300
20240115,10:50:59,377.4,150,78300
20240115,10:51:20,375.9,100,78300
20240115,10:51:35,375.85,50,78300
20240115,10:51:52,376.25,100,78300
20240115,10:52:08,374.0,50,78300
20240115,10:52:09,374.05,50,78300
20240115,10:52:42,376.0,100,78300
20240115,10:52:55,377.05,100,78300
20240115,10:53:15,377.05,50,78300
20240115,10:53:26,379.3,50,78300
20240115,10:53:57,376.3,50,78550
20240115,10:54:42,373.0,250,78550
20240115,10:55:03,372.8,50,78550
20240115,10:55:04,373.55,50,78550
20240115,10:55:32,372.5,200,78550
20240115,10:55:35,371.15,550,78550
20240115,10:55:58,374.95,50,78550
20240115,10:56:03,374.65,400,78550
20240115,10:56:54,376.1,200,78550
20240115,10:57:13,378.65,50,78750
20240115,10:57:39,380.5,100,78750
20240115,10:58:00,378.0,500,78750
20240115,10:58:07,376.5,400,78750
20240115,10:58:09,376.55,50,78750
20240115,10:58:10,378.0,100,78750
20240115,10:58:12,376.55,50,78750
20240115,10:59:02,372.15,500,78750
20240115,10:59:07,373.1,50,78750
20240115,10:59:21,370.0,150,78750
20240115,10:59:25,371.4,500,78750
20240115,10:59:37,367.05,2100,78750
20240115,10:59:39,367.0,1800,78750
20240115,10:59:53,365.0,50,78750
20240115,10:59:54,363.95,100,80300
20240115,10:59:55,362.0,200,80300
20240115,11:00:03,362.5,250,80300
20240115,11:00:06,361.85,50,80300
20240115,11:00:15,365.0,50,80300
20240115,11:00:21,365.4,50,80300
20240115,11:00:36,364.0,300,80300
20240115,11:01:25,364.6,100,80300
20240115,11:01:31,365.6,50,80300
20240115,11:01:46,367.1,50,80300
20240115,11:01:51,367.95,100,80300
20240115,11:02:06,368.4,50,80300
20240115,11:02:13,367.95,50,80300
20240115,11:02:47,372.0,50,79250
20240115,11:02:55,373.8,50,79250
20240115,11:03:27,376.65,100,79250
20240115,11:03:33,372.2,500,79250
20240115,11:03:41,375.0,50,79250
20240115,11:04:16,377.7,50,79250
20240115,11:04:26,377.3,250,79250
20240115,11:04:29,376.25,100,79250
20240115,11:05:24,376.25,50,79250
20240115,11:05:37,374.8,450,79250
20240115,11:05:55,371.25,150,80300
20240115,11:06:29,371.25,100,80300
20240115,11:06:33,371.2,50,80300
20240115,11:07:17,372.0,100,80300
20240115,11:07:55,373.0,250,80300
20240115,11:07:58,373.65,50,80300
20240115,11:08:06,369.0,1050,80300
20240115,11:08:08,369.0,50,80300
20240115,11:08:48,371.1,100,80300
20240115,11:09:03,369.9,500,81550
20240115,11:09:09,366.25,1050,81550
20240115,11:09:16,367.65,250,81550
20240115,11:09:25,367.0,50,81550
20240115,11:09:27,367.7,50,81550
20240115,11:09:43,366.6,250,81550
20240115,11:09:50,367.7,50,81550
20240115,11:10:07,367.5,50,81550
20240115,11:10:10,368.3,50,81550
20240115,11:10:50,370.7,50,81550
20240115,11:10:56,371.8,50,81550
20240115,11:11:05,370.05,200,81550
20240115,11:11:11,367.0,50,81550
20240115,11:11:14,366.35,50,81550
20240115,11:11:43,366.2,650,83600
20240115,11:11:50,367.35,150,83600
20240115,11:12:14,367.35,100,83600
20240115,11:12:31,369.6,150,83600
20240115,11:12:49,370.2,50,83600
20240115,11:12:52,369.0,250,83600
20240115,11:13:04,370.85,50,83600
20240115,11:13:24,371.5,1000,83600
20240115,11:13:26,370.85,50,83600
20240115,11:13:40,371.1,50,83600
20240115,11:13:55,369.15,1800,83600
20240115,11:14:01,369.0,650,83600
20240115,11:14:19,369.0,50,83600
20240115,11:14:30,368.95,50,83600
20240115,11:14:46,366.8,1800,83500
20240115,11:15:04,367.3,50,83500
20240115,11:15:05,366.0,1000,83500
20240115,11:15:34,364.7,150,83500
20240115,11:16:01,365.35,50,83500
20240115,11:16:22,364.0,250,83500
20240115,11:16:23,363.35,50,83500
20240115,11:16:24,363.0,200,83500
20240115,11:16:43,368.0,50,83500
20240115,11:16:52,368.6,50,83500
20240115,11:17:15,368.6,100,83500
20240115,11:17:23,367.0,200,83500
20240115,11:17:34,362.65,50,83500
20240115,11:17:44,362.35,50,83500
20240115,11:17:46,362.0,500,84950
20240115,11:18:07,360.0,250,84950
20240115,11:18:11,359.9,50,84950
20240115,11:18:25,365.65,50,84950
20240115,11:18:26,365.35,100,84950
20240115,11:18:30,365.55,50,84950
20240115,11:18:33,365.1,50,84950
20240115,11:19:39,363.6,50,84950
20240115,11:19:51,363.0,50,84950
20240115,11:19:54,363.0,100,84950
20240115,11:20:21,363.55,50,84950
20240115,11:20:28,363.3,50,84950
20240115,11:20:51,357.7,400,84950
20240115,11:20:52,357.0,300,86000
20240115,11:20:55,358.3,250,86000
20240115,11:21:05,360.15,50,86000
20240115,11:21:07,358.8,50,86000
20240115,11:21:53,360.0,100,86000
20240115,11:22:07,360.0,200,86000
20240115,11:22:13,360.0,50,86000
20240115,11:22:23,358.0,300,86000
20240115,11:22:30,356.3,50,86000
20240115,11:22:34,356.2,50,86000
20240115,11:22:43,357.1,50,86000
20240115,11:23:02,357.1,200,86000
20240115,11:23:08,358.55,50,86000
20240115,11:23:10,358.3,150,86000
20240115,11:23:17,358.3,400,86000
20240115,11:23:31,356.0,50,86000
20240115,11:23:41,351.8,100,86000
20240115,11:23:44,351.0,50,86000
20240115,11:23:46,351.2,50,86000
20240115,11:23:47,352.7,50,86000
20240115,11:23:49,352.5,200,86000
20240115,11:23:54,353.9,200,86000
20240115,11:23:58,352.5,50,86000
20240115,11:24:02,352.95,100,86000
20240115,11:24:03,353.1,300,86000
20240115,11:24:06,352.8,150,86000
20240115,11:24:26,355.8,300,86000
20240115,11:24:29,353.0,50,86000
20240115,11:24:42,351.7,100,86000
20240115,11:24:54,352.35,50,86000
20240115,11:25:01,352.75,100,86000
20240115,11:25:05,350.0,250,86000
20240115,11:25:09,349.9,100,86000
20240115,11:25:11,349.45,100,86000
20240115,11:25:30,350.0,450,86000
20240115,11:25:36,350.1,50,86000
20240115,11:25:44,350.4,50,86000
20240115,11:25:45,350.1,500,86000
20240115,11:25:57,354.0,150,86000
20240115,11:26:09,355.85,50,86000
20240115,11:26:17,354.0,1000,86000
20240115,11:26:21,353.55,50,86000
20240115,11:26:39,355.65,500,86000
20240115,11:26:44,356.75,100,86000
20240115,11:26:45,358.15,50,87200
20240115,11:26:47,358.65,50,87200
20240115,11:26:52,358.1,50,87200
20240115,11:26:57,359.4,350,87200
20240115,11:26:58,360.0,50,87200
20240115,11:27:00,360.0,50,87200
20240115,11:27:01,359.0,100,87200
20240115,11:27:15,357.5,50,87200
20240115,11:27:21,357.35,50,87200
20240115,11:27:42,358.1,50,87200
20240115,11:27:52,358.85,50,87200
20240115,11:27:59,357.0,50,87200
20240115,11:28:07,355.2,400,87200
20240115,11:28:49,356.6,50,87200
20240115,11:28:57,356.0,550,87200
20240115,11:29:31,356.0,50,87200
20240115,11:29:32,356.0,450,87200
20240115,11:29:45,353.0,50,88650
20240115,11:30:12,356.0,50,88650
20240115,11:30:41,357.85,200,88650
20240115,11:30:50,358.8,50,88650
20240115,11:30:51,358.0,1000,88650
20240115,11:31:00,357.45,50,88650
20240115,11:31:34,359.7,100,88650
20240115,11:32:20,363.15,50,88650
20240115,11:32:25,365.0,100,88650
20240115,11:32:30,366.15,50,88650
20240115,11:32:38,364.05,400,88650
20240115,11:32:41,363.45,250,88650
20240115,11:32:42,363.0,500,88650
20240115,11:32:58,363.85,50,90650
20240115,11:33:01,363.3,50,90650
20240115,11:33:02,361.1,100,90650
20240115,11:33:17,363.2,100,90650
20240115,11:33:36,365.3,50,90650
20240115,11:33:39,363.5,50,90650
20240115,11:33:40,366.0,50,90650
20240115,11:33:43,366.7,100,90650
20240115,11:33:54,366.1,50,90650
20240115,11:34:01,367.6,50,90650
20240115,11:34:18,369.3,50,90650
20240115,11:34:20,367.5,100,90650
20240115,11:34:24,367.75,50,90650
20240115,11:34:26,367.05,50,90650
20240115,11:34:38,368.5,100,90650
20240115,11:34:45,367.65,100,90650
20240115,11:35:04,367.8,100,90650
20240115,11:35:15,366.75,150,90650
20240115,11:35:21,365.1,50,90650
20240115,11:35:25,366.75,50,90650
20240115,11:35:29,366.3,200,90650
20240115,11:35:32,366.0,50,90650
20240115,11:35:33,366.5,100,90650
20240115,11:35:40,369.9,50,90650
20240115,11:35:49,367.2,100,91200
20240115,11:35:58,368.25,200,91200
20240115,11:36:03,367.5,50,91200
20240115,11:36:05,366.45,100,91200
20240115,11:36:10,366.45,50,91200
20240115,11:36:42,367.35,50,91200
20240115,11:36:52,367.5,550,91200
20240115,11:36:55,366.45,100,91200
20240115,11:37:27,371.1,50,91200
20240115,11:37:32,370.5,100,91200
20240115,11:37:36,372.4,100,91200
20240115,11:37:45,374.25,700,91200
20240115,11:37:46,375.0,850,91200
20240115,11:37:51,376.0,50,91200
20240115,11:37:55,379.05,200,91200
20240115,11:38:05,378.0,100,91200
20240115,11:38:13,377.3,50,91200
20240115,11:38:14,377.15,50,91200
20240115,11:38:16,380.6,100,91200
20240115,11:38:19,383.35,100,91200
20240115,11:38:21,384.0,50,91200
20240115,11:38:23,384.4,150,91200
20240115,11:38:30,381.7,50,91200
20240115,11:38:42,379.9,600,91200
20240115,11:38:42,380.0,350,91200
20240115,11:38:53,379.2,150,90700
20240115,11:39:27,375.0,50,90700
20240115,11:39:37,374.3,150,90700
20240115,11:39:49,374.55,200,90700
20240115,11:40:01,372.0,50,90700
20240115,11:40:10,376.0,50,90700
20240115,11:40:19,376.7,50,90700
20240115,11:40:48,373.2,50,90700
20240115,11:41:03,369.05,150,90700
20240115,11:41:12,371.65,150,90700
20240115,11:41:17,370.7,50,90700
20240115,11:41:22,370.95,100,90700
20240115,11:41:35,370.0,250,90700
20240115,11:41:40,369.15,300,90700
20240115,11:41:47,371.95,1000,91050
20240115,11:42:21,368.5,800,91050
20240115,11:42:32,366.0,50,91050
20240115,11:42:41,365.0,50,91050
20240115,11:42:51,363.35,50,91050
20240115,11:42:52,364.3,100,91050
20240115,11:42:56,364.05,50,91050
20240115,11:42:57,362.1,150,91050
20240115,11:43:04,363.3,200,91050
20240115,11:43:06,363.6,50,91050
20240115,11:43:12,364.95,50,91050
20240115,11:43:18,364.1,850,91050
20240115,11:43:22,363.7,50,91050
20240115,11:43:48,366.05,50,91050
20240115,11:44:33,360.0,700,91050
20240115,11:44:41,359.0,100,91050
20240115,11:44:44,358.85,200,91050
20240115,11:44:51,358.0,150,90450
20240115,11:45:08,362.05,50,90450
20240115,11:45:28,359.25,100,90450
20240115,11:45:54,360.4,50,90450
20240115,11:46:17,362.0,50,90450
20240115,11:46:26,361.55,250,90450
20240115,11:46:36,361.35,50,90450
20240115,11:46:44,362.5,50,90450
20240115,11:47:03,363.6,150,90450
20240115,11:47:30,362.0,50,90450
20240115,11:47:44,358.15,50,90450
20240115,11:49:33,355.8,50,91000
20240115,11:50:01,360.55,450,91000
20240115,11:50:11,359.8,50,91000
20240115,11:50:24,359.55,100,91000
20240115,11:50:55,356.6,50,91000
20240115,11:51:47,355.8,250,91400
20240115,11:51:49,354.5,250,91400
20240115,11:52:45,355.95,50,91400
20240115,11:52:50,354.5,50,91400
20240115,11:52:57,354.0,50,91400
20240115,11:53:39,353.0,250,91400
20240115,11:53:41,352.4,500,91400
20240115,11:53:52,351.8,50,92350
20240115,11:53:55,352.1,100,92350
20240115,11:54:00,353.9,50,92350
20240115,11:54:05,352.4,100,92350
20240115,11:54:19,353.0,50,92350
20240115,11:54:45,355.9,200,92350
20240115,11:54:55,357.25,100,92350
20240115,11:55:13,356.6,50,92350
20240115,11:55:31,357.0,50,92350
20240115,11:55:43,358.5,500,92350
20240115,11:56:00,357.0,50,92350
20240115,11:56:17,360.4,500,92350
20240115,11:56:45,360.4,50,92350
20240115,11:56:47,361.0,50,92350
20240115,11:57:00,360.8,550,93400
20240115,11:57:01,359.25,100,93400
20240115,11:57:02,360.3,500,93400
20240115,11:57:03,359.9,100,93400
20240115,11:57:15,362.35,50,93400
20240115,11:57:27,361.55,50,93400
20240115,11:57:36,363.15,250,93400
20240115,11:57:42,361.35,50,93400
20240115,11:57:49,362.25,450,93400
20240115,11:58:00,360.4,50,93400
20240115,11:58:03,360.0,100,93400
20240115,11:58:12,357.3,100,93400
20240115,11:58:15,358.15,200,93400
20240115,11:59:09,356.9,150,93400
20240115,11:59:12,356.9,100,93400
20240115,11:59:16,356.0,100,93400
20240115,11:59:51,353.25,450,93800
20240115,12:00:22,353.45,200,93800
20240115,12:00:45,349.7,450,93800
20240115,12:00:49,349.45,50,93800
20240115,12:00:51,348.0,150,93800
20240115,12:00:52,349.0,50,93800
20240115,12:01:21,353.05,50,93800
20240115,12:01:22,353.6,1800,93800
20240115,12:01:23,353.35,500,93800
20240115,12:01:25,353.95,50,93800
20240115,12:01:26,355.0,350,93800
20240115,12:01:41,355.2,1800,93800
20240115,12:02:14,356.0,1000,93800
20240115,12:02:15,357.4,50,93800
20240115,12:02:41,358.4,100,93800
20240115,12:02:44,358.2,50,93800
20240115,12:03:18,356.0,100,93950
20240115,12:04:31,358.35,50,93950
20240115,12:04:53,356.95,50,93950
20240115,12:04:54,357.9,50,93950
20240115,12:05:07,358.5,50,93950
20240115,12:05:23,358.8,50,93950
20240115,12:05:39,354.5,200,93950
20240115,12:05:55,354.0,100,94150
20240115,12:06:51,354.65,50,94150
20240115,12:07:20,351.55,50,94150
20240115,12:07:30,351.45,50,94150
20240115,12:07:32,350.0,50,94150
20240115,12:08:28,350.0,500,94150
20240115,12:08:47,350.25,1800,94150
20240115,12:09:09,345.0,1850,94700
20240115,12:09:16,347.0,50,94700
20240115,12:09:22,344.0,50,94700
20240115,12:09:31,343.5,800,94700
20240115,12:09:43,340.65,50,94700
20240115,12:09:48,340.0,150,94700
20240115,12:09:59,341.65,50,94700
20240115,12:10:05,341.65,50,94700
20240115,12:10:28,345.75,100,94700
20240115,12:10:36,346.75,50,94700
20240115,12:11:00,346.45,100,94700
20240115,12:11:05,345.2,50,94700
20240115,12:11:10,345.1,50,94700
20240115,12:11:13,345.85,200,94700
20240115,12:11:34,343.85,50,94700
20240115,12:11:45,345.95,100,94700
20240115,12:11:47,346.05,50,94700
20240115,12:11:54,344.7,50,94200
20240115,12:12:06,346.15,50,94200
20240115,12:12:19,345.9,50,94200
20240115,12:12:20,345.0,50,94200
20240115,12:12:27,345.0,50,94200
20240115,12:12:32,344.0,50,94200
20240115,12:13:03,346.45,50,94200
20240115,12:13:08,348.65,100,94200
20240115,12:13:54,350.0,50,94200
20240115,12:13:57,349.1,50,94200
20240115,12:14:53,349.3,150,94200
20240115,12:14:54,350.85,100,94300
20240115,12:15:02,351.65,50,94300
20240115,12:15:33,351.0,50,94300
20240115,12:15:40,352.75,50,94300
20240115,12:15:59,348.75,50,94300
20240115,12:16:19,344.0,600,94300
20240115,12:16:20,344.0,600,94300
20240115,12:16:21,344.15,550,94300
20240115,12:16:22,344.05,100,94300
20240115,12:16:23,344.0,300,94300
20240115,12:16:30,343.95,50,94300
20240115,12:16:47,341.55,100,94300
20240115,12:17:01,339.0,300,94300
20240115,12:17:04,338.75,50,94300
20240115,12:17:07,337.6,50,94300
20240115,12:17:08,338.55,50,94300
20240115,12:17:11,338.65,50,94300
20240115,12:17:15,340.25,200,94300
20240115,12:17:17,339.95,50,94300
20240115,12:17:19,338.65,50,94300
20240115,12:17:20,338.3,100,94300
20240115,12:17:22,338.95,150,94300
20240115,12:17:25,339.3,50,94300
20240115,12:17:33,340.1,50,94300
20240115,12:17:34,339.3,50,94300
20240115,12:17:51,340.2,50,94300
20240115,12:18:09,342.0,50,96000
20240115,12:18:51,343.7,100,96000
20240115,12:19:09,344.0,150,96000
20240115,12:19:31,341.2,50,96000
20240115,12:20:00,343.65,800,96000
20240115,12:20:04,344.0,300,96000
20240115,12:20:27,346.8,50,96000
20240115,12:20:42,346.8,50,96000
20240115,12:20:48,346.75,50,96000
20240115,12:20:50,346.0,100,96000
20240115,12:20:51,344.0,50,96000
20240115,12:21:37,344.85,50,95500
20240115,12:21:52,346.0,100,95500
20240115,12:21:56,346.25,250,95500
20240115,12:21:59,346.0,50,95500
20240115,12:22:59,344.0,750,95500
20240115,12:23:02,343.65,50,95500
20240115,12:23:10,344.0,450,95500
20240115,12:23:13,341.2,50,95500
20240115,12:23:39,341.0,600,95500
20240115,12:24:01,339.15,300,96050
20240115,12:24:03,338.0,200,96050
20240115,12:24:07,336.85,50,96050
20240115,12:24:12,334.15,500,96050
20240115,12:24:15,336.15,100,96050
20240115,12:24:18,336.85,1800,96050
20240115,12:24:33,336.1,50,96050
20240115,12:24:40,337.35,50,96050
20240115,12:24:43,335.2,50,96050
20240115,12:24:52,337.05,50,96050
20240115,12:24:55,337.3,50,96050
20240115,12:25:06,335.2,50,96050
20240115,12:25:08,335.6,100,96050
20240115,12:25:25,340.5,50,96050
20240115,12:25:27,341.25,100,96050
20240115,12:25:30,341.2,100,96050
20240115,12:25:40,340.0,50,96050
20240115,12:25:52,340.65,300,96050
20240115,12:26:15,343.85,50,96050
20240115,12:26:19,343.75,50,96050
20240115,12:26:40,342.75,50,96050
20240115,12:26:52,339.9,200,96050
20240115,12:26:53,339.75,50,96050
20240115,12:27:08,339.75,300,98850
20240115,12:27:09,339.75,300,98850
20240115,12:27:44,343.75,550,98850
20240115,12:27:57,345.0,50,98850
20240115,12:27:58,345.0,50,98850
20240115,12:28:12,347.15,50,98850
20240115,12:28:22,348.55,50,98850
20240115,12:28:23,348.75,50,98850
20240115,12:28:30,348.35,500,98850
20240115,12:28:53,347.45,50,98850
20240115,12:28:58,347.15,50,98850
20240115,12:29:01,347.4,100,98850
20240115,12:29:17,345.65,50,98850
20240115,12:29:21,345.65,50,98850
20240115,12:29:22,345.65,50,98850
20240115,12:29:23,345.3,1500,98850
20240115,12:29:24,345.3,50,98850
20240115,12:29:25,345.3,50,98850
20240115,12:29:38,343.0,100,98850
20240115,12:29:44,341.9,50,98850
20240115,12:30:00,341.8,1100,100350
20240115,12:30:15,344.25,50,100350
20240115,12:30:20,343.35,50,100350
20240115,12:30:30,342.0,100,100350
20240115,12:30:52,341.4,100,100350
20240115,12:31:18,347.0,100,100350
20240115,12:31:21,346.55,50,100350
20240115,12:31:40,346.55,50,100350
20240115,12:31:58,345.75,50,100350
20240115,12:32:32,345.95,50,100350
20240115,12:32:41,348.2,50,100350
20240115,12:32:49,350.2,100,100350
20240115,12:32:52,348.2,50,100350
20240115,12:33:06,345.9,50,101600
20240115,12:33:14,346.5,500,101600
20240115,12:33:18,346.8,50,101600
20240115,12:33:29,348.05,50,101600
20240115,12:33:44,347.85,600,101600
20240115,12:34:17,351.4,50,101600
20240115,12:34:25,349.1,50,101600
20240115,12:35:06,345.5,50,101600
20240115,12:35:29,347.6,100,101600
20240115,12:35:40,349.1,50,101600
20240115,12:35:55,349.65,50,102300
20240115,12:36:24,348.4,50,102300
20240115,12:36:45,352.0,50,102300
20240115,12:36:46,351.95,100,102300
20240115,12:36:47,354.2,150,102300
20240115,12:36:50,355.0,200,102300
20240115,12:36:53,354.35,50,102300
20240115,12:36:57,354.45,600,102300
20240115,12:37:01,356.6,850,102300
20240115,12:37:08,356.1,500,102300
20240115,12:37:18,358.0,100,102300
20240115,12:37:21,356.4,100,102300
20240115,12:37:24,359.85,50,102300
20240115,12:37:26,360.0,50,102300
20240115,12:37:35,359.0,50,102300
20240115,12:37:36,360.0,50,102300
20240115,12:37:43,355.85,500,102300
20240115,12:37:54,356.85,50,102300
20240115,12:38:00,354.0,50,102300
20240115,12:38:02,354.0,50,102300
20240115,12:38:03,355.0,50,102300
20240115,12:38:04,356.55,50,102300
20240115,12:38:19,352.0,100,102300
20240115,12:38:23,352.0,50,102300
20240115,12:38:31,350.35,100,102300
20240115,12:38:32,350.0,50,102300
20240115,12:39:17,346.85,500,100400
20240115,12:39:29,345.15,50,100400
20240115,12:39:32,342.0,250,100400
20240115,12:39:35,342.0,450,100400
20240115,12:39:38,342.25,150,100400
20240115,12:39:45,343.35,500,100400
20240115,12:39:50,342.3,50,100400
20240115,12:40:30,344.4,450,100400
20240115,12:40:33,344.3,150,100400
20240115,12:40:51,342.3,100,100400
20240115,12:40:52,342.3,50,100400
20240115,12:41:01,342.3,150,100400
20240115,12:41:25,342.3,50,100400
20240115,12:41:26,342.05,50,100400
20240115,12:41:30,340.0,50,100400
20240115,12:41:31,340.9,50,100400
20240115,12:41:32,341.1,150,100400
20240115,12:41:34,341.5,100,100400
20240115,12:42:20,345.6,250,100400
20240115,12:42:26,345.25,250,100450
20240115,12:43:30,347.95,50,100450
20240115,12:44:04,346.05,300,100450
20240115,12:44:10,346.3,100,100450
20240115,12:44:26,345.6,100,100450
20240115,12:44:31,344.0,500,100450
20240115,12:44:42,342.15,300,100450
20240115,12:45:31,345.9,150,101700
20240115,12:45:59,345.35,50,101700
20240115,12:46:02,343.85,50,101700
20240115,12:46:44,341.8,50,101700
20240115,12:46:48,341.0,100,101700
20240115,12:47:03,341.75,50,101700
20240115,12:47:13,343.5,50,101700
20240115,12:47:27,344.9,50,101700
20240115,12:47:35,345.7,100,101700
20240115,12:48:09,344.25,50,101850
20240115,12:48:24,347.25,50,101850
20240115,12:49:08,347.05,50,101850
20240115,12:49:23,346.0,50,101850
20240115,12:49:50,344.25,50,101850
20240115,12:50:31,346.0,100,101850
20240115,12:51:24,347.0,50,102050
20240115,12:51:29,347.0,250,102050
20240115,12:51:33,345.3,550,102050
20240115,12:52:09,343.9,50,102050
20240115,12:52:40,343.7,300,102050
20240115,12:52:44,343.9,50,102050
20240115,12:53:14,346.5,700,102050
20240115,12:53:31,346.5,50,102050
20240115,12:53:47,348.0,50,102050
20240115,12:53:52,348.0,50,102050
20240115,12:54:00,348.5,100,102050
20240115,12:54:41,346.5,50,101800
20240115,12:54:56,347.2,300,101800
20240115,12:55:15,345.8,50,101800
20240115,12:55:44,344.15,50,101800
20240115,12:56:00,341.9,50,101800
20240115,12:56:06,343.0,300,101800
20240115,12:56:34,344.45,50,101800
20240115,12:56:44,345.25,50,101800
20240115,12:56:54,344.35,500,101800
20240115,12:58:00,343.15,50,102400
20240115,12:58:05,341.55,100,102400
20240115,12:58:15,341.0,50,102400
20240115,12:58:32,338.6,300,102400
20240115,12:58:36,340.0,500,102400
20240115,12:59:04,340.6,50,102400
20240115,12:59:08,340.85,50,102400
20240115,13:00:20,343.4,500,102600
20240115,13:00:29,341.0,50,102600
20240115,13:00:30,340.85,50,102600
20240115,13:01:05,341.95,50,102600
20240115,13:01:19,341.95,50,102600
20240115,13:01:55,342.6,50,102600
20240115,13:02:14,342.0,250,102600
20240115,13:02:15,341.3,50,102600
20240115,13:02:22,341.5,100,102600
20240115,13:02:44,341.0,50,102600
20240115,13:02:45,341.2,250,102600
20240115,13:02:51,340.0,100,102600
20240115,13:02:53,339.65,500,102600
20240115,13:03:06,340.3,50,102600
20240115,13:03:14,339.0,50,103700
20240115,13:03:16,338.15,100,103700
20240115,13:03:24,338.0,200,103700
20240115,13:03:33,335.0,400,103700
20240115,13:03:41,336.0,50,103700
20240115,13:03:51,335.95,200,103700
20240115,13:03:57,337.25,150,103700
20240115,13:04:01,336.15,1000,103700
20240115,13:04:27,340.0,200,103700
20240115,13:04:28,340.6,50,103700
20240115,13:04:42,340.7,50,103700
20240115,13:04:51,342.35,50,103700
20240115,13:05:04,342.0,450,103700
20240115,13:05:16,343.0,500,103700
20240115,13:05:17,343.0,500,103700
20240115,13:05:21,343.65,200,103700
20240115,13:05:23,344.0,200,103700
20240115,13:05:57,346.85,100,103700
20240115,13:06:02,346.0,50,102400
20240115,13:06:33,346.0,500,102400
20240115,13:06:40,344.0,50,102400
20240115,13:07:16,347.45,100,102400
20240115,13:07:18,347.65,200,102400
20240115,13:07:46,348.0,250,102400
20240115,13:07:48,348.1,50,102400
20240115,13:08:00,347.5,50,102400
20240115,13:08:04,347.65,50,102400
20240115,13:08:18,351.2,450,102400
20240115,13:08:21,352.0,400,102400
20240115,13:08:22,354.0,250,102400
20240115,13:08:23,353.5,200,102400
20240115,13:08:37,350.6,150,102400
20240115,13:08:38,349.85,600,102400
20240115,13:08:52,349.85,50,102400
20240115,13:08:55,348.2,50,102400
20240115,13:09:14,347.7,50,102550
20240115,13:09:21,345.0,400,102550
20240115,13:09:22,344.3,50,102550
20240115,13:09:26,344.7,500,102550
20240115,13:09:54,345.0,100,102550
20240115,13:10:05,343.95,300,102550
20240115,13:10:39,345.9,100,102550
20240115,13:10:44,346.4,300,102550
20240115,13:11:00,346.0,150,102550
20240115,13:11:05,344.0,500,102550
20240115,13:11:34,343.55,50,102550
20240115,13:11:42,342.9,300,102550
20240115,13:12:41,340.35,500,102250
20240115,13:12:42,339.6,400,102250
20240115,13:12:46,340.0,700,102250
20240115,13:13:21,342.0,500,102250
20240115,13:13:44,339.0,50,102250
20240115,13:13:46,339.35,50,102250
20240115,13:14:06,339.0,50,102250
20240115,13:15:22,338.45,150,101950
20240115,13:15:25,340.0,400,101950
20240115,13:16:39,339.6,50,101950
20240115,13:16:44,339.0,250,101950
20240115,13:17:31,338.05,5000,101950
20240115,13:17:50,337.0,50,101950
20240115,13:18:04,337.0,350,105800
20240115,13:18:14,334.2,100,105800
20240115,13:18:20,335.4,100,105800
20240115,13:18:28,328.6,3700,105800
20240115,13:18:28,331.0,150,105800
20240115,13:18:30,328.0,700,105800
20240115,13:18:31,328.0,1800,105800
20240115,13:18:34,330.0,50,105800
20240115,13:18:35,331.05,50,105800
20240115,13:18:36,332.0,50,105800
20240115,13:18:44,329.0,50,105800
20240115,13:18:49,330.0,1850,105800
20240115,13:18:50,330.75,1800,105800
20240115,13:18:53,328.7,150,105800
20240115,13:18:56,328.35,50,105800
20240115,13:19:01,328.8,50,105800
20240115,13:19:04,330.9,50,105800
20240115,13:19:08,332.5,1800,105800
20240115,13:19:25,332.0,50,105800
20240115,13:19:25,332.0,150,105800
20240115,13:19:36,331.95,100,105800
20240115,13:19:48,333.0,50,105800
20240115,13:19:49,334.85,100,105800
20240115,13:19:50,335.1,550,105800
20240115,13:19:52,335.05,50,105800
20240115,13:19:54,336.35,100,105800
20240115,13:20:00,335.1,100,105800
20240115,13:20:17,336.2,50,105800
20240115,13:20:56,336.2,50,105800
20240115,13:21:22,337.35,50,105700
20240115,13:21:45,340.2,5700,105700
20240115,13:21:50,339.15,50,105700
20240115,13:21:54,340.2,100,105700
20240115,13:22:03,339.65,50,105700
20240115,13:22:04,339.15,50,105700
20240115,13:22:25,337.3,100,105700
20240115,13:22:27,337.85,150,105700
20240115,13:23:38,339.55,100,105700
20240115,13:23:56,340.2,50,105700
20240115,13:24:27,339.0,50,100850
20240115,13:24:46,340.65,150,100850
20240115,13:25:08,341.55,500,100850
20240115,13:25:15,343.25,50,100850
20240115,13:25:16,342.15,50,100850
20240115,13:25:20,342.15,50,100850
20240115,13:25:22,342.2,100,100850
20240115,13:25:43,341.5,100,100850
20240115,13:25:44,341.4,100,100850
20240115,13:25:58,341.65,50,100850
20240115,13:26:00,341.65,50,100850
20240115,13:26:16,343.35,50,100850
20240115,13:26:28,341.65,300,100850
20240115,13:27:49,341.9,200,100750
20240115,13:28:14,343.95,250,100750
20240115,13:28:20,343.75,100,100750
20240115,13:28:44,342.9,250,100750
20240115,13:28:49,343.15,50,100750
20240115,13:29:14,345.35,250,100750
20240115,13:29:18,346.2,100,100750
20240115,13:29:23,343.0,50,100750
20240115,13:29:36,339.3,150,100750
20240115,13:29:43,338.0,100,100750
20240115,13:29:53,338.15,200,100750
20240115,13:29:56,338.0,50,100750
20240115,13:30:03,340.1,50,101200
20240115,13:30:28,342.95,150,101200
20240115,13:30:44,345.8,50,101200
20240115,13:30:58,345.8,50,101200
20240115,13:31:08,347.35,500,101200
20240115,13:31:14,348.2,150,101200
20240115,13:31:35,344.0,50,101200
20240115,13:31:38,343.85,100,101200
20240115,13:31:43,342.25,50,101200
20240115,13:32:08,339.95,550,101200
20240115,13:32:29,343.85,100,101200
20240115,13:33:05,344.2,50,101200
20240115,13:33:06,344.9,50,101200
20240115,13:33:36,348.3,150,101200
20240115,13:33:38,349.0,250,101200
20240115,13:33:39,350.0,250,101200
20240115,13:33:42,348.6,50,101200
20240115,13:33:46,350.2,100,101200
20240115,13:33:47,350.1,500,101200
20240115,13:33:56,351.25,50,101200
20240115,13:33:58,350.0,50,101200
20240115,13:34:09,348.65,50,101200
20240115,13:34:35,349.65,50,101200
20240115,13:34:41,350.75,50,101200
20240115,13:35:07,349.3,50,101200
20240115,13:35:13,346.65,100,101200
20240115,13:35:20,346.8,100,101200
20240115,13:35:23,347.25,300,101200
20240115,13:35:24,346.55,150,101200
20240115,13:35:25,346.05,50,101200
20240115,13:35:40,345.85,500,101200
20240115,13:36:19,345.35,50,101200
20240115,13:36:25,345.0,50,100600
20240115,13:38:51,344.0,50,100600
20240115,13:39:04,343.2,250,100750
20240115,13:40:07,340.5,50,100750
20240115,13:40:09,340.5,50,100750
20240115,13:40:10,340.5,100,100750
20240115,13:40:46,339.75,200,100750
20240115,13:41:08,339.0,50,100750
20240115,13:41:10,340.5,150,100750
20240115,13:41:31,339.3,50,100750
20240115,13:41:38,341.7,250,100750
20240115,13:41:51,341.05,50,100750
20240115,13:42:11,341.8,500,100950
20240115,13:42:19,342.25,50,100950
20240115,13:42:52,339.0,150,100950
20240115,13:44:08,345.0,50,100950
20240115,13:44:25,345.0,150,100950
20240115,13:45:27,347.45,200,101500
20240115,13:45:47,349.95,300,101500
20240115,13:45:48,350.2,150,101500
20240115,13:46:01,348.45,550,101500
20240115,13:46:23,350.7,500,101500
20240115,13:46:26,350.95,50,101500
20240115,13:46:36,351.85,500,101500
20240115,13:46:37,352.0,100,101500
20240115,13:46:38,354.75,200,101500
20240115,13:46:45,354.75,200,101500
20240115,13:46:49,354.45,1050,101500
20240115,13:47:00,352.0,50,101500
20240115,13:47:03,350.35,50,101500
20240115,13:47:06,351.75,150,101500
20240115,13:47:18,353.35,150,101500
20240115,13:47:24,354.3,100,101500
20240115,13:47:34,354.25,300,101500
20240115,13:47:48,354.0,50,101500
20240115,13:47:50,352.6,50,101500
20240115,13:48:02,353.5,50,101500
20240115,13:48:05,354.0,50,101500
20240115,13:48:07,353.8,50,101600
20240115,13:48:14,354.0,900,101600
20240115,13:48:19,354.6,700,101600
20240115,13:48:22,357.0,50,101600
20240115,13:48:22,356.55,100,101600
20240115,13:48:30,356.9,50,101600
20240115,13:48:31,356.8,200,101600
20240115,13:48:46,355.0,900,101600
20240115,13:48:47,354.0,100,101600
20240115,13:49:02,356.35,300,101600
20240115,13:49:03,357.25,200,101600
20240115,13:49:06,358.2,2550,101600
20240115,13:49:09,359.0,250,101600
20240115,13:49:10,360.1,300,101600
20240115,13:49:13,362.0,100,101600
20240115,13:49:17,365.85,350,101600
20240115,13:49:18,367.95,500,101600
20240115,13:49:19,365.6,100,101600
20240115,13:49:23,366.55,50,101600
20240115,13:49:25,364.8,250,101600
20240115,13:49:26,365.15,100,101600
20240115,13:49:28,366.9,200,101600
20240115,13:49:29,369.0,950,101600
20240115,13:49:30,370.0,100,101600
20240115,13:49:32,368.15,50,101600
20240115,13:49:37,369.5,50,101600
20240115,13:49:44,368.0,50,101600
20240115,13:49:44,368.1,100,101600
20240115,13:49:46,368.55,50,101600
20240115,13:49:51,368.9,200,101600
20240115,13:49:54,365.0,100,101600
20240115,13:49:57,367.5,150,101600
20240115,13:49:58,367.0,50,101600
20240115,13:50:02,365.95,100,101600
20240115,13:50:09,369.65,200,101600
20240115,13:50:13,364.1,900,101600
20240115,13:50:15,364.2,500,101600
20240115,13:50:23,358.2,150,101600
20240115,13:50:31,358.65,150,101600
20240115,13:50:37,358.4,100,101600
20240115,13:50:40,355.0,50,101600
20240115,13:51:00,348.75,200,101600
20240115,13:51:03,346.9,50,101600
20240115,13:51:05,349.25,50,99900
20240115,13:51:10,350.7,50,99900
20240115,13:51:15,348.0,250,99900
20240115,13:51:19,347.6,50,99900
20240115,13:51:20,345.0,850,99900
20240115,13:51:23,345.45,50,99900
20240115,13:51:24,345.55,300,99900
20240115,13:51:25,342.8,200,99900
20240115,13:51:27,341.75,50,99900
20240115,13:51:28,341.25,850,99900
20240115,13:51:32,344.7,50,99900
20240115,13:51:33,345.4,50,99900
20240115,13:51:56,346.55,150,99900
20240115,13:52:00,347.05,50,99900
20240115,13:52:02,349.5,50,99900
20240115,13:52:03,347.7,400,99900
20240115,13:52:03,348.45,50,99900
20240115,13:52:07,348.85,50,99900
20240115,13:52:26,347.65,50,99900
20240115,13:52:27,348.55,100,99900
20240115,13:52:30,346.75,50,99900
20240115,13:52:48,349.4,50,99900
20240115,13:52:55,346.75,100,99900
20240115,13:52:56,346.75,400,99900
20240115,13:53:03,346.45,50,99900
20240115,13:53:18,348.5,50,99900
20240115,13:53:59,346.9,50,99900
20240115,13:54:20,347.25,250,98500
20240115,13:54:32,346.5,350,98500
20240115,13:54:35,346.0,300,98500
20240115,13:54:39,344.3,50,98500
20240115,13:54:41,343.0,650,98500
20240115,13:54:52,343.0,100,98500
20240115,13:55:14,343.95,100,98500
20240115,13:55:20,342.0,50,98500
20240115,13:55:22,342.0,50,98500
20240115,13:55:28,341.7,50,98500
20240115,13:55:43,342.8,50,98500
20240115,13:55:58,342.0,50,98500
20240115,13:56:15,340.8,50,98500
20240115,13:56:27,345.75,50,98500
20240115,13:56:55,342.3,50,98500
20240115,13:57:05,342.3,50,98500
20240115,13:57:37,340.65,250,100300
20240115,13:57:41,340.0,700,100300
20240115,13:57:46,339.45,1200,100300
20240115,13:57:56,338.1,100,100300
20240115,13:58:06,342.85,50,100300
20240115,13:58:15,341.25,600,100300
20240115,13:58:48,340.0,50,100300
20240115,13:58:52,339.65,50,100300
20240115,13:59:05,337.8,100,100300
20240115,13:59:07,338.45,50,100300
20240115,13:59:10,337.65,50,100300
20240115,13:59:11,337.35,50,100300
20240115,13:59:12,338.0,100,100300
20240115,13:59:13,338.0,900,100300
20240115,13:59:19,338.0,50,100300
20240115,13:59:21,338.45,50,100300
20240115,13:59:28,337.95,50,100300
20240115,13:59:39,332.0,3350,100300
20240115,13:59:40,332.25,250,100300
20240115,13:59:43,332.4,250,100300
20240115,13:59:45,332.85,500,100300
20240115,13:59:45,333.85,50,100300
20240115,13:59:47,332.55,300,100300
20240115,13:59:49,333.15,250,100300
20240115,13:59:53,333.0,350,100300
20240115,13:59:57,333.0,50,100300
20240115,14:00:01,328.35,900,100300
20240115,14:00:04,327.6,550,100300
20240115,14:00:05,329.75,2000,100300
20240115,14:00:16,331.2,100,100150
20240115,14:00:19,331.2,50,100150
20240115,14:00:26,329.25,50,100150
20240115,14:00:28,331.9,100,100150
20240115,14:00:41,335.0,50,100150
20240115,14:00:50,335.0,50,100150
20240115,14:00:55,335.05,50,100150
20240115,14:00:57,335.4,350,100150
20240115,14:00:58,336.0,50,100150
20240115,14:01:02,335.05,50,100150
20240115,14:01:04,334.2,50,100150
20240115,14:01:05,334.2,550,100150
20240115,14:01:19,337.65,650,100150
20240115,14:01:21,335.85,50,100150
20240115,14:01:41,338.0,50,100150
20240115,14:01:45,338.0,50,100150
20240115,14:01:52,338.1,50,100150
20240115,14:02:06,341.2,100,100150
20240115,14:02:08,342.0,50,100150
20240115,14:02:11,340.0,50,100150
20240115,14:02:12,340.0,50,100150
20240115,14:02:24,338.85,50,100150
20240115,14:02:25,338.1,200,100150
20240115,14:02:30,337.0,50,100150
20240115,14:02:31,336.75,100,100150
20240115,14:02:32,336.1,50,100150
20240115,14:02:42,336.1,50,100150
20240115,14:02:43,336.1,3600,100150
20240115,14:02:48,335.0,600,100150
20240115,14:02:51,335.0,500,100150
20240115,14:03:51,331.0,200,102000
20240115,14:03:59,329.45,50,102000
20240115,14:04:07,329.35,50,102000
20240115,14:04:10,329.0,100,102000
20240115,14:04:11,329.0,150,102000
20240115,14:04:20,326.0,150,102000
20240115,14:04:21,325.9,50,102000
20240115,14:04:22,325.0,100,102000
20240115,14:04:23,325.0,250,102000
20240115,14:04:25,325.0,150,102000
20240115,14:04:26,327.65,50,102000
20240115,14:04:36,328.05,100,102000
20240115,14:04:45,327.0,50,102000
20240115,14:04:46,325.6,50,102000
20240115,14:04:49,323.0,1000,102000
20240115,14:04:51,322.0,100,102000
20240115,14:04:52,318.3,300,102000
20240115,14:04:53,318.3,50,102000
20240115,14:04:54,318.65,250,102000
20240115,14:04:56,318.3,200,102000
20240115,14:04:57,318.2,50,102000
20240115,14:04:58,317.95,50,102000
20240115,14:04:59,317.95,600,102000
20240115,14:05:00,322.0,100,102000
20240115,14:05:01,322.0,50,102000
20240115,14:05:02,319.95,600,102000
20240115,14:05:03,319.8,100,102000
20240115,14:05:09,319.8,50,102000
20240115,14:05:12,320.0,150,102000
20240115,14:05:13,319.65,100,102000
20240115,14:05:21,319.95,100,102000
20240115,14:05:22,319.0,100,102000
20240115,14:05:26,322.9,50,102000
20240115,14:05:32,319.45,100,102000
20240115,14:05:33,320.35,300,102000
20240115,14:05:35,321.0,200,102000
20240115,14:05:40,319.85,500,102000
20240115,14:05:43,319.0,250,102000
20240115,14:05:46,319.95,200,102000
20240115,14:05:51,317.0,4000,102000
20240115,14:05:52,315.25,500,102000
20240115,14:05:53,316.1,50,102000
20240115,14:05:54,316.5,200,102000
20240115,14:05:56,317.25,50,102000
20240115,14:05:58,314.45,50,102000
20240115,14:05:59,314.45,150,102000
20240115,14:06:00,315.4,50,102000
20240115,14:06:01,315.15,500,102000
20240115,14:06:02,319.15,600,102000
20240115,14:06:04,319.05,200,102000
20240115,14:06:05,319.05,250,102000
20240115,14:06:06,319.4,50,102000
20240115,14:06:07,320.65,100,102000
20240115,14:06:08,320.55,150,106100
20240115,14:06:10,319.75,300,106100
20240115,14:06:11,319.5,50,106100
20240115,14:06:13,320.6,50,106100
20240115,14:06:14,321.05,50,106100
20240115,14:06:18,321.05,50,106100
20240115,14:06:22,320.95,50,106100
20240115,14:06:30,322.45,50,106100
20240115,14:06:47,324.2,100,106100
20240115,14:06:48,324.35,50,106100
20240115,14:06:51,323.6,350,106100
20240115,14:06:54,322.0,200,106100
20240115,14:06:55,320.0,650,106100
20240115,14:06:57,319.95,150,106100
20240115,14:06:58,321.75,50,106100
20240115,14:06:59,321.2,50,106100
20240115,14:07:06,321.6,200,106100
20240115,14:07:12,321.75,100,106100
20240115,14:07:16,322.85,50,106100
20240115,14:07:17,322.0,50,106100
20240115,14:07:37,324.0,150,106100
20240115,14:07:43,321.9,50,106100
20240115,14:07:45,321.0,50,106100
20240115,14:07:56,323.05,100,106100
20240115,14:08:02,321.0,50,106100
20240115,14:08:29,319.7,150,106100
20240115,14:08:32,318.0,50,106100
20240115,14:08:35,318.05,100,106100
20240115,14:08:36,317.5,100,106100
20240115,14:08:40,316.75,100,106100
20240115,14:08:42,318.1,400,106100
20240115,14:08:43,319.15,50,106100
20240115,14:08:44,319.95,100,106100
20240115,14:08:54,318.15,50,106100
20240115,14:08:55,318.15,200,106100
20240115,14:09:00,317.3,250,106100
20240115,14:09:02,316.85,100,106100
20240115,14:09:09,316.9,50,108900
20240115,14:09:10,315.0,150,108900
20240115,14:09:12,316.35,50,108900
20240115,14:09:14,313.85,100,108900
20240115,14:09:16,312.6,150,108900
20240115,14:09:17,312.75,550,108900
20240115,14:09:19,313.4,350,108900
20240115,14:09:22,312.05,400,108900
20240115,14:09:23,312.45,550,108900
20240115,14:09:24,313.25,650,108900
20240115,14:09:25,313.25,150,108900
20240115,14:09:27,312.0,50,108900
20240115,14:09:29,311.9,300,108900
20240115,14:09:30,311.35,100,108900
20240115,14:09:31,311.35,200,108900
20240115,14:09:32,311.35,400,108900
20240115,14:09:35,310.7,50,108900
20240115,14:09:36,309.65,350,108900
20240115,14:09:37,312.35,500,108900
20240115,14:09:41,311.15,500,108900
20240115,14:09:43,310.0,150,108900
20240115,14:09:45,310.8,50,108900
20240115,14:09:53,311.05,350,108900
20240115,14:09:54,310.0,350,108900
20240115,14:09:55,308.4,300,108900
20240115,14:09:56,308.4,50,108900
20240115,14:09:58,310.65,100,108900
20240115,14:09:58,310.95,550,108900
20240115,14:10:02,309.45,500,108900
20240115,14:10:03,310.5,150,108900
20240115,14:10:04,314.55,1000,108900
20240115,14:10:12,312.6,100,108900
20240115,14:10:14,312.1,100,108900
20240115,14:10:23,312.85,50,108900
20240115,14:10:24,313.0,50,108900
20240115,14:10:25,315.0,250,108900
20240115,14:10:39,315.0,200,108900
20240115,14:10:52,314.35,1750,108900
20240115,14:11:07,315.75,100,108900
20240115,14:11:19,317.85,100,108900
20240115,14:11:20,318.65,100,108900
20240115,14:11:30,315.75,150,108900
20240115,14:11:33,317.6,100,108900
20240115,14:11:37,317.5,1000,108900
20240115,14:11:40,318.0,150,108900
20240115,14:11:41,317.85,300,108900
20240115,14:11:44,317.15,450,108900
20240115,14:11:51,317.6,1800,108900
20240115,14:11:54,317.6,200,108900
20240115,14:11:55,319.0,1850,108900
20240115,14:12:01,320.2,250,108900
20240115,14:12:12,318.3,1200,116600
20240115,14:12:13,319.35,1800,116600
20240115,14:12:20,319.9,100,116600
20240115,14:12:20,320.0,100,116600
20240115,14:12:26,321.1,150,116600
20240115,14:12:28,323.05,350,116600
20240115,14:12:29,322.05,100,116600
20240115,14:12:34,324.5,50,116600
20240115,14:12:45,325.5,500,116600
20240115,14:12:46,324.45,200,116600
20240115,14:12:48,324.15,200,116600
20240115,14:12:52,325.2,300,116600
20240115,14:12:57,326.45,250,116600
20240115,14:13:00,327.2,100,116600
20240115,14:13:01,327.15,200,116600
20240115,14:13:03,327.5,50,116600
20240115,14:13:05,328.15,150,116600
20240115,14:13:07,327.7,200,116600
20240115,14:13:08,327.6,200,116600
20240115,14:13:17,324.05,50,116600
20240115,14:13:22,323.0,100,116600
20240115,14:13:28,322.05,250,116600
20240115,14:13:32,323.0,250,116600
20240115,14:13:33,325.0,150,116600
20240115,14:13:36,325.7,200,116600
20240115,14:13:57,326.0,150,116600
20240115,14:14:15,323.0,100,116600
20240115,14:14:40,323.55,50,116600
20240115,14:14:49,322.85,4000,116600
20240115,14:14:51,322.6,50,116600
20240115,14:14:54,322.65,500,116600
20240115,14:15:08,322.2,50,116600
20240115,14:15:38,328.0,350,122300
20240115,14:15:40,329.0,100,122300
20240115,14:15:42,330.0,300,122300
20240115,14:15:43,330.65,50,122300
20240115,14:15:44,330.8,50,122300
20240115,14:15:45,332.0,200,122300
20240115,14:15:55,331.85,50,122300
20240115,14:15:56,332.0,50,122300
20240115,14:15:57,332.3,50,122300
20240115,14:16:06,333.5,150,122300
20240115,14:16:08,334.5,50,122300
20240115,14:16:11,334.4,2500,122300
20240115,14:16:22,335.0,200,122300
20240115,14:16:24,329.6,200,122300
20240115,14:16:26,330.3,50,122300
20240115,14:16:36,326.55,50,122300
20240115,14:16:47,326.6,300,122300
20240115,14:16:52,326.0,400,122300
20240115,14:17:18,324.0,100,122300
20240115,14:17:21,322.7,250,122300
20240115,14:17:22,323.3,5400,122300
20240115,14:17:23,323.9,12600,122300
20240115,14:17:30,320.0,50,122300
20240115,14:17:57,326.2,1800,122300
20240115,14:18:04,325.75,50,122300
20240115,14:18:09,325.95,200,122300
20240115,14:18:11,324.95,1800,135250
20240115,14:18:27,325.8,100,135250
20240115,14:19:04,323.05,50,135250
20240115,14:20:01,323.05,500,135250
20240115,14:20:28,323.05,50,135250
20240115,14:20:33,321.0,500,135250
20240115,14:20:48,324.0,100,135250
20240115,14:20:53,323.3,1800,135250
20240115,14:20:59,321.0,50,135250
20240115,14:21:00,320.15,1800,135250
20240115,14:21:03,320.5,1800,135250
20240115,14:21:09,318.85,1800,135250
20240115,14:21:12,320.3,1150,140600
20240115,14:21:19,320.25,100,140600
20240115,14:21:45,320.5,50,140600
20240115,14:21:53,320.4,50,140600
20240115,14:22:01,320.2,50,140600
20240115,14:22:12,320.4,50,140600
20240115,14:22:16,322.2,100,140600
20240115,14:22:20,321.4,50,140600
20240115,14:22:26,322.2,500,140600
20240115,14:23:09,321.45,250,140600
20240115,14:24:07,324.85,1550,140600
20240115,14:24:09,324.3,1500,140600
20240115,14:24:12,324.9,450,144550
20240115,14:24:13,324.6,1500,144550
20240115,14:24:15,324.85,1500,144550
20240115,14:24:32,324.5,1500,144550
20240115,14:25:34,326.0,550,144550
20240115,14:25:36,328.25,1000,144550
20240115,14:26:32,325.2,100,144550
20240115,14:26:36,327.5,100,144550
20240115,14:27:04,329.9,100,144550
20240115,14:27:22,331.35,1500,144550
20240115,14:27:42,334.8,50,147500
20240115,14:27:46,338.1,650,147500
20240115,14:27:49,337.15,100,147500
20240115,14:27:50,336.6,50,147500
20240115,14:27:52,337.95,150,147500
20240115,14:28:00,332.4,50,147500
20240115,14:28:13,333.65,100,147500
20240115,14:28:19,333.85,50,147500
20240115,14:29:58,333.6,500,147500
20240115,14:30:05,332.55,50,147500
20240115,14:30:14,332.55,500,147400
20240115,14:30:19,332.55,250,147400
20240115,14:30:32,331.2,50,147400
20240115,14:30:38,332.0,100,147400
20240115,14:30:39,331.75,50,147400
20240115,14:31:09,335.0,50,147400
20240115,14:31:15,335.9,50,147400
20240115,14:31:19,337.2,100,147400
20240115,14:31:21,334.65,100,147400
20240115,14:31:45,337.05,50,147400
20240115,14:31:47,335.85,50,147400
20240115,14:31:59,337.5,500,147400
20240115,14:32:06,338.0,50,147400
20240115,14:32:08,339.0,150,147400
20240115,14:32:12,339.45,950,147400
20240115,14:32:17,342.0,200,147400
20240115,14:32:21,340.95,50,147400
20240115,14:32:22,341.9,200,147400
20240115,14:32:26,342.0,200,147400
20240115,14:32:32,343.3,100,147400
20240115,14:32:34,344.0,150,147400
20240115,14:32:36,346.5,600,147400
20240115,14:32:38,345.3,50,147400
20240115,14:32:39,346.55,200,147400
20240115,14:32:40,346.45,150,147400
20240115,14:32:42,346.05,300,147400
20240115,14:32:45,346.0,1000,147400
20240115,14:32:49,347.1,50,147400
20240115,14:32:49,347.85,50,147400
20240115,14:32:51,348.3,150,147400
20240115,14:33:00,348.6,100,147400
20240115,14:33:09,345.6,250,147400
20240115,14:33:10,342.55,150,147400
20240115,14:33:46,343.0,150,147100
20240115,14:33:59,342.9,500,147100
20240115,14:34:03,341.8,5000,147100
20240115,14:34:04,343.45,50,147100
20240115,14:34:20,346.2,200,147100
20240115,14:34:27,346.75,200,147100
20240115,14:34:31,347.1,50,147100
20240115,14:34:32,347.15,50,147100
20240115,14:34:35,348.3,50,147100
20240115,14:34:46,350.0,500,147100
20240115,14:34:47,349.75,300,147100
20240115,14:34:51,348.3,150,147100
20240115,14:34:52,349.8,50,147100
20240115,14:34:55,348.45,300,147100
20240115,14:34:57,348.5,100,147100
20240115,14:35:00,347.1,50,147100
20240115,14:35:07,348.3,50,147100
20240115,14:35:14,347.05,50,147100
20240115,14:35:20,345.0,700,147100
20240115,14:35:21,345.6,600,147100
20240115,14:35:24,346.5,50,147100
20240115,14:35:29,346.25,50,147100
20240115,14:35:40,345.75,50,147100
20240115,14:35:41,345.3,150,147100
20240115,14:36:01,336.0,150,147100
20240115,14:36:06,338.0,500,147100
20240115,14:36:09,336.0,50,147100
20240115,14:36:22,334.8,250,145050
20240115,14:36:25,334.95,50,145050
20240115,14:36:27,334.2,100,145050
20240115,14:36:49,330.55,200,145050
20240115,14:36:54,329.4,50,145050
20240115,14:36:55,330.8,100,145050
20240115,14:37:00,330.6,500,145050
20240115,14:37:07,331.85,200,145050
20240115,14:37:32,330.6,1500,145050
20240115,14:37:39,330.05,50,145050
20240115,14:37:45,330.9,500,145050
20240115,14:37:54,330.3,50,145050
20240115,14:37:55,330.85,200,145050
20240115,14:38:16,327.75,100,145050
20240115,14:38:30,326.7,50,145050
20240115,14:38:34,328.15,50,145050
20240115,14:38:46,330.0,50,145050
20240115,14:38:57,328.45,100,145050
20240115,14:38:58,327.75,50,145050
20240115,14:39:15,329.6,50,147700
20240115,14:39:22,330.0,250,147700
20240115,14:39:40,327.95,50,147700
20240115,14:39:51,329.05,50,147700
20240115,14:40:00,328.0,50,147700
20240115,14:40:22,325.0,750,147700
20240115,14:40:23,324.0,50,147700
20240115,14:40:26,325.0,100,147700
20240115,14:40:32,323.4,100,147700
20240115,14:40:40,323.95,100,147700
20240115,14:40:42,322.2,200,147700
20240115,14:40:44,323.05,500,147700
20240115,14:40:48,323.2,50,147700
20240115,14:41:01,325.65,100,147700
20240115,14:41:17,327.4,500,147700
20240115,14:41:19,327.35,50,147700
20240115,14:41:29,327.55,50,147700
20240115,14:41:34,328.75,100,147700
20240115,14:41:45,329.2,100,147700
20240115,14:41:57,332.0,800,147700
20240115,14:42:00,333.0,50,147700
20240115,14:42:08,330.3,200,147700
20240115,14:42:10,331.4,50,147700
20240115,14:42:26,332.45,50,147100
20240115,14:42:34,331.0,50,147100
20240115,14:42:35,331.0,700,147100
20240115,14:42:41,330.0,950,147100
20240115,14:42:59,328.0,250,147100
20240115,14:43:24,327.4,50,147100
20240115,14:43:51,327.4,50,147100
20240115,14:44:03,328.15,200,147100
20240115,14:44:09,329.2,100,147100
20240115,14:44:53,328.2,300,147100
20240115,14:44:55,327.4,50,147100
20240115,14:45:09,328.65,250,147100
20240115,14:45:23,327.4,50,148050
20240115,14:45:30,327.0,50,148050
20240115,14:46:09,325.0,500,148050
20240115,14:46:15,322.9,750,148050
20240115,14:46:20,325.0,50,148050
20240115,14:46:33,321.0,50,148050
20240115,14:46:36,322.45,50,148050
20240115,14:46:42,320.55,100,148050
20240115,14:46:46,321.75,550,148050
20240115,14:46:50,321.6,550,148050
20240115,14:46:59,319.8,150,148050
20240115,14:47:06,319.8,1500,148050
20240115,14:47:12,318.0,100,148050
20240115,14:47:15,317.3,150,148050
20240115,14:47:19,316.45,700,148050
20240115,14:47:22,316.55,100,148050
20240115,14:47:45,315.0,450,148050
20240115,14:47:47,316.8,1000,148050
20240115,14:47:50,315.25,50,148050
20240115,14:47:54,315.95,50,148050
20240115,14:48:03,315.0,550,148050
20240115,14:48:04,314.0,150,148050
20240115,14:48:05,315.25,50,148050
20240115,14:48:06,314.95,50,148050
20240115,14:48:19,312.15,1100,150050
20240115,14:48:25,313.6,100,150050
20240115,14:48:33,314.05,150,150050
20240115,14:48:34,315.3,50,150050
20240115,14:48:40,314.7,250,150050
20240115,14:48:45,314.05,100,150050
20240115,14:48:47,314.3,50,150050
20240115,14:48:52,311.3,100,150050
20240115,14:48:54,311.2,50,150050
20240115,14:48:54,310.4,200,150050
20240115,14:48:56,310.85,50,150050
20240115,14:48:57,310.0,300,150050
20240115,14:48:59,309.95,50,150050
20240115,14:49:00,310.05,400,150050
20240115,14:49:05,310.35,50,150050
20240115,14:49:06,309.0,50,150050
20240115,14:49:11,310.15,50,150050
20240115,14:49:12,310.5,300,150050
20240115,14:49:13,309.65,100,150050
20240115,14:49:21,311.7,50,150050
20240115,14:49:22,312.0,50,150050
20240115,14:49:32,312.0,50,150050
20240115,14:49:38,311.6,400,150050
20240115,14:49:45,312.9,100,150050
20240115,14:49:46,313.25,50,150050
20240115,14:49:58,315.9,50,150050
20240115,14:50:03,315.45,100,150050
20240115,14:50:23,317.55,50,150050
20240115,14:50:43,320.0,50,150050
20240115,14:50:46,319.75,50,150050
20240115,14:51:01,316.95,50,150050
20240115,14:51:23,315.0,400,151900
20240115,14:51:31,314.0,50,151900
20240115,14:51:32,313.95,100,151900
20240115,14:51:35,313.85,50,151900
20240115,14:51:41,315.75,50,151900
20240115,14:51:54,316.65,250,151900
20240115,14:52:04,315.0,50,151900
20240115,14:52:09,314.35,100,151900
20240115,14:52:11,314.0,450,151900
20240115,14:52:13,313.8,400,151900
20240115,14:53:11,313.7,50,151900
20240115,14:53:15,315.1,150,151900
20240115,14:53:35,313.0,50,151900
20240115,14:53:43,313.1,100,151900
20240115,14:53:45,313.5,50,151900
20240115,14:54:17,313.9,200,153150
20240115,14:54:40,310.6,150,153150
20240115,14:54:40,310.0,50,153150
20240115,14:54:41,310.0,50,153150
20240115,14:54:44,309.4,350,153150
20240115,14:54:46,308.1,550,153150
20240115,14:54:52,306.15,50,153150
20240115,14:54:54,304.2,750,153150
20240115,14:55:00,304.2,400,153150
20240115,14:55:04,308.0,50,153150
20240115,14:55:13,309.6,200,153150
20240115,14:55:14,310.2,50,153150
20240115,14:55:16,308.4,100,153150
20240115,14:55:25,309.55,50,153150
20240115,14:55:29,310.1,50,153150
20240115,14:55:33,310.15,100,153150
20240115,14:55:34,310.25,100,153150
20240115,14:55:36,311.6,50,153150
20240115,14:55:52,312.15,200,153150
20240115,14:55:58,316.25,200,153150
20240115,14:56:29,310.95,50,153150
20240115,14:56:35,311.05,100,153150
20240115,14:56:37,311.05,250,153150
20240115,14:56:45,310.5,100,153150
20240115,14:57:01,308.0,100,153150
20240115,14:57:04,306.35,100,153150
20240115,14:57:08,306.8,50,153150
20240115,14:57:12,304.0,200,153150
20240115,14:57:13,304.0,50,153150
20240115,14:57:15,302.4,150,154700
20240115,14:57:16,303.25,100,154700
20240115,14:57:17,302.4,250,154700
20240115,14:57:18,302.25,400,154700
20240115,14:57:18,302.25,50,154700
20240115,14:57:20,301.6,100,154700
20240115,14:57:21,301.6,350,154700
20240115,14:57:22,300.95,50,154700
20240115,14:57:23,300.95,50,154700
20240115,14:57:25,302.55,200,154700
20240115,14:57:29,298.5,2200,154700
20240115,14:57:31,299.75,500,154700
20240115,14:57:32,300.15,300,154700
20240115,14:57:34,299.5,50,154700
20240115,14:57:36,300.55,50,154700
20240115,14:57:38,301.35,1800,154700
20240115,14:57:43,300.45,400,154700
20240115,14:57:44,299.95,350,154700
20240115,14:57:49,298.75,50,154700
20240115,14:57:51,299.0,50,154700
20240115,14:57:53,299.0,300,154700
20240115,14:57:54,299.25,250,154700
20240115,14:57:55,299.2,50,154700
20240115,14:57:56,300.75,150,154700
20240115,14:57:57,300.0,50,154700
20240115,14:57:58,299.6,50,154700
20240115,14:58:00,298.6,250,154700
20240115,14:58:01,299.4,550,154700
20240115,14:58:02,298.2,50,154700
20240115,14:58:04,298.2,50,154700
20240115,14:58:12,300.25,200,154700
20240115,14:58:16,298.4,50,154700
20240115,14:58:18,299.2,100,154700
20240115,14:58:21,300.75,150,154700
20240115,14:58:26,302.0,50,154700
20240115,14:58:27,300.9,50,154700
20240115,14:58:31,303.1,50,154700
20240115,14:58:32,303.85,50,154700
20240115,14:58:35,305.2,300,154700
20240115,14:58:38,304.95,250,154700
20240115,14:58:42,305.0,50,154700
20240115,14:58:45,302.8,550,154700
20240115,14:58:50,303.15,500,154700
20240115,14:58:52,302.0,50,154700
20240115,14:58:54,302.05,50,154700
20240115,14:58:55,301.8,50,154700
20240115,14:58:56,301.6,600,154700
20240115,14:59:08,302.65,50,154700
20240115,14:59:09,301.0,450,154700
20240115,14:59:10,300.6,50,154700
20240115,14:59:14,301.35,250,154700
20240115,14:59:29,303.75,500,154700
20240115,14:59:35,304.8,50,154700
20240115,14:59:42,305.5,50,154700
20240115,14:59:44,305.45,250,154700
20240115,14:59:54,301.0,100,154700
20240115,14:59:57,302.05,150,154700
20240115,15:00:00,301.5,50,154700
20240115,15:00:05,302.1,50,154700
20240115,15:00:06,300.0,250,154700
20240115,15:00:07,301.2,150,154700
20240115,15:00:10,299.9,50,154700
20240115,15:00:12,299.9,50,154700
20240115,15:00:13,300.3,50,154700
20240115,15:00:15,298.0,400,166850
20240115,15:00:16,297.0,750,166850
20240115,15:00:17,296.0,450,166850
20240115,15:00:20,295.4,150,166850
20240115,15:00:22,294.7,700,166850
20240115,15:00:22,292.9,300,166850
20240115,15:00:23,292.2,100,166850
20240115,15:00:25,292.2,100,166850
20240115,15:00:26,298.75,100,166850
20240115,15:00:27,298.8,50,166850
20240115,15:00:34,299.4,50,166850
20240115,15:00:37,303.9,400,166850
20240115,15:00:38,306.4,1050,166850
20240115,15:00:40,309.9,2250,166850
20240115,15:00:42,304.55,50,166850
20240115,15:00:44,305.25,200,166850
20240115,15:00:50,304.5,1000,166850
20240115,15:00:52,304.25,300,166850
20240115,15:00:54,307.45,150,166850
20240115,15:00:56,308.0,50,166850
20240115,15:01:00,309.2,150,166850
20240115,15:01:01,313.05,1250,166850
20240115,15:01:02,313.35,2350,166850
20240115,15:01:03,315.4,600,166850
20240115,15:01:04,314.7,150,166850
20240115,15:01:06,315.15,200,166850
20240115,15:01:12,315.4,300,166850
20240115,15:01:14,314.35,1000,166850
20240115,15:01:15,312.6,100,166850
20240115,15:01:16,310.0,50,166850
20240115,15:01:17,309.65,100,166850
20240115,15:01:19,308.85,100,166850
20240115,15:01:21,307.2,50,166850
20240115,15:01:30,312.7,50,166850
20240115,15:01:32,313.05,50,166850
20240115,15:01:34,312.95,50,166850
20240115,15:01:35,312.75,50,166850
20240115,15:01:41,309.85,50,166850
20240115,15:01:43,315.0,300,166850
20240115,15:01:47,314.6,50,166850
20240115,15:02:03,315.0,200,166850
20240115,15:02:05,317.05,150,166850
20240115,15:02:06,318.95,50,166850
20240115,15:02:10,315.5,350,166850
20240115,15:02:13,315.0,50,166850
20240115,15:02:16,315.15,50,166850
20240115,15:02:28,315.15,100,166850
20240115,15:02:55,309.7,150,166850
20240115,15:03:03,312.3,50,166850
20240115,15:03:13,311.75,100,166850
20240115,15:03:30,312.95,250,167600
20240115,15:03:32,311.75,50,167600
20240115,15:03:47,315.0,50,167600
20240115,15:03:59,315.0,50,167600
20240115,15:04:19,311.75,50,167600
20240115,15:04:21,310.7,100,167600
20240115,15:04:44,314.0,100,167600
20240115,15:05:03,315.3,50,167600
20240115,15:05:05,314.4,50,167600
20240115,15:05:14,314.4,50,167600
20240115,15:05:17,312.0,100,167600
20240115,15:05:18,311.75,50,167600
20240115,15:05:33,311.9,50,167600
20240115,15:05:41,311.75,150,167600
20240115,15:05:42,310.7,50,167600
20240115,15:05:47,310.0,100,167600
20240115,15:05:51,308.5,150,167600
20240115,15:05:53,307.2,50,167600
20240115,15:05:54,307.0,950,167600
20240115,15:06:28,303.95,100,169050
20240115,15:06:30,302.7,50,169050
20240115,15:06:36,305.0,350,169050
20240115,15:06:41,304.1,50,169050
20240115,15:06:42,304.4,50,169050
20240115,15:06:43,303.0,50,169050
20240115,15:06:45,300.3,1450,169050
20240115,15:06:52,303.95,100,169050
20240115,15:06:53,305.0,150,169050
20240115,15:06:58,310.2,200,169050
20240115,15:07:10,308.75,50,169050
20240115,15:07:22,308.5,50,169050
20240115,15:07:41,311.0,100,169050
20240115,15:07:51,310.35,50,169050
20240115,15:08:10,309.35,50,169050
20240115,15:08:20,307.8,50,169050
20240115,15:08:27,308.55,50,169050
20240115,15:08:39,306.5,50,169050
20240115,15:08:53,310.0,1200,169050
20240115,15:08:59,310.2,1000,169050
20240115,15:09:11,309.45,1850,169050
20240115,15:09:17,309.6,150,169050
20240115,15:09:20,308.85,50,170650
20240115,15:09:33,311.75,50,170650
20240115,15:09:36,311.15,1800,170650
20240115,15:09:37,311.35,150,170650
20240115,15:09:39,310.4,100,170650
20240115,15:10:00,312.3,100,170650
20240115,15:10:02,315.05,600,170650
20240115,15:10:11,316.25,50,170650
20240115,15:10:13,315.3,1000,170650
20240115,15:10:15,315.0,200,170650
20240115,15:10:16,316.05,50,170650
20240115,15:10:17,317.2,50,170650
20240115,15:10:19,316.25,50,170650
20240115,15:10:28,316.65,100,170650
20240115,15:10:32,318.0,50,170650
20240115,15:10:33,319.5,550,170650
20240115,15:10:34,319.95,50,170650
20240115,15:10:36,319.55,50,170650
20240115,15:10:37,321.0,200,170650
20240115,15:10:40,320.55,50,170650
20240115,15:10:43,321.45,100,170650
20240115,15:10:50,321.65,50,170650
20240115,15:10:57,322.2,100,170650
20240115,15:10:59,320.5,650,170650
20240115,15:11:11,319.8,900,170650
20240115,15:11:13,318.0,500,170650
20240115,15:11:18,315.0,100,170650
20240115,15:11:28,312.3,50,170650
20240115,15:11:30,312.45,100,170650
20240115,15:11:31,312.0,100,170650
20240115,15:11:39,312.5,50,170650
20240115,15:11:44,311.0,50,170650
20240115,15:11:47,311.2,750,170650
20240115,15:12:10,314.4,250,170650
20240115,15:12:17,313.6,50,171700
