date,time,tick_price,volume,open_interest
20231128,09:16:15,89.8,200,950
20231128,09:16:21,89.3,50,950
20231128,09:16:42,89.05,100,950
20231128,09:16:55,89.3,50,950
20231128,09:17:15,89.35,50,950
20231128,09:17:21,89.7,500,950
20231128,09:30:39,89.55,300,950
20231128,09:41:59,89.1,50,650
20231128,09:42:07,89.4,50,650
20231128,09:42:43,89.4,50,650
20231128,09:51:50,87.7,50,500
20231128,09:52:05,87.7,100,500
20231128,09:52:36,87.7,50,500
20231128,10:20:32,91.3,150,400
20231128,10:32:47,91.3,150,250
20231128,11:13:06,86.05,200,100
20231128,11:13:57,86.05,150,100
20231128,11:19:25,85.85,150,350
20231128,12:45:48,84.35,50,500
20231128,14:35:25,75.4,200,550
20231128,15:28:09,71.05,200,750
20231129,09:38:48,61.05,1,950
20231129,09:38:48,61.05,50,950
20231129,09:39:12,62.25,100,950
20231129,09:39:20,62.25,50,950
20231129,12:23:55,64.35,50,1100
20231130,13:17:25,64.35,1,1150
20231130,13:17:25,64.35,50,1150
20231229,09:45:23,1.45,1,1150
20231229,09:45:23,1.45,250,1150
20231229,09:45:30,1.45,250,1150
20231229,09:46:03,1.45,250,1150
20231229,09:46:05,1.45,150,1150
20231229,09:46:28,1.5,500,1150
20231229,09:46:29,1.5,400,1150
20231229,09:46:31,1.55,400,1150
20231229,09:47:01,1.55,1900,1150
20231229,09:49:07,1.55,150,3150
20231229,09:49:09,1.5,50,3150
20231229,09:49:11,1.5,250,3150
20231229,09:49:15,1.5,250,3150
20231229,09:49:52,1.5,50,3150
20231229,09:49:54,1.5,150,3150
20231229,09:49:55,1.5,250,3150
20231229,09:49:56,1.5,50,3150
20231229,09:49:57,1.5,100,3150
20231229,09:49:58,1.6,150,3150
20231229,09:50:11,1.55,150,3850
20231229,09:51:31,1.55,100,3850
20231229,09:51:54,1.45,150,3850
20231229,09:53:06,1.4,150,3850
20231229,09:53:10,1.4,300,3850
20231229,09:54:39,1.4,50,3450
20231229,09:55:19,1.45,500,3450
20231229,09:55:35,1.45,100,3450
20231229,09:55:44,1.4,100,3450
20231229,09:55:56,1.4,100,3450
20231229,09:56:01,1.35,150,3450
20231229,09:56:29,1.25,1500,3450
20231229,09:56:40,1.3,50,3550
20231229,09:56:57,1.3,50,3550
20231229,09:57:01,1.3,50,3550
20231229,09:57:04,1.25,100,3550
20231229,09:57:17,1.25,50,3550
20231229,09:59:17,1.2,150,3700
20231229,10:00:01,1.2,450,3700
20231229,10:00:03,1.25,50,3700
20231229,10:00:19,1.25,350,3700
20231229,10:02:08,1.35,50,3700
20231229,10:05:33,1.35,50,3700
20231229,10:05:48,1.3,250,3700
20231229,10:06:03,1.3,100,3700
20231229,10:07:30,1.3,50,3700
20231229,10:08:51,1.25,250,3650
20231229,10:09:00,1.2,100,3650
20231229,10:13:54,1.2,2000,3650
20231229,10:13:55,1.2,1650,3600
20231229,10:13:58,1.2,400,3600
20231229,10:15:18,1.2,250,3600
20231229,10:17:01,1.15,2400,5100
20231229,10:17:06,1.15,50,5100
20231229,10:17:08,1.1,250,5100
20231229,10:17:20,1.1,50,5100
20231229,10:17:51,1.2,50,7900
20231229,10:21:26,1.2,100,7900
20231229,10:21:28,1.2,250,7750
20231229,10:21:34,1.2,100,7750
20231229,10:23:44,1.25,50,7750
20231229,10:24:03,1.25,50,7750
20231229,10:24:15,1.25,50,7750
20231229,10:24:21,1.25,250,7750
20231229,10:24:21,1.3,50,7750
20231229,10:24:33,1.25,50,7750
20231229,10:24:50,1.25,50,7750
20231229,10:25:13,1.25,50,7750
20231229,10:25:26,1.25,50,7750
20231229,10:25:27,1.25,200,7750
20231229,10:26:10,1.25,250,7750
20231229,10:26:11,1.35,1800,7750
20231229,10:26:11,1.35,1850,7750
20231229,10:26:13,1.35,200,7750
20231229,10:27:30,1.5,50,9300
20231229,10:27:36,1.4,250,9300
20231229,10:27:41,1.45,1350,9300
20231229,10:27:42,1.5,500,9300
20231229,10:28:43,1.4,250,9300
20231229,10:30:46,1.55,50,9600
20231229,10:32:08,1.45,2300,9600
20231229,10:32:30,1.45,1500,9600
20231229,10:36:40,1.5,1800,9450
20231229,10:36:43,1.5,300,10750
20231229,10:42:28,1.65,950,10300
20231229,10:43:40,1.9,150,10300
20231229,10:43:53,1.65,50,10300
20231229,10:44:05,1.6,50,10300
20231229,10:44:47,1.6,1800,11000
20231229,10:44:49,1.65,300,11000
20231229,10:45:03,1.65,300,11000
20231229,10:45:05,1.7,1850,11000
20231229,10:45:16,1.6,1800,11000
20231229,10:45:19,1.6,1800,11000
20231229,10:45:22,1.6,1350,11000
20231229,10:47:35,1.55,250,11000
20231229,10:47:43,1.5,200,15050
20231229,10:48:16,1.55,250,15050
20231229,10:49:07,1.5,100,15050
20231229,10:49:41,1.45,50,15050
20231229,10:50:30,1.5,250,15100
20231229,10:50:50,1.45,50,15100
20231229,10:54:06,1.45,50,15100
20231229,10:54:09,1.45,50,15050
20231229,10:54:48,1.45,50,15050
20231229,10:58:01,1.5,50,15050
20231229,10:58:28,1.5,350,15050
20231229,11:01:55,1.45,350,15050
20231229,11:01:56,1.45,50,15050
20231229,11:03:55,1.45,50,15050
20231229,11:04:22,1.4,50,15050
20231229,11:04:38,1.4,250,15050
20231229,11:07:30,1.45,50,15050
20231229,11:07:50,1.45,100,15050
20231229,11:14:48,1.35,50,15050
20231229,11:18:01,1.35,200,15050
20231229,11:18:02,1.35,100,15050
20231229,11:21:03,1.35,350,14850
20231229,11:24:28,1.3,250,14800
20231229,11:29:22,1.3,200,14800
20231229,11:32:55,1.35,400,14950
20231229,11:35:35,1.35,50,15350
20231229,11:35:45,1.35,50,15350
20231229,11:38:31,1.35,50,15350
20231229,11:39:20,1.35,50,15250
20231229,11:39:57,1.35,50,15250
20231229,11:44:22,1.45,50,15100
20231229,11:44:56,1.4,50,15100
20231229,11:48:20,1.35,50,15100
20231229,11:50:18,1.4,50,15150
20231229,11:54:11,1.4,250,15150
20231229,11:54:27,1.4,150,15150
20231229,12:03:07,1.35,1000,15150
20231229,12:09:41,1.35,250,16550
20231229,12:16:07,1.45,600,16800
20231229,12:16:07,1.6,100,16800
20231229,12:16:56,1.4,150,16800
20231229,12:17:00,1.4,50,16800
20231229,12:17:01,1.4,50,16800
20231229,12:17:02,1.4,50,16800
20231229,12:17:03,1.4,50,16800
20231229,12:17:05,1.4,50,16800
20231229,12:19:04,1.4,50,16800
20231229,12:19:14,1.4,250,16900
20231229,12:19:15,1.5,1200,16900
20231229,12:19:25,1.5,200,16900
20231229,12:24:27,1.5,250,17000
20231229,12:28:42,1.45,250,17250
20231229,12:28:43,1.5,50,17250
20231229,12:28:44,1.5,50,17250
20231229,12:28:45,1.5,100,17250
20231229,12:28:48,1.5,50,17250
20231229,12:28:55,1.45,250,17250
20231229,12:29:16,1.5,50,17250
20231229,12:29:44,1.5,50,17550
20231229,12:32:05,1.5,50,17550
20231229,12:36:43,1.4,50,17650
20231229,12:40:03,1.45,200,17650
20231229,12:53:09,1.4,300,17650
20231229,13:21:51,1.4,550,17650
20231229,13:27:04,1.35,50,17650
20231229,13:43:29,1.35,50,18200
20231229,13:43:30,1.35,50,18200
20231229,13:43:31,1.35,50,18200
20231229,13:43:38,1.35,100,18200
20231229,13:50:36,1.4,1650,18200
20231229,13:50:59,1.4,50,18050
20231229,13:51:02,1.5,900,18050
20231229,13:51:16,1.45,50,18050
20231229,13:51:23,1.55,750,18050
20231229,13:51:25,1.5,500,18050
20231229,13:52:03,1.45,200,18050
20231229,13:52:03,1.5,300,18050
20231229,13:53:33,1.65,800,18050
20231229,13:53:33,1.6,1400,18050
20231229,13:53:50,1.55,250,18050
20231229,13:53:53,1.55,250,19450
20231229,13:53:56,1.55,250,19450
20231229,13:53:59,1.55,250,19450
20231229,13:54:06,1.65,1450,19450
20231229,13:54:06,1.65,1600,19450
20231229,13:54:12,1.7,1050,19450
20231229,13:54:16,1.6,500,19450
20231229,13:54:21,1.6,500,19450
20231229,13:54:35,1.6,250,19450
20231229,13:54:39,1.7,250,19450
20231229,13:55:55,1.6,800,19450
20231229,13:56:01,1.65,500,19450
20231229,13:56:10,1.65,300,19450
20231229,13:56:27,1.65,400,19450
20231229,14:02:59,1.6,200,22900
20231229,14:03:01,1.6,50,22900
20231229,14:03:22,1.6,50,22900
20231229,14:08:19,1.6,50,22900
20231229,14:10:19,1.6,250,23000
20231229,14:11:29,1.6,150,23000
20231229,14:12:33,1.6,1200,23000
20231229,14:12:34,1.5,900,23150
20231229,14:12:36,1.5,1500,23150
20231229,14:12:49,1.5,150,23150
20231229,14:12:51,1.5,150,23150
20231229,14:13:42,1.5,150,23150
20231229,14:14:03,1.5,150,23150
20231229,14:14:03,1.5,50,23150
20231229,14:14:05,1.5,150,23150
20231229,14:14:05,1.55,650,23150
20231229,14:14:09,1.45,250,23150
20231229,14:14:32,1.55,300,23150
20231229,14:17:02,1.5,50,24950
20231229,14:17:05,1.5,50,24950
20231229,14:17:08,1.4,700,24950
20231229,14:24:22,1.55,2350,25250
20231229,14:24:29,1.4,1050,25250
20231229,14:24:30,1.4,1650,25250
20231229,14:24:47,1.35,100,25250
20231229,14:24:51,1.3,550,25250
20231229,14:24:52,1.4,250,25250
20231229,14:24:58,1.45,100,25250
20231229,14:26:31,1.4,50,25250
20231229,14:26:44,1.45,250,25250
20231229,14:28:13,1.4,1350,25850
20231229,14:29:38,1.4,50,25850
20231229,14:30:18,1.4,150,25850
20231229,14:30:24,1.25,100,25450
20231229,14:30:43,1.4,50,25450
20231229,14:34:53,1.35,200,25250
20231229,14:35:32,1.35,50,25250
20231229,14:35:41,1.35,50,25250
20231229,14:36:22,1.35,50,25050
20231229,14:38:26,1.35,400,25050
20231229,14:38:26,1.35,50,25050
20231229,14:42:04,1.4,100,25050
20231229,14:42:15,1.4,50,25050
20231229,14:52:45,1.4,200,25050
20231229,14:52:58,1.35,50,25050
20231229,14:53:18,1.35,250,25050
20231229,14:53:23,1.35,50,25050
20231229,14:53:25,1.35,200,25050
20231229,14:53:37,1.35,250,25050
20231229,14:53:53,1.35,50,25050
20231229,14:58:24,1.4,400,25650
20231229,15:00:28,1.35,250,25050
20231229,15:01:43,1.45,4050,25050
20231229,15:01:43,1.45,600,25050
20231229,15:01:45,1.4,50,25050
20231229,15:01:48,1.45,2400,25050
20231229,15:01:57,1.45,1150,25050
20231229,15:03:46,1.45,50,25050
20231229,15:04:05,1.5,1600,23750
20231229,15:04:32,1.5,50,23750
20231229,15:04:42,1.55,350,23750
20231229,15:04:45,1.6,350,23750
20231229,15:04:52,1.5,1700,23750
20231229,15:05:21,1.6,4750,23750
20231229,15:05:22,1.65,1800,23750
20231229,15:05:27,1.55,250,23750
20231229,15:06:11,1.55,500,23750
20231229,15:06:25,1.55,1000,28550
20231229,15:09:40,1.5,100,28550
20231229,15:11:11,1.5,100,29650
20231229,15:11:48,1.55,750,29650
20231229,15:12:35,1.55,650,29000
20231229,15:12:44,1.5,100,29000
20231229,15:14:03,1.5,100,29000
20231229,15:14:05,1.5,50,29000
20231229,15:14:28,1.5,50,29000
20231229,15:14:32,1.45,400,29000
20231229,15:14:37,1.5,250,29000
20231229,15:14:38,1.5,500,29000
20231229,15:15:07,1.5,250,29000
20231229,15:15:52,1.45,1200,28900
20231229,15:17:55,1.55,600,28900
20231229,15:22:21,1.45,1350,28900
20231229,15:22:25,1.45,50,30400
20231229,15:22:35,1.45,50,30400
20231229,15:23:24,1.5,1300,30400
20231229,15:28:24,1.45,250,30400
20231229,15:29:39,1.4,450,28950
20240101,09:15:00,1.4,1,27400
20240101,09:15:00,1.4,100,27400
20240101,09:15:01,1.4,50,27400
20240101,09:15:02,1.4,100,27400
20240101,09:15:04,1.4,100,27400
20240101,09:15:05,1.4,400,27400
20240101,09:15:06,1.55,50,27400
20240101,09:16:36,1.55,100,27400
20240101,09:17:21,1.3,350,27400
20240101,09:17:22,1.35,50,28200
20240101,09:17:24,1.4,50,28200
20240101,09:17:31,1.35,500,28200
20240101,09:18:47,1.3,100,28200
20240101,09:19:14,1.25,50,28200
20240101,09:21:02,1.25,500,27900
20240101,09:25:06,1.35,50,27900
20240101,09:27:44,1.3,300,27900
20240101,09:27:45,1.35,100,27900
20240101,09:28:13,1.3,550,27900
20240101,09:28:33,1.3,100,27900
20240101,09:29:12,1.3,100,27900
20240101,09:30:57,1.3,150,27350
20240101,09:36:39,1.25,250,27350
20240101,09:36:48,1.25,100,27250
20240101,09:37:52,1.25,500,27250
20240101,09:38:48,1.3,50,27200
20240101,09:38:48,1.2,350,27200
20240101,09:38:49,1.2,100,27200
20240101,09:39:25,1.25,50,27200
20240101,09:39:32,1.25,50,27200
20240101,09:39:41,1.25,50,27200
20240101,09:39:48,1.25,50,27200
20240101,09:39:53,1.25,300,27200
20240101,09:43:26,1.25,100,27200
20240101,09:45:39,1.3,150,27150
20240101,09:48:08,1.3,1200,27150
20240101,09:48:31,1.3,150,27050
20240101,09:48:32,1.3,100,27050
20240101,09:49:45,1.3,50,27050
20240101,09:52:31,1.35,200,27200
20240101,09:52:39,1.35,300,27200
20240101,09:52:56,1.35,100,27200
20240101,09:53:09,1.4,100,27200
20240101,09:54:20,1.3,100,27200
20240101,09:54:53,1.5,50,27200
20240101,09:55:05,1.35,250,27200
20240101,09:55:06,1.4,650,27200
20240101,09:55:09,1.35,50,27200
20240101,09:55:10,1.35,250,27200
20240101,09:55:11,1.45,1850,27200
20240101,09:55:12,1.35,50,27200
20240101,09:55:13,1.5,1650,27200
20240101,09:55:17,1.4,350,27200
20240101,09:55:18,1.6,1150,27200
20240101,09:57:06,1.55,1600,27200
20240101,09:57:22,1.6,150,31650
20240101,09:58:06,1.55,100,31650
20240101,09:58:14,1.55,200,31650
20240101,09:58:36,1.6,1250,31650
20240101,09:58:47,1.5,50,31650
20240101,09:59:35,1.5,200,31650
20240101,09:59:51,1.45,250,34450
20240101,10:01:40,1.45,550,34450
20240101,10:01:51,1.45,100,34450
20240101,10:02:52,1.4,200,34450
20240101,10:03:42,1.35,200,34800
20240101,10:03:45,1.35,200,34800
20240101,10:07:08,1.4,50,35100
20240101,10:07:17,1.4,50,35100
20240101,10:08:40,1.4,200,35100
20240101,10:09:00,1.4,150,35100
20240101,10:11:41,1.45,150,35050
20240101,10:12:02,1.4,50,35050
20240101,10:17:45,1.4,450,34850
20240101,10:17:48,1.35,450,34850
20240101,10:21:28,1.35,200,34850
20240101,10:21:47,1.35,50,34600
20240101,10:24:31,1.2,1600,34600
20240101,10:24:36,1.25,350,34600
20240101,10:28:23,1.3,50,34600
20240101,10:28:37,1.3,100,33050
20240101,10:33:33,1.25,200,32900
20240101,10:47:32,1.15,150,32900
20240101,10:51:01,1.15,150,33100
20240101,10:51:10,1.3,150,33100
20240101,10:55:19,1.25,250,33100
20240101,10:56:59,1.25,200,33150
20240101,10:57:13,1.25,100,33150
20240101,11:02:00,1.35,50,33150
20240101,11:04:26,1.3,400,33200
20240101,11:19:30,1.3,150,33200
20240101,11:21:39,1.25,300,33200
20240101,11:23:33,1.2,50,33500
20240101,11:31:32,1.3,450,33500
20240101,11:31:33,1.2,100,33500
20240101,11:31:44,1.3,250,33500
20240101,11:35:18,1.3,150,33100
20240101,11:35:21,1.3,150,33100
20240101,11:37:46,1.2,50,32800
20240101,11:51:35,1.2,200,32800
20240101,11:51:36,1.2,100,32850
20240101,11:55:53,1.25,50,32850
20240101,11:58:27,1.25,150,32850
20240101,12:04:13,1.25,150,32850
20240101,12:10:25,1.25,1850,32600
20240101,12:10:59,1.3,200,32600
20240101,12:11:08,1.4,50,32600
20240101,12:11:12,1.25,300,32600
20240101,12:11:13,1.3,1100,32600
20240101,12:11:21,1.3,600,32600
20240101,12:11:26,1.3,50,32600
20240101,12:11:28,1.3,450,32600
20240101,12:11:31,1.3,100,32600
20240101,12:11:32,1.35,50,32600
20240101,12:11:33,1.1,2550,32600
20240101,12:12:08,1.35,1600,34600
20240101,12:12:09,1.35,1950,34600
20240101,12:12:10,1.25,2150,34600
20240101,12:12:13,1.5,2050,34600
20240101,12:12:13,1.4,800,34600
20240101,12:12:14,1.3,800,34600
20240101,12:12:15,1.4,450,34600
20240101,12:12:17,1.4,3750,34600
20240101,12:12:18,1.35,100,34600
20240101,12:12:19,1.4,1500,34600
20240101,12:12:20,1.45,7850,34600
20240101,12:12:21,1.5,3300,34600
20240101,12:12:22,1.95,6550,34600
20240101,12:12:23,1.4,2400,34600
20240101,12:12:45,1.4,1350,34600
20240101,12:12:46,1.4,3400,34600
20240101,12:13:13,1.35,500,34600
20240101,12:13:39,1.35,50,34600
20240101,12:13:47,1.35,400,34600
20240101,12:14:09,1.35,150,34600
20240101,12:14:31,1.4,200,34600
20240101,12:16:09,1.4,2250,39350
20240101,12:16:10,1.35,800,39350
20240101,12:16:11,1.45,1700,39350
20240101,12:16:45,1.4,100,39350
20240101,12:16:49,1.35,50,39350
20240101,12:17:57,1.4,150,39100
20240101,12:18:05,1.35,300,39100
20240101,12:19:06,1.3,50,39100
20240101,12:20:08,1.3,250,39100
20240101,12:24:14,1.25,200,39100
20240101,12:24:36,1.25,50,39100
20240101,12:25:39,1.25,50,39100
20240101,12:26:09,1.25,100,39100
20240101,12:26:12,1.25,150,39100
20240101,12:26:15,1.25,150,39100
20240101,12:30:17,1.25,100,39100
20240101,12:30:20,1.25,100,38600
20240101,12:30:40,1.2,50,38600
20240101,12:31:13,1.25,600,38600
20240101,12:31:19,1.25,100,38600
20240101,12:32:35,1.25,100,38600
20240101,12:34:05,1.2,50,37850
20240101,12:42:52,1.25,150,37850
20240101,12:45:14,1.15,200,37850
20240101,12:47:52,1.25,300,37750
20240101,12:47:52,1.2,50,37900
20240101,12:47:53,1.35,150,37900
20240101,12:52:41,1.25,300,37700
20240101,12:54:46,1.25,750,37600
20240101,13:47:41,1.3,100,37000
20240101,13:48:55,1.3,350,37000
20240101,13:53:26,1.35,50,37100
20240101,13:58:28,1.35,150,37150
20240101,13:58:32,1.4,450,37150
20240101,13:58:48,1.4,1900,37150
20240101,13:58:49,1.4,100,37150
20240101,13:58:50,1.55,150,37150
20240101,13:58:52,1.5,50,37150
20240101,13:58:56,1.5,50,37150
20240101,13:59:07,1.5,1050,37150
20240101,14:02:43,1.55,1600,40150
20240101,14:02:50,1.55,350,40150
20240101,14:02:59,1.6,100,41300
20240101,14:03:27,1.6,150,41300
20240101,14:04:18,1.6,150,41300
20240101,14:04:48,1.65,100,41300
20240101,14:05:13,1.7,50,41300
20240101,14:05:18,1.75,100,41300
20240101,14:05:28,1.85,300,41300
20240101,14:06:17,1.65,250,41300
20240101,14:06:36,1.8,50,41700
20240101,14:07:41,2.0,2500,41700
20240101,14:07:42,2.0,50,41700
20240101,14:07:56,1.75,300,41700
20240101,14:08:03,1.75,300,41700
20240101,14:08:06,1.8,400,41700
20240101,14:08:15,1.7,700,41700
20240101,14:08:26,1.65,400,41700
20240101,14:08:28,1.7,750,41700
20240101,14:08:38,1.7,250,41700
20240101,14:09:30,1.7,750,41700
20240101,14:09:45,1.75,50,45250
20240101,14:10:25,1.7,50,45250
20240101,14:10:57,1.75,1450,45250
20240101,14:11:03,1.6,350,45250
20240101,14:11:05,1.65,300,45250
20240101,14:11:06,1.65,1000,45250
20240101,14:12:27,1.7,150,47700
20240101,14:14:47,1.8,100,47700
20240101,14:14:53,1.8,200,47700
20240101,14:15:01,1.7,150,47800
20240101,14:15:05,1.8,800,47800
20240101,14:15:09,1.7,150,47800
20240101,14:15:10,1.7,150,47800
20240101,14:15:16,1.8,900,47800
20240101,14:15:18,1.7,150,47800
20240101,14:15:26,1.75,150,47800
20240101,14:15:27,1.7,150,47800
20240101,14:16:01,1.65,50,47800
20240101,14:16:21,1.8,1100,47800
20240101,14:16:27,1.7,150,47800
20240101,14:16:28,1.8,50,47800
20240101,14:16:30,1.85,50,47800
20240101,14:17:33,1.85,50,47800
20240101,14:17:58,1.9,150,47800
20240101,14:18:01,1.9,550,50200
20240101,14:18:05,2.0,550,50200
20240101,14:18:06,1.95,50,50200
20240101,14:18:08,2.0,150,50200
20240101,14:18:14,2.0,450,50200
20240101,14:18:50,2.05,2750,50200
20240101,14:18:52,0.7,50,50200
20240101,14:18:57,1.95,250,50200
20240101,14:19:04,2.0,200,50200
20240101,14:19:06,1.35,150,50200
20240101,14:19:07,1.4,100,50200
20240101,14:19:16,1.85,650,50200
20240101,14:20:20,1.85,50,50200
20240101,14:21:52,1.85,50,48950
20240101,14:21:57,1.85,200,48950
20240101,14:22:39,1.8,50,48950
20240101,14:23:37,1.8,100,48950
20240101,14:24:29,1.85,300,48950
20240101,14:25:35,1.5,26150,48900
20240101,14:25:37,1.5,650,48900
20240101,14:25:38,1.45,50,48900
20240101,14:25:39,1.5,50,48900
20240101,14:25:41,1.5,1500,48900
20240101,14:25:42,1.5,2000,48900
20240101,14:25:47,1.6,350,48900
20240101,14:26:50,1.6,1300,48900
20240101,14:27:28,1.65,200,54900
20240101,14:28:05,1.65,200,54900
20240101,14:28:12,1.6,100,54900
20240101,14:28:13,1.6,300,54900
20240101,14:28:48,1.6,100,54900
20240101,14:29:45,1.6,300,54900
20240101,14:29:46,1.6,50,54900
20240101,14:29:59,1.65,250,54900
20240101,14:30:36,1.65,300,54750
20240101,14:30:55,1.65,50,54750
20240101,14:31:11,1.65,250,54750
20240101,14:31:15,1.65,50,54750
20240101,14:31:36,1.7,550,54750
20240101,14:32:02,1.7,1300,54750
20240101,14:32:16,1.7,250,54750
20240101,14:32:44,1.7,300,54750
20240101,14:32:45,1.7,50,54750
20240101,14:33:45,1.65,50,53950
20240101,14:33:55,1.65,50,53950
20240101,14:35:43,1.65,50,53950
20240101,14:40:17,1.65,250,53950
20240101,14:40:17,1.65,2500,53950
20240101,14:40:38,1.65,300,53950
20240101,14:42:49,1.65,500,51900
20240101,14:42:57,1.7,50,51900
20240101,14:43:15,1.75,50,51900
20240101,14:43:18,1.75,50,51900
20240101,14:43:23,1.75,150,51900
20240101,14:43:50,1.75,50,51900
20240101,14:44:02,1.85,1150,51900
20240101,14:44:03,1.8,150,51900
20240101,14:44:40,1.9,1550,51900
20240101,14:44:46,1.95,2850,51900
20240101,14:44:52,1.85,150,51900
20240101,14:46:03,1.95,250,54800
20240101,14:46:49,1.9,100,54800
20240101,14:46:57,1.9,250,54800
20240101,14:47:13,1.9,50,54800
20240101,14:47:15,1.85,2100,54800
20240101,14:49:12,1.85,400,53350
20240101,14:49:16,1.85,100,53350
20240101,14:49:31,1.85,250,53350
20240101,14:50:16,1.85,250,53350
20240101,14:50:21,1.85,250,53350
20240101,14:51:47,1.85,250,53350
20240101,14:53:06,1.85,50,52750
20240101,14:54:28,1.8,150,52750
20240101,14:58:37,1.85,100,52750
20240101,14:58:39,1.85,50,52900
20240101,15:01:24,1.8,250,52900
20240101,15:03:14,1.65,50,53250
20240101,15:10:22,1.65,250,53300
20240101,15:10:24,1.65,150,53300
20240101,15:11:23,1.6,350,53300
20240101,15:11:55,1.55,50,53300
20240101,15:14:57,1.4,450,53700
20240101,15:20:45,1.6,3600,53300
20240101,15:20:46,1.6,1400,53300
20240101,15:20:48,1.45,50,53300
20240101,15:20:50,1.45,50,53300
20240101,15:21:09,1.4,100,53300
20240101,15:22:27,1.45,500,58200
20240101,15:25:31,1.35,50,58200
20240101,15:25:32,1.35,550,58750
20240101,15:25:33,1.4,250,58750
20240101,15:25:34,1.3,50,58750
20240101,15:25:44,1.3,100,58750
20240101,15:25:51,1.3,50,58750
20240101,15:25:58,1.35,50,58750
20240101,15:26:00,1.3,50,58750
20240101,15:26:56,1.3,50,58750
20240101,15:27:11,1.25,50,58750
20240101,15:27:34,1.3,550,58150
20240101,15:28:20,1.3,50,58150
20240101,15:28:27,1.3,50,58150
20240101,15:28:34,1.35,150,58150
20240101,15:28:38,1.35,150,58150
20240101,15:28:51,1.45,9950,58150
20240101,15:28:52,1.45,950,58150
20240101,15:28:53,1.45,600,58150
20240101,15:28:55,1.45,1600,58150
20240101,15:28:58,1.45,50,58150
20240101,15:29:00,1.45,250,58150
20240101,15:29:14,1.45,50,58150
20240101,15:29:29,1.4,100,58150
20240101,15:29:48,1.45,1050,58150
20240101,15:29:49,1.45,200,58150
20240101,15:29:51,1.45,50,58150
20240101,15:29:56,1.45,50,58150
20240102,09:16:45,1.15,1,57300
20240102,09:16:45,1.15,100,57300
20240102,09:17:17,1.2,50,57300
20240102,09:23:55,1.2,150,57300
20240102,09:25:10,1.1,50,57400
20240102,09:26:41,1.1,400,57400
20240102,09:37:47,1.4,3600,57350
20240102,09:37:48,0.6,2150,57500
20240102,09:38:03,1.2,1900,57500
20240102,09:38:18,1.2,300,57500
20240102,09:38:24,1.2,1400,57500
20240102,09:38:30,1.2,200,55000
20240102,09:40:00,1.2,400,55000
20240102,09:40:04,1.2,600,55000
20240102,09:40:26,1.2,100,55000
20240102,09:40:46,1.15,250,55000
20240102,09:45:21,1.2,350,55000
20240102,09:45:23,1.2,50,52600
20240102,09:45:26,1.2,50,52600
20240102,09:45:43,1.2,50,52600
20240102,09:45:59,1.2,250,52600
20240102,09:46:13,1.2,400,52600
20240102,09:46:18,1.2,600,52600
20240102,09:46:24,1.25,200,52600
20240102,09:49:25,1.15,250,52450
20240102,09:51:11,1.15,250,52600
20240102,09:55:50,1.25,1000,52600
20240102,09:57:19,1.15,250,52600
20240102,09:57:41,1.15,250,53600
20240102,09:57:50,1.15,250,53600
20240102,09:57:59,1.15,250,53600
20240102,09:58:05,1.15,1800,53600
20240102,09:58:08,1.15,300,53600
20240102,09:58:14,1.15,1000,53600
20240102,09:58:15,1.15,1700,53600
20240102,09:58:26,1.1,1800,53600
20240102,09:58:29,1.1,300,53600
20240102,09:58:31,1.1,500,53600
20240102,09:58:38,1.1,100,53600
20240102,09:58:39,1.1,100,53600
20240102,09:58:43,1.1,1900,53600
20240102,10:00:07,1.05,1000,52250
20240102,10:00:08,1.05,500,52250
20240102,10:00:09,1.05,1150,52250
20240102,10:00:10,1.05,1100,52250
20240102,10:00:14,1.05,100,52250
20240102,10:00:15,1.0,950,52250
20240102,10:00:20,0.95,150,52250
20240102,10:00:27,0.95,1200,52250
20240102,10:00:35,0.95,1300,52250
20240102,10:00:41,0.95,1950,52250
20240102,10:00:49,0.95,50,52250
20240102,10:01:12,0.9,2250,52250
20240102,10:01:16,0.9,150,52250
20240102,10:01:59,1.05,900,52250
20240102,10:02:01,1.05,450,52250
20240102,10:02:03,1.05,300,52250
20240102,10:03:08,0.95,5700,44700
20240102,10:03:48,0.95,550,44700
20240102,10:04:00,1.05,50,44700
20240102,10:08:28,1.0,50,44700
20240102,10:13:33,1.05,50,45000
20240102,10:13:49,1.0,350,45050
20240102,10:14:17,1.05,500,45050
20240102,10:15:34,1.0,100,45050
20240102,10:16:17,1.05,2400,45200
20240102,10:18:50,1.0,250,46550
20240102,10:28:12,1.0,1700,46550
20240102,10:28:13,1.05,50,46550
20240102,10:30:28,1.05,250,45150
20240102,10:30:33,0.9,500,45150
20240102,10:31:12,0.85,400,45150
20240102,10:31:46,0.85,350,45150
20240102,10:31:48,0.9,200,45150
20240102,10:31:50,0.8,250,45150
20240102,10:31:53,0.8,50,45150
20240102,10:32:04,0.9,150,45150
20240102,10:32:21,0.8,100,45150
20240102,10:32:30,0.8,50,45150
20240102,10:32:59,0.8,50,45150
20240102,10:33:00,0.8,50,44100
20240102,10:33:05,0.9,250,44100
20240102,10:33:19,0.85,250,44100
20240102,10:33:44,0.9,100,44100
20240102,10:34:29,0.8,900,44100
20240102,10:36:39,0.9,50,43450
20240102,10:36:39,0.85,50,43450
20240102,10:36:44,0.9,50,43450
20240102,10:36:47,0.9,50,43450
20240102,10:36:50,0.9,100,43450
20240102,10:36:58,0.9,50,43450
20240102,10:37:05,0.9,450,43450
20240102,10:39:02,1.0,50,43450
20240102,10:39:35,1.0,150,43250
20240102,10:39:38,1.05,50,43250
20240102,10:39:41,1.05,150,43250
20240102,10:39:52,1.1,50,43250
20240102,10:41:16,0.9,50,43250
20240102,10:41:41,0.9,250,43250
20240102,10:41:45,1.0,200,43050
20240102,10:42:06,0.9,100,43050
20240102,10:42:14,1.0,50,43050
20240102,10:51:31,0.85,450,43050
20240102,10:51:33,0.95,400,42950
20240102,10:52:41,0.95,250,42950
20240102,10:55:09,0.9,1750,42950
20240102,10:58:38,1.0,50,44100
20240102,11:01:14,1.0,50,44100
20240102,11:02:44,0.9,250,44200
20240102,11:02:51,0.9,250,44200
20240102,11:11:23,0.9,200,44600
20240102,11:13:06,0.85,50,44700
20240102,11:13:12,0.95,900,44700
20240102,11:19:00,1.0,150,44300
20240102,11:20:10,1.05,200,44300
20240102,11:23:59,0.9,200,44150
20240102,11:28:38,1.0,100,44150
20240102,11:46:28,1.0,1250,44250
20240102,11:46:50,1.0,100,44250
20240102,11:51:04,0.95,1400,44250
20240102,11:51:21,1.05,500,43550
20240102,11:53:39,0.95,350,43550
20240102,12:02:14,0.95,400,43550
20240102,12:02:17,0.95,600,43200
20240102,12:04:07,1.0,2050,43200
20240102,12:06:10,1.0,150,41350
20240102,12:06:11,0.9,200,41350
20240102,12:09:15,0.9,250,41500
20240102,12:09:28,0.9,50,41500
20240102,12:10:09,0.85,250,41500
20240102,12:11:12,0.9,1000,41500
20240102,12:11:16,0.8,50,41500
20240102,12:14:59,0.85,50,41750
20240102,12:15:00,0.85,50,41750
20240102,12:15:01,0.85,50,41750
20240102,12:15:02,0.85,100,41750
20240102,12:17:09,0.8,50,41750
20240102,12:26:50,0.8,250,42000
20240102,12:26:53,0.8,50,42000
20240102,12:27:22,0.9,400,42000
20240102,12:51:06,0.8,650,42000
20240102,12:51:07,0.8,100,41800
20240102,13:02:47,0.9,250,41800
20240102,13:04:17,0.9,50,42400
20240102,13:04:20,0.9,50,42400
20240102,13:04:50,0.9,50,42400
20240102,13:08:22,0.85,100,42400
20240102,13:36:16,0.85,100,42400
20240102,13:47:46,0.9,600,42400
20240102,13:49:26,0.9,400,42350
20240102,14:01:04,0.9,400,41750
20240102,14:12:53,0.95,250,42150
20240102,14:12:57,0.95,200,41750
20240102,14:17:22,1.0,350,41300
20240102,14:17:37,1.0,200,41300
20240102,14:17:38,1.1,2650,41300
20240102,14:17:39,1.1,2100,41300
20240102,14:17:40,1.0,350,41300
20240102,14:17:54,1.1,550,41300
20240102,14:18:15,1.1,1000,45000
20240102,14:18:19,1.1,50,45000
20240102,14:18:29,1.15,950,45000
20240102,14:20:55,1.15,1900,45000
20240102,14:28:43,1.2,50,47900
20240102,14:33:54,1.2,250,47900
20240102,14:33:54,1.2,100,47950
20240102,14:34:25,1.2,250,47950
20240102,14:34:26,1.2,50,47950
20240102,14:34:36,1.2,100,47950
20240102,14:35:38,1.1,50,47950
20240102,14:36:00,1.25,600,47950
20240102,14:36:41,1.25,250,48450
20240102,14:37:33,1.3,150,48450
20240102,14:37:45,1.3,250,48450
20240102,14:39:09,1.35,50,48850
20240102,14:39:10,1.35,800,48850
20240102,14:39:22,1.35,50,48850
20240102,14:39:32,1.35,500,48850
20240102,14:39:33,1.4,1850,48850
20240102,14:40:29,1.45,50,48850
20240102,14:40:37,1.5,200,48850
20240102,14:41:15,1.5,500,48850
20240102,14:41:19,1.45,250,48850
20240102,14:41:25,1.5,150,48850
20240102,14:42:57,1.35,50,51050
20240102,14:44:41,1.35,200,51050
20240102,14:48:48,1.35,500,51050
20240102,14:51:48,1.25,200,51050
20240102,14:51:56,1.3,100,50750
20240102,14:54:55,1.2,600,50800
20240102,14:55:44,1.3,600,50800
20240102,14:56:28,1.25,50,50800
20240102,14:57:10,1.2,500,50800
20240102,14:57:46,1.3,50,50750
20240102,14:58:29,1.15,50,50750
20240102,15:09:28,1.25,200,50750
20240102,15:09:57,1.2,250,51150
20240102,15:10:06,1.2,250,51150
20240102,15:10:07,1.2,100,51150
20240102,15:11:32,1.1,600,51150
20240102,15:12:13,1.05,200,51150
20240102,15:12:53,1.25,400,51150
20240102,15:12:55,1.25,200,51150
20240102,15:12:59,1.25,100,51150
20240102,15:13:18,1.3,1900,51150
20240102,15:15:29,1.1,400,50750
20240102,15:16:14,1.15,200,50750
20240102,15:16:41,1.15,300,50750
20240102,15:20:28,1.25,200,50650
20240102,15:20:37,1.25,100,50650
20240102,15:22:10,1.1,300,50650
20240102,15:23:04,1.15,100,50600
20240102,15:23:07,1.15,50,50600
20240102,15:23:28,1.15,100,50600
20240102,15:23:53,1.05,1550,50600
20240102,15:25:28,1.2,400,50650
20240102,15:25:45,1.25,50,50650
20240102,15:25:48,1.4,300,50650
20240102,15:25:50,1.4,250,50650
20240102,15:25:51,1.4,100,50650
20240102,15:25:57,1.4,100,50650
20240102,15:28:13,1.1,400,50650
20240102,15:28:30,1.4,900,50600
20240102,15:28:42,1.35,550,50600
20240102,15:29:38,1.0,400,50600
20240103,09:15:09,1.25,1,50600
20240103,09:15:09,1.25,50,50600
20240103,09:15:35,0.9,100,51500
20240103,09:16:01,0.9,50,51500
20240103,09:17:06,1.0,150,51500
20240103,09:17:49,0.95,200,51650
20240103,09:18:22,0.95,250,51650
20240103,09:18:22,0.95,50,51650
20240103,09:18:29,0.95,50,51650
20240103,09:18:34,0.95,50,51650
20240103,09:18:39,0.95,50,51650
20240103,09:25:30,1.1,50,51950
20240103,09:25:45,0.95,1900,51950
20240103,09:30:06,0.85,900,51950
20240103,09:30:07,0.85,100,52250
20240103,09:31:28,1.0,200,52250
20240103,09:32:17,1.0,200,52250
20240103,09:32:22,1.0,100,52250
20240103,09:32:46,1.0,100,51250
20240103,09:32:50,1.0,100,51250
20240103,09:35:08,0.85,50,51250
20240103,09:35:17,0.85,200,51250
20240103,09:41:01,0.85,50,51250
20240103,09:41:23,0.8,50,51300
20240103,09:41:30,0.8,100,51300
20240103,09:41:31,0.85,800,51250
20240103,09:41:31,0.7,2350,51250
20240103,09:41:44,0.8,400,51250
20240103,09:41:45,0.8,750,51250
20240103,09:42:08,0.75,200,51250
20240103,09:42:09,0.75,650,51250
20240103,09:42:14,0.7,50,51250
20240103,09:42:15,0.75,50,51250
20240103,09:43:58,0.65,250,51250
20240103,09:44:14,0.65,100,51250
20240103,09:44:28,0.65,500,51250
20240103,09:44:39,0.65,500,51250
20240103,09:44:45,0.65,800,48350
20240103,09:45:00,0.65,100,48350
20240103,09:45:29,0.65,50,48350
20240103,09:45:30,0.65,500,48350
20240103,09:45:44,0.65,200,48350
20240103,09:48:55,0.6,100,50000
20240103,09:49:09,0.6,150,50000
20240103,09:49:13,0.6,100,50000
20240103,09:49:18,0.6,150,50000
20240103,09:49:23,0.6,200,50000
20240103,09:49:26,0.7,200,50000
20240103,09:49:27,0.7,50,50000
20240103,09:49:29,0.6,200,50000
20240103,09:49:39,0.7,300,50000
20240103,09:50:30,0.75,50,50000
20240103,09:51:12,0.75,50,49850
20240103,09:51:42,0.6,50,49850
20240103,09:51:42,0.7,650,49850
20240103,09:51:47,0.65,700,49850
20240103,09:51:51,0.65,150,49850
20240103,09:52:10,0.65,250,49850
20240103,09:55:28,0.7,50,49850
20240103,09:55:29,0.7,2000,49500
20240103,09:55:35,0.7,50,49500
20240103,09:56:21,0.7,200,49500
20240103,09:56:48,0.7,50,50900
20240103,09:57:19,0.7,200,50900
20240103,09:57:26,0.7,50,50900
20240103,09:57:45,0.65,250,50900
20240103,09:57:46,0.7,600,50900
20240103,09:58:25,0.75,300,50900
20240103,09:59:22,0.7,200,50900
20240103,09:59:28,0.65,250,50900
20240103,09:59:50,0.65,350,50900
20240103,10:00:00,0.7,150,50900
20240103,10:00:02,0.75,200,50900
20240103,10:00:14,0.7,150,50900
20240103,10:00:23,0.65,200,50900
20240103,10:00:56,0.7,50,50900
20240103,10:04:05,0.65,200,50850
20240103,10:04:07,0.7,250,50850
20240103,10:05:42,0.75,100,50800
20240103,10:05:51,0.7,100,50800
20240103,10:06:52,0.65,50,50800
20240103,10:09:39,0.75,50,50800
20240103,10:10:14,0.65,200,50900
20240103,10:10:36,0.65,300,50900
20240103,10:10:48,0.7,200,50900
20240103,10:12:32,0.65,300,50850
20240103,10:12:53,0.65,200,50850
20240103,10:12:54,0.65,200,50850
20240103,10:13:42,0.6,1800,50850
20240103,10:14:02,0.65,2250,50850
20240103,10:16:08,0.7,50,50850
20240103,10:16:21,0.65,200,49300
20240103,10:16:24,0.65,300,49300
20240103,10:20:53,0.65,100,49550
20240103,10:22:40,0.65,200,49550
20240103,10:23:08,0.65,50,49550
20240103,10:23:09,0.65,50,49550
20240103,10:23:10,0.65,50,49550
20240103,10:23:11,0.65,50,49550
20240103,10:23:12,0.65,50,49550
20240103,10:23:13,0.65,50,49550
20240103,10:23:14,0.65,50,49550
20240103,10:23:15,0.65,50,49550
20240103,10:23:16,0.65,400,49550
20240103,10:25:46,0.65,200,49550
20240103,10:28:36,0.65,300,49050
20240103,10:29:01,0.6,50,49050
20240103,10:34:22,0.65,500,49050
20240103,10:34:22,0.7,550,49000
20240103,10:35:12,0.75,1050,49000
20240103,10:35:17,0.7,450,49000
20240103,10:35:27,0.8,100,49000
20240103,10:35:32,0.8,50,49000
20240103,10:35:34,0.8,2550,49000
20240103,10:35:38,0.8,150,49000
20240103,10:35:43,0.8,350,52000
20240103,10:35:46,0.85,850,52000
20240103,10:35:48,0.9,150,52000
20240103,10:36:02,0.9,100,52000
20240103,10:36:19,0.9,200,52000
20240103,10:36:29,0.95,250,52000
20240103,10:36:54,0.95,50,52000
20240103,10:36:56,0.8,50,52000
20240103,10:37:12,0.8,200,52000
20240103,10:37:16,0.8,100,52000
20240103,10:37:21,0.8,100,52000
20240103,10:37:22,0.9,50,52000
20240103,10:37:24,0.8,100,52000
20240103,10:37:28,0.9,50,52000
20240103,10:37:29,0.9,50,52000
20240103,10:38:20,0.75,500,52000
20240103,10:38:27,0.8,150,52000
20240103,10:38:53,0.8,100,52100
20240103,10:42:52,0.75,700,52000
20240103,10:42:53,0.75,850,52000
20240103,10:44:20,0.75,50,52000
20240103,10:45:18,0.75,100,52250
20240103,10:45:42,0.75,100,52250
20240103,10:45:56,0.7,200,52250
20240103,10:46:26,0.7,50,52250
20240103,10:46:36,0.75,50,52250
20240103,10:46:51,0.7,150,52250
20240103,10:47:07,0.65,1450,52250
20240103,10:47:07,0.65,200,52250
20240103,10:47:56,0.7,150,52250
20240103,10:48:04,0.65,900,50900
20240103,10:48:18,0.65,50,50900
20240103,10:48:19,0.6,1850,50900
20240103,10:48:27,0.6,750,50900
20240103,10:52:08,0.65,100,47800
20240103,10:52:16,0.6,2000,47800
20240103,10:52:49,0.6,2100,47800
20240103,10:57:32,0.65,300,47800
20240103,11:03:05,0.7,50,44300
20240103,11:07:09,0.7,50,44300
20240103,11:19:04,0.65,550,44400
20240103,11:19:06,0.7,300,44400
20240103,11:19:07,0.75,5650,44400
20240103,11:19:07,0.75,1950,44400
20240103,11:19:09,0.75,500,44400
20240103,11:19:10,0.75,1300,44400
20240103,11:19:11,0.8,250,44400
20240103,11:19:58,0.8,250,44400
20240103,11:20:09,0.8,150,44400
20240103,11:20:26,0.8,250,44400
20240103,11:21:47,0.85,300,52500
20240103,11:22:34,0.85,750,52500
20240103,11:23:31,0.8,950,52500
20240103,11:23:33,0.8,250,52500
20240103,11:23:43,0.8,700,52500
20240103,11:25:06,0.85,850,53150
20240103,11:31:00,0.8,300,53100
20240103,11:33:06,0.8,50,53100
20240103,11:33:11,0.8,50,53100
20240103,11:33:16,0.8,200,53100
20240103,11:38:58,0.75,250,53100
20240103,11:43:32,0.75,150,53100
20240103,11:48:11,0.8,400,53350
20240103,11:48:15,0.9,550,53350
20240103,11:48:15,0.85,50,53350
20240103,11:51:04,0.85,600,53950
20240103,11:51:22,0.85,400,53950
20240103,11:51:22,0.85,450,53950
20240103,11:51:24,0.85,200,53950
20240103,11:51:25,0.85,1100,53950
20240103,11:51:41,0.9,100,53950
20240103,11:51:43,0.9,700,53950
20240103,11:51:45,0.9,100,53950
20240103,11:53:39,0.85,250,53950
20240103,11:54:32,0.85,350,53950
20240103,11:57:42,0.85,500,54650
20240103,11:58:07,0.8,200,54650
20240103,12:00:57,0.75,50,54650
20240103,12:10:21,0.85,150,55100
20240103,12:11:10,0.75,250,55150
20240103,12:11:10,0.75,50,55150
20240103,12:11:45,0.7,250,55150
20240103,12:13:18,0.7,900,55150
20240103,12:13:19,0.7,50,54850
20240103,12:13:20,0.7,50,54850
20240103,12:13:22,0.7,50,54850
20240103,12:13:23,0.7,100,54850
20240103,12:13:24,0.65,50,54850
20240103,12:13:27,0.65,50,54850
20240103,12:13:28,0.7,50,54850
20240103,12:13:31,0.65,50,54850
20240103,12:13:43,0.7,50,54850
20240103,12:13:49,0.65,200,54850
20240103,12:13:53,0.65,200,54850
20240103,12:14:20,0.65,150,54850
20240103,12:14:35,0.65,50,54850
20240103,12:14:36,0.65,50,54850
20240103,12:14:37,0.65,50,54850
20240103,12:14:38,0.65,100,54850
20240103,12:14:42,0.65,50,54850
20240103,12:15:01,0.65,50,55850
20240103,12:15:01,0.6,50,55850
20240103,12:15:10,0.6,100,55850
20240103,12:15:38,0.6,500,55850
20240103,12:15:40,0.6,50,55850
20240103,12:15:55,0.6,500,55850
20240103,12:15:57,0.6,50,55850
20240103,12:16:13,0.7,300,55850
20240103,12:17:44,0.7,500,55850
20240103,12:17:50,0.7,1150,55850
20240103,12:17:54,0.7,50,55850
20240103,12:18:17,0.75,50,55400
20240103,12:18:52,0.7,50,55400
20240103,12:19:12,0.7,50,55400
20240103,12:20:15,0.75,100,55400
20240103,12:20:51,0.65,1250,55400
20240103,12:21:59,0.6,50,55000
20240103,12:22:02,0.7,50,55000
20240103,12:22:18,0.7,100,55000
20240103,12:24:18,0.7,350,54750
20240103,12:26:54,0.6,1200,54750
20240103,12:27:46,0.55,100,54150
20240103,12:36:31,0.55,100,54150
20240103,12:39:25,0.55,50,54150
20240103,12:49:37,0.55,700,54150
20240103,12:49:39,0.65,50,54150
20240103,12:49:40,0.7,1600,54150
20240103,12:49:41,0.7,100,54150
20240103,12:49:42,0.7,50,54150
20240103,12:49:59,0.7,200,54150
20240103,12:54:36,0.7,400,54150
20240103,12:54:40,0.7,50,55500
20240103,12:55:25,0.75,2000,55500
20240103,12:55:30,0.75,900,55500
20240103,12:55:31,0.8,1300,55500
20240103,12:55:32,0.8,250,55500
20240103,12:55:35,0.8,2200,55500
20240103,12:55:40,0.85,100,55500
20240103,12:56:05,0.8,800,55500
20240103,12:56:06,0.8,250,55500
20240103,12:56:09,0.85,400,55500
20240103,12:56:11,0.75,900,55500
20240103,12:56:13,0.75,700,55500
20240103,12:56:54,0.8,1850,55500
20240103,12:56:54,0.85,1700,55500
20240103,12:56:57,0.85,250,55500
20240103,12:56:57,0.85,200,55500
20240103,12:57:01,0.85,3850,64650
20240103,12:57:05,0.8,600,64650
20240103,12:57:54,0.8,600,64650
20240103,12:57:57,0.8,350,64650
20240103,12:58:01,0.8,1200,64650
20240103,12:58:05,0.8,400,64650
20240103,12:58:51,0.8,200,64650
20240103,13:00:10,0.75,850,66400
20240103,13:00:12,0.75,150,66400
20240103,13:00:44,0.7,150,66400
20240103,13:00:56,0.75,50,66400
20240103,13:00:57,0.75,150,66400
20240103,13:00:59,0.8,350,66400
20240103,13:01:14,0.7,150,66400
20240103,13:01:15,0.8,300,66400
20240103,13:01:16,0.75,650,66400
20240103,13:01:17,0.75,600,66400
20240103,13:02:15,0.75,150,66400
20240103,13:02:17,0.75,1400,66400
20240103,13:02:18,0.75,200,66400
20240103,13:02:19,0.8,2950,66400
20240103,13:02:20,0.75,300,66400
20240103,13:02:23,0.75,300,66400
20240103,13:02:26,0.75,300,66400
20240103,13:02:27,0.8,450,66400
20240103,13:02:43,0.8,150,66400
20240103,13:04:27,0.8,2350,69950
20240103,13:04:30,0.8,300,69950
20240103,13:04:32,0.8,300,69950
20240103,13:04:33,0.8,450,69950
20240103,13:04:58,0.85,1550,69950
20240103,13:04:58,0.9,2700,69950
20240103,13:05:04,0.85,50,69950
20240103,13:06:34,0.75,250,75650
20240103,13:08:24,0.75,1600,75650
20240103,13:08:26,0.8,1800,75650
20240103,13:09:21,0.8,500,75050
20240103,13:10:25,0.85,450,75050
20240103,13:11:50,0.8,550,75050
20240103,13:15:09,0.7,2750,75050
20240103,13:15:10,0.7,3100,75350
20240103,13:15:25,0.75,250,75350
20240103,13:16:07,0.75,1250,75350
20240103,13:16:12,0.65,1000,75350
20240103,13:24:21,0.7,700,75350
20240103,13:24:37,0.75,350,75900
20240103,13:25:27,0.75,550,75900
20240103,13:25:33,0.75,1000,75900
20240103,13:26:20,0.7,550,75900
20240103,13:28:18,0.75,500,75900
20240103,13:28:23,0.75,800,74650
20240103,13:35:04,0.75,900,74650
20240103,13:45:53,0.7,400,74450
20240103,13:57:02,0.65,500,74550
20240103,13:57:48,0.65,650,74550
20240103,13:58:09,0.6,1550,74950
20240103,13:59:36,0.6,550,74950
20240103,14:00:17,0.6,50,74950
20240103,14:18:06,0.6,300,73550
20240103,14:19:23,0.6,50,73400
20240103,14:19:30,0.65,100,73400
20240103,14:19:36,0.55,1800,73400
20240103,14:22:20,0.55,400,73400
20240103,14:22:26,0.55,1150,73300
20240103,14:24:07,0.5,500,73300
20240103,14:24:32,0.5,500,73300
20240103,14:25:48,0.5,1200,75300
20240103,14:27:59,0.5,300,75300
20240103,14:28:14,0.55,550,74700
20240103,14:29:05,0.55,750,74700
20240103,14:29:41,0.55,100,74700
20240103,14:31:03,0.5,1200,74000
20240103,14:31:41,0.5,1750,74000
20240103,14:32:14,0.5,100,74000
20240103,14:36:23,0.45,50,74350
20240103,14:37:54,0.45,2150,74350
20240103,14:39:12,0.4,1200,74350
20240103,14:42:22,0.4,550,74350
20240103,14:43:55,0.5,200,71300
20240103,14:55:06,0.4,300,71300
20240103,14:56:14,0.5,100,71300
20240103,14:57:38,0.5,300,71450
20240103,15:01:51,0.45,700,71150
20240103,15:04:20,0.4,250,71150
20240103,15:05:29,0.4,250,70850
20240103,15:06:07,0.5,50,70850
20240103,15:06:39,0.4,250,70900
20240103,15:07:37,0.4,250,70900
20240103,15:07:38,0.4,1000,70900
20240103,15:07:45,0.4,100,70900
20240103,15:07:59,0.35,50,70900
20240103,15:12:19,0.35,700,70950
20240103,15:12:20,0.35,200,71200
20240103,15:12:21,0.35,200,71200
20240103,15:12:24,0.35,900,71200
20240103,15:13:09,0.35,50,71200
20240103,15:14:37,0.35,300,71200
20240103,15:14:46,0.4,750,71200
20240103,15:14:48,0.4,50,71200
20240103,15:15:03,0.35,300,71200
20240103,15:15:03,0.35,100,71200
20240103,15:15:10,0.35,300,71200
20240103,15:15:16,0.35,50,71200
20240103,15:15:43,0.35,300,70350
20240103,15:16:08,0.35,500,70350
20240103,15:16:45,0.4,100,70350
20240103,15:18:07,0.35,50,70350
20240103,15:18:10,0.35,50,70350
20240103,15:18:11,0.35,50,70350
20240103,15:19:36,0.35,50,70350
20240103,15:21:05,0.35,50,70350
20240103,15:21:22,0.35,50,70350
20240103,15:23:13,0.35,50,70350
20240103,15:23:17,0.35,50,70350
20240103,15:25:48,0.35,1750,70350
20240103,15:25:50,0.45,50,70300
20240103,15:26:13,0.45,1950,70300
20240103,15:26:27,0.45,1950,70300
20240103,15:26:33,0.45,1700,70300
20240103,15:27:42,0.4,150,73500
20240103,15:27:44,0.4,150,73500
20240103,15:29:09,0.3,1800,73500
20240103,15:29:10,0.3,2500,73500
20240103,15:29:34,0.3,50,73500
20240104,09:15:29,0.25,1,71150
20240104,09:15:29,0.25,50,71150
20240104,09:15:34,0.25,1600,71150
20240104,09:15:35,0.35,1850,71150
20240104,09:15:37,0.35,50,71150
20240104,09:16:03,0.35,150,71150
20240104,09:16:14,0.4,50,71150
20240104,09:16:18,0.4,50,71150
20240104,09:16:20,0.35,50,71150
20240104,09:16:21,0.3,500,71150
20240104,09:16:34,0.3,1300,71150
20240104,09:16:43,0.25,900,71150
20240104,09:16:44,0.3,350,71150
20240104,09:16:45,0.25,1000,71150
20240104,09:16:46,0.25,50,71150
20240104,09:16:48,0.25,300,71150
20240104,09:17:02,0.3,50,71150
20240104,09:17:10,0.3,50,71150
20240104,09:17:15,0.3,50,71150
20240104,09:17:57,0.3,2300,75450
20240104,09:18:05,0.25,250,75450
20240104,09:18:07,0.25,2950,75450
20240104,09:18:13,0.25,2950,75450
20240104,09:18:19,0.25,3150,75450
20240104,09:18:30,0.25,250,75450
20240104,09:19:55,0.3,2100,75450
20240104,09:21:49,0.3,50,70850
20240104,09:22:24,0.25,1800,70850
20240104,09:22:31,0.25,2500,70850
20240104,09:23:30,0.25,50,71100
20240104,09:25:03,0.25,50,71100
20240104,09:27:33,0.2,50,71100
20240104,09:27:44,0.2,1800,71100
20240104,09:27:45,0.2,1800,71100
20240104,09:27:52,0.2,1800,71100
20240104,09:27:54,0.2,3600,71100
20240104,09:27:56,0.2,300,71100
20240104,09:28:00,0.2,400,71100
20240104,09:28:06,0.2,500,71100
20240104,09:28:11,0.2,200,71100
20240104,09:28:17,0.2,350,71100
20240104,09:28:22,0.2,250,71100
20240104,09:28:26,0.2,250,71100
20240104,09:28:57,0.15,1800,71100
20240104,09:29:01,0.15,1800,71100
20240104,09:29:03,0.15,2100,71100
20240104,09:29:04,0.15,1800,71100
20240104,09:29:05,0.15,1800,71100
20240104,09:29:06,0.2,4700,71100
20240104,09:29:07,0.2,1200,71100
20240104,09:29:08,0.15,3600,71100
20240104,09:29:09,0.15,3600,71100
20240104,09:29:12,0.15,4100,71100
20240104,09:29:14,0.15,1800,71100
20240104,09:29:17,0.2,100,71100
20240104,09:29:22,0.15,1800,58350
20240104,09:29:31,0.15,1800,58350
20240104,09:29:56,0.15,1800,58350
20240104,09:29:58,0.15,1800,58350
20240104,09:30:00,0.15,1800,58350
20240104,09:30:05,0.15,400,58350
20240104,09:30:09,0.15,350,58350
20240104,09:30:10,0.1,100,58350
20240104,09:30:13,0.1,1800,58350
20240104,09:30:13,0.15,3600,58350
20240104,09:30:14,0.15,3600,58350
20240104,09:30:15,0.15,500,58350
20240104,09:30:19,0.15,250,58350
20240104,09:30:23,0.15,350,58350
20240104,09:30:27,0.15,13050,58350
20240104,09:30:41,0.15,9500,58350
20240104,09:30:44,0.15,600,58350
20240104,09:30:46,0.15,50,58350
20240104,09:30:49,0.15,350,58350
20240104,09:30:53,0.15,350,58350
20240104,09:30:54,0.15,600,58350
20240104,09:30:58,0.15,200,58350
20240104,09:30:59,0.15,200,58350
20240104,09:31:04,0.15,3600,58350
20240104,09:31:19,0.1,3600,58350
20240104,09:31:24,0.1,3600,58350
20240104,09:33:22,0.15,100,58350
20240104,09:34:52,0.15,250,43900
20240104,09:38:10,0.1,100,43900
20240104,09:38:30,0.15,6300,43800
20240104,09:40:25,0.15,200,43800
20240104,09:41:41,0.15,300,43800
20240104,09:43:00,0.15,11800,41800
20240104,09:48:21,0.1,3600,41800
20240104,09:48:23,0.1,3600,46750
20240104,09:56:11,0.1,50,39550
20240104,09:58:08,0.15,100,39550
20240104,10:03:53,0.1,1400,39500
20240104,10:07:15,0.15,200,39500
20240104,10:13:08,0.1,1800,38100
20240104,10:15:25,0.15,2000,38100
20240104,10:25:42,0.1,6300,36300
20240104,10:38:52,0.15,250,34350
20240104,10:42:55,0.1,7200,34350
20240104,10:42:56,0.1,2800,34350
20240104,10:43:15,0.1,3600,34350
20240104,10:43:21,0.1,1750,34350
20240104,10:43:22,0.1,1850,34350
20240104,10:43:24,0.1,1450,34350
20240104,10:43:25,0.1,350,34350
20240104,10:43:26,0.1,50,34350
20240104,10:45:49,0.1,250,34350
20240104,10:47:21,0.1,1800,27700
20240104,10:47:22,0.1,1800,27700
20240104,10:47:24,0.1,50,27700
20240104,10:47:28,0.1,50,27700
20240104,10:47:51,0.1,1800,31350
20240104,10:48:09,0.05,1800,31350
20240104,10:48:11,0.05,1800,31350
20240104,10:48:16,0.05,1800,31350
20240104,10:48:20,0.05,50,31350
20240104,10:49:09,0.05,100,31350
20240104,10:49:12,0.1,1000,31350
20240104,10:50:26,0.1,50,31350
20240104,10:50:32,0.1,50,31350
20240104,10:52:53,0.1,50,26700
20240104,11:02:10,0.1,1800,26650
20240104,11:06:32,0.1,600,26650
20240104,11:06:33,0.1,100,26650
20240104,11:07:51,0.1,1800,26650
20240104,11:07:53,0.1,1800,26650
20240104,11:07:56,0.1,1800,26650
20240104,11:07:58,0.1,1800,26650
20240104,11:07:59,0.1,1800,26650
20240104,11:08:00,0.1,1800,26650
20240104,11:08:01,0.1,1800,26650
20240104,11:08:03,0.1,3050,26650
20240104,11:08:05,0.15,1800,26650
20240104,11:14:07,0.1,1250,33750
20240104,11:22:30,0.1,50,33750
20240104,11:39:00,0.1,50,33900
20240104,11:39:30,0.1,1800,33900
20240104,11:50:31,0.1,50,32050
20240104,11:51:38,0.1,50,32050
20240104,11:52:18,0.1,50,32000
20240104,11:53:37,0.1,50,32000
20240104,11:54:04,0.1,50,31850
20240104,11:57:15,0.1,1700,31850
20240104,12:04:08,0.1,200,31800
20240104,12:11:29,0.1,500,30100
20240104,12:11:55,0.1,1100,29900
20240104,12:12:14,0.1,1800,29400
20240104,12:12:17,0.1,1800,29400
20240104,12:12:18,0.1,4100,29400
20240104,12:12:22,0.1,3600,29400
20240104,12:12:23,0.1,1950,29400
20240104,12:13:37,0.1,5400,29400
20240104,12:19:21,0.1,50,29400
20240104,12:19:24,0.1,950,24200
20240104,12:24:23,0.05,350,23200
20240104,12:24:24,0.05,350,23200
20240104,12:24:25,0.05,300,23200
20240104,12:28:13,0.05,50,23200
20240104,12:29:31,0.1,100,23200
20240104,12:30:14,0.1,50,23200
20240104,12:34:01,0.05,50,23200
20240104,12:34:08,0.05,50,23200
20240104,12:34:14,0.05,950,23200
20240104,12:37:18,0.05,1050,23200
20240104,12:37:41,0.05,1050,23200
20240104,12:41:44,0.05,250,23200
20240104,12:43:43,0.1,100,23150
20240104,12:44:19,0.1,150,23150
20240104,12:44:50,0.1,400,23000
20240104,12:46:10,0.05,250,23000
20240104,12:53:47,0.05,550,23000
20240104,12:53:48,0.05,1800,22600
20240104,12:53:49,0.05,1800,22600
20240104,12:53:50,0.05,1800,22400
20240104,12:53:53,0.05,2000,22400
20240104,13:03:33,0.1,5850,22400
20240104,13:45:26,0.05,50,20250
20240104,13:50:34,0.05,50,17950
20240104,14:14:54,0.05,50,17950
20240104,14:17:36,0.05,50,17950
20240104,14:19:50,0.05,500,17950
20240104,14:19:55,0.05,300,17950
20240104,14:19:57,0.05,750,17950
20240104,14:19:58,0.05,250,17950
20240104,14:20:00,0.05,250,17950
20240104,14:20:01,0.05,500,17950
20240104,14:20:03,0.05,250,17950
20240104,14:20:19,0.05,250,17950
20240104,14:22:11,0.05,250,17950
20240104,14:30:31,0.05,50,17950
20240104,15:29:34,0.05,450,17950
