date,time,tick_price,volume,open_interest
20240206,12:51:06,2.95,1,450
20240206,12:51:06,3.0,400,450
20240206,12:51:12,3.0,50,450
20240206,12:54:52,2.95,50,450
20240206,12:59:01,2.95,50,500
20240206,12:59:11,2.95,50,550
20240206,13:02:18,2.9,50,600
20240206,13:02:25,2.9,50,600
20240206,13:02:32,2.9,50,600
20240206,13:02:38,2.95,50,600
20240206,13:27:48,2.9,100,800
20240206,13:31:25,2.9,50,900
20240206,13:32:30,2.9,50,950
20240206,13:35:07,2.95,50,950
20240206,13:35:25,2.95,100,1000
20240206,13:36:00,2.95,100,1000
20240206,13:48:13,2.95,50,1000
20240206,13:48:38,3.0,50,1000
20240206,13:50:45,3.0,50,1050
20240206,13:51:41,3.0,50,1050
20240206,13:59:49,3.0,50,1100
20240206,14:01:47,3.0,100,1100
20240206,14:06:40,3.0,100,1100
20240206,14:11:32,3.05,150,1200
20240206,15:05:45,3.05,50,1350
20240206,15:05:51,3.0,100,1350
20240206,15:05:56,3.05,150,1350
20240206,15:25:45,3.05,500,1650
20240206,15:26:07,3.05,50,1650
20240207,09:15:20,2.45,1,1900
20240207,09:15:20,2.4,200,1900
20240207,09:15:32,2.45,100,1900
20240207,09:15:46,2.4,150,1900
20240207,09:16:53,2.4,50,1900
20240207,09:17:04,2.4,50,1900
20240207,09:17:40,2.55,100,1900
20240207,09:17:52,2.55,150,1900
20240207,09:18:04,2.55,250,1900
20240207,09:18:48,2.6,50,1900
20240207,09:20:16,2.6,50,2350
20240207,09:21:14,2.65,50,2350
20240207,09:22:26,2.7,50,2350
20240207,09:23:07,2.75,150,2400
20240207,09:32:56,2.75,150,2500
20240207,09:33:52,2.55,50,2500
20240207,10:14:21,2.4,100,2450
20240207,10:15:21,2.4,50,2450
20240207,10:16:12,2.4,50,2450
20240207,10:41:39,2.5,50,2450
20240207,10:54:32,2.45,50,2450
20240207,10:55:24,2.45,50,2450
20240207,10:57:48,2.45,50,2350
20240207,11:06:12,2.5,50,2350
20240207,11:07:02,2.45,200,2350
20240207,11:34:15,2.55,250,2250
20240207,11:34:23,2.5,50,2250
20240207,11:49:35,2.3,200,2050
20240207,11:51:46,2.3,50,1850
20240207,11:51:53,2.35,50,1850
20240207,11:52:00,2.35,50,1850
20240207,11:56:56,2.4,100,1900
20240207,11:57:06,2.5,100,1900
20240207,12:02:03,2.35,50,1800
20240207,12:08:52,2.25,100,1850
20240207,12:31:14,2.2,100,1900
20240207,12:35:13,2.15,100,1900
20240207,12:40:26,2.15,100,1900
20240207,12:48:52,2.35,50,1900
20240207,13:35:07,2.25,100,1850
20240207,13:38:22,2.1,150,1850
20240207,13:42:26,2.1,50,1750
20240207,13:57:24,2.05,100,1800
20240207,14:01:09,2.0,50,1800
20240207,14:05:50,2.0,100,1800
20240207,14:08:03,1.95,100,1800
20240207,14:08:12,1.95,100,1800
20240207,14:08:33,1.95,50,1950
20240207,14:09:17,1.95,250,1950
20240207,14:14:19,1.95,50,2200
20240207,14:14:44,2.1,50,2200
20240207,14:15:03,1.95,50,2200
20240207,14:15:45,1.95,50,2200
20240207,14:15:58,1.95,50,2200
20240207,14:16:04,1.95,50,2200
20240207,14:16:39,1.95,100,2200
20240207,14:19:21,1.9,100,2000
20240207,14:20:44,1.9,50,2100
20240207,14:21:12,1.9,50,2100
20240207,14:22:12,1.95,50,2100
20240207,14:26:44,1.95,50,2150
20240207,14:28:00,1.95,100,2150
20240207,14:30:11,1.9,50,2000
20240207,14:31:47,1.9,50,2000
20240207,14:31:55,1.9,50,2000
20240207,14:33:28,1.9,250,2150
20240207,14:34:22,1.95,50,2150
20240207,14:34:39,1.95,50,2150
20240207,14:34:47,1.95,500,2150
20240207,14:34:54,2.0,1000,2150
20240207,14:35:09,2.0,600,2150
20240207,14:35:16,2.0,600,2150
20240207,14:35:31,2.0,1100,3100
20240207,14:35:44,2.15,1000,3100
20240207,14:35:51,2.0,100,3100
20240207,14:35:59,2.15,1050,3100
20240207,14:36:07,2.05,50,3100
20240207,14:36:14,2.15,1000,3100
20240207,14:36:22,2.05,50,3100
20240207,14:36:30,2.05,600,3100
20240207,14:36:53,2.15,500,3100
20240207,14:37:01,2.05,1050,3100
20240207,14:37:17,2.05,550,3100
20240207,14:38:37,2.05,50,9250
20240207,14:39:00,2.05,50,9250
20240207,14:39:07,2.05,400,9250
20240207,14:39:15,2.05,150,9250
20240207,14:39:21,2.05,50,9250
20240207,14:39:33,2.05,50,9250
20240207,14:40:15,2.05,100,9250
20240207,14:40:55,2.05,50,9250
20240207,14:43:05,2.0,200,9200
20240207,14:48:11,2.0,200,9200
20240207,14:49:25,1.95,250,9200
20240207,14:50:03,1.95,50,9200
20240207,14:50:37,1.95,100,9000
20240207,14:50:59,1.95,50,9000
20240207,14:51:04,1.95,50,9000
20240207,14:51:31,1.95,50,9000
20240207,14:52:24,1.95,50,9000
20240207,14:53:54,1.95,50,9100
20240207,14:56:09,2.0,50,9100
20240207,14:56:55,1.95,100,9100
20240207,14:57:05,1.9,250,9100
20240207,14:57:34,1.95,50,9100
20240207,14:58:18,2.0,50,9100
20240207,15:02:47,2.0,50,8750
20240207,15:02:52,2.0,200,8750
20240207,15:05:24,1.95,200,8950
20240207,15:05:29,1.95,200,8950
20240207,15:06:34,1.9,50,8950
20240207,15:06:59,1.9,1800,8950
20240207,15:10:49,1.9,50,8750
20240207,15:11:26,1.9,50,8750
20240207,15:13:16,1.85,50,8750
20240207,15:13:21,1.85,50,8750
20240207,15:13:26,1.85,50,8750
20240207,15:13:42,1.85,100,8750
20240207,15:16:22,1.95,150,8750
20240207,15:16:50,2.0,50,8750
20240207,15:17:02,2.0,1800,8750
20240207,15:17:08,2.0,4000,8750
20240207,15:17:14,2.0,400,8750
20240207,15:17:20,2.0,600,8750
20240207,15:17:37,2.0,50,15650
20240207,15:18:48,2.0,250,15650
20240207,15:22:18,2.0,150,15950
20240207,15:23:02,2.05,400,15950
20240207,15:23:16,2.05,850,15950
20240207,15:23:21,2.05,400,15950
20240207,15:23:26,2.05,450,17650
20240207,15:23:40,2.05,100,17650
20240207,15:23:44,2.05,100,17650
20240207,15:24:18,2.05,300,17650
20240207,15:25:21,2.0,50,17650
20240207,15:25:37,2.0,50,17650
20240207,15:25:44,2.0,50,17650
20240207,15:26:02,2.0,50,17650
20240207,15:26:08,2.0,50,17650
20240207,15:26:19,2.0,1500,17650
20240207,15:27:26,1.95,250,19850
20240207,15:27:57,2.0,250,19850
20240207,15:28:21,1.95,50,19850
20240207,15:28:32,2.0,1250,19850
20240207,15:28:47,2.0,400,19850
20240207,15:29:24,2.0,100,19850
20240207,15:29:40,2.0,100,19750
20240208,09:21:17,1.8,1,19750
20240208,09:21:17,1.8,100,19750
20240208,09:21:29,1.75,300,19750
20240208,09:24:24,1.75,1000,19750
20240208,09:24:35,2.55,500,19750
20240208,09:24:46,2.55,50,19750
20240208,09:24:56,1.9,300,19750
20240208,09:25:30,1.95,400,19750
20240208,09:26:40,1.8,750,21550
20240208,09:27:47,1.85,150,21550
20240208,09:32:59,1.8,150,21450
20240208,09:41:59,1.85,2000,21450
20240208,09:44:47,1.9,50,21750
20240208,09:46:06,1.8,100,21750
20240208,09:48:25,1.7,100,21850
20240208,09:48:44,1.7,100,21850
20240208,09:50:59,1.8,50,21700
20240208,09:51:28,1.8,200,21700
20240208,09:51:47,1.8,50,21700
20240208,10:10:47,1.7,850,21600
20240208,10:11:14,1.8,800,21500
20240208,10:15:46,1.75,50,21500
20240208,10:17:32,1.75,450,21550
20240208,10:18:21,1.75,250,21550
20240208,10:19:03,1.75,750,21550
20240208,10:23:02,1.75,50,21550
20240208,10:23:12,1.75,200,21550
20240208,10:25:14,1.7,200,21550
20240208,10:27:06,1.65,100,21500
20240208,10:36:33,1.65,50,21500
20240208,10:36:41,1.65,300,21500
20240208,10:43:13,1.65,200,21500
20240208,10:45:17,1.65,50,21600
20240208,10:48:29,1.8,750,21600
20240208,10:50:34,1.6,100,22300
20240208,10:50:52,1.6,100,22300
20240208,10:51:18,1.6,50,22300
20240208,10:51:27,1.7,50,22300
20240208,10:53:26,1.75,100,22350
20240208,10:55:51,1.55,1050,22350
20240208,10:56:07,1.7,700,22300
20240208,10:56:39,1.65,500,22300
20240208,10:57:08,1.65,500,22300
20240208,10:57:39,1.65,50,22300
20240208,10:58:02,1.65,50,22300
20240208,10:58:14,1.6,500,22300
20240208,10:58:58,1.7,50,22300
20240208,11:00:31,1.85,100,22500
20240208,11:00:53,1.8,50,22500
20240208,11:01:04,1.8,100,22500
20240208,11:02:11,1.75,100,22650
20240208,11:02:22,1.75,50,22650
20240208,11:02:32,1.75,150,22650
20240208,11:02:51,1.75,100,22650
20240208,11:03:13,1.8,50,22650
20240208,11:03:24,1.8,50,22650
20240208,11:03:34,1.8,200,22650
20240208,11:04:32,1.85,200,22650
20240208,11:04:51,1.9,250,22650
20240208,11:05:44,1.9,250,22100
20240208,11:06:55,1.75,100,22100
20240208,11:08:34,1.8,250,22100
20240208,11:08:43,1.85,50,22100
20240208,11:08:53,1.85,50,22100
20240208,11:09:59,1.9,100,22100
20240208,11:10:17,1.95,50,22100
20240208,11:10:27,1.95,100,22100
20240208,11:10:45,1.95,50,22100
20240208,11:10:54,1.95,50,22100
20240208,11:11:03,1.95,50,22100
20240208,11:11:11,1.95,50,22100
20240208,11:11:58,1.9,50,22100
20240208,11:12:16,1.9,50,22100
20240208,11:13:28,1.9,50,22100
20240208,11:14:02,1.9,200,22350
20240208,11:14:19,1.95,300,22350
20240208,11:16:01,1.95,150,22350
20240208,11:16:17,1.95,150,22350
20240208,11:16:26,1.95,300,22350
20240208,11:17:09,1.9,50,23000
20240208,11:17:18,1.9,50,23000
20240208,11:18:40,1.9,150,23000
20240208,11:19:29,1.85,50,23000
20240208,11:20:28,1.8,200,23250
20240208,11:20:53,1.85,200,23250
20240208,11:22:00,1.8,100,23250
20240208,11:23:28,1.75,150,23250
20240208,11:23:36,1.8,100,23250
20240208,11:23:52,1.75,100,23250
20240208,11:25:11,1.75,50,23250
20240208,11:25:46,1.75,200,23250
20240208,11:26:45,1.75,100,23100
20240208,11:28:14,1.8,750,23100
20240208,11:28:40,1.85,600,23100
20240208,11:28:48,1.8,200,23100
20240208,11:28:58,1.8,700,23100
20240208,11:29:24,1.8,550,22900
20240208,11:29:57,1.75,100,22900
20240208,11:30:39,1.8,600,22900
20240208,11:31:28,1.8,200,22900
20240208,11:32:09,1.8,200,22900
20240208,11:32:33,1.8,50,22900
20240208,11:32:41,1.8,50,22900
20240208,11:33:06,1.8,50,22900
20240208,11:33:22,1.8,50,22900
20240208,11:34:58,1.8,50,22900
20240208,11:36:00,1.75,100,23100
20240208,11:37:23,1.7,50,23100
20240208,11:37:31,1.7,50,23100
20240208,11:37:38,1.7,50,23100
20240208,11:37:47,1.7,50,23100
20240208,11:38:02,1.7,150,23100
20240208,11:38:41,1.7,200,23350
20240208,11:39:25,1.7,500,23350
20240208,11:39:32,1.7,50,23350
20240208,11:39:48,1.8,4850,23350
20240208,11:41:00,1.75,500,23350
20240208,11:41:06,1.8,100,23350
20240208,11:42:23,1.8,50,28100
20240208,11:42:30,1.8,250,28100
20240208,11:42:37,1.8,850,28100
20240208,11:42:59,1.85,500,28100
20240208,11:44:44,1.8,50,28150
20240208,11:47:09,1.8,50,28150
20240208,11:47:15,1.75,50,28150
20240208,11:48:24,1.75,100,28150
20240208,11:53:55,1.75,50,28300
20240208,11:54:03,1.75,100,28300
20240208,11:54:13,1.75,50,28300
20240208,11:56:43,1.8,100,28500
20240208,11:57:05,1.8,1000,28500
20240208,11:58:54,1.8,50,28500
20240208,11:59:37,1.8,50,28150
20240208,12:03:10,1.8,100,28150
20240208,12:03:19,1.8,150,28150
20240208,12:04:32,1.85,50,28150
20240208,12:04:40,1.75,100,28150
20240208,12:06:07,1.8,50,28200
20240208,12:06:36,1.8,50,28200
20240208,12:08:18,1.75,200,28200
20240208,12:12:08,1.75,50,28400
20240208,12:12:29,1.75,150,28400
20240208,12:12:42,1.75,50,28400
20240208,12:12:49,1.7,6550,28400
20240208,12:12:56,1.8,3900,28400
20240208,12:13:23,1.75,9300,28400
20240208,12:13:39,1.75,300,28400
20240208,12:14:09,1.7,400,28400
20240208,12:14:36,1.75,950,48550
20240208,12:14:42,1.8,100,48550
20240208,12:14:55,1.75,100,48550
20240208,12:15:32,1.75,500,48550
20240208,12:16:06,1.8,5050,48550
20240208,12:16:21,1.8,50,48550
20240208,12:16:51,1.8,50,48550
20240208,12:17:12,1.8,50,54500
20240208,12:17:18,1.75,100,54500
20240208,12:19:38,1.75,2750,54500
20240208,12:19:44,1.75,7500,54500
20240208,12:20:13,1.75,5000,64450
20240208,12:21:08,1.75,2150,64450
20240208,12:21:15,1.75,100,64450
20240208,12:21:59,1.75,500,64450
20240208,12:22:24,1.75,8250,64450
20240208,12:22:46,1.8,100,64450
20240208,12:23:17,1.8,50,80400
20240208,12:26:24,1.75,50,80400
20240208,12:26:42,1.75,50,80400
20240208,12:28:11,1.75,550,80400
20240208,12:30:28,1.8,50,81050
20240208,12:31:36,1.8,850,81050
20240208,12:31:54,1.8,200,81050
20240208,12:32:00,1.8,300,81050
20240208,12:35:17,1.8,300,81150
20240208,12:35:50,1.75,500,81150
20240208,12:35:56,1.75,500,81150
20240208,12:36:02,1.75,500,81150
20240208,12:38:32,1.75,2450,82400
20240208,12:40:03,1.7,550,82400
20240208,12:40:29,1.7,2600,82400
20240208,12:41:02,1.7,450,82400
20240208,12:41:42,1.7,50,85500
20240208,12:42:51,1.7,1200,85500
20240208,12:43:10,1.65,50,85500
20240208,12:44:05,1.7,3950,85500
20240208,12:44:35,1.7,50,90700
20240208,12:48:52,1.7,5000,90750
20240208,12:49:50,1.65,2900,90750
20240208,12:49:55,1.65,750,90750
20240208,12:51:39,1.7,1800,98000
20240208,12:57:45,1.7,300,98800
20240208,12:58:59,1.65,50,98800
20240208,12:59:16,1.65,50,98800
20240208,12:59:28,1.65,100,98800
20240208,13:00:01,1.6,800,98800
20240208,13:00:08,1.6,50,98800
20240208,13:00:20,1.6,50,98800
20240208,13:02:48,1.65,50,99600
20240208,13:04:00,1.65,1800,99600
20240208,13:04:10,1.65,1050,99600
20240208,13:07:13,1.65,50,100700
20240208,13:10:01,1.6,50,100650
20240208,13:10:48,1.65,1050,100650
20240208,13:10:54,1.6,50,100650
20240208,13:11:35,1.7,3100,100650
20240208,13:11:54,1.7,1600,100650
20240208,13:12:07,1.7,1800,100650
20240208,13:18:19,1.7,1800,103450
20240208,13:27:37,1.7,850,102600
20240208,13:30:40,1.65,5000,102850
20240208,13:30:58,1.7,1850,102850
20240208,13:35:11,1.7,50,109600
20240208,13:36:08,1.75,50,109650
20240208,13:40:48,1.8,5250,109600
20240208,13:40:50,1.75,50,109600
20240208,13:40:54,1.8,50,109600
20240208,13:41:17,1.8,1600,109600
20240208,13:41:38,1.75,50,110300
20240208,13:41:47,1.75,800,110300
20240208,13:43:00,1.7,200,110300
20240208,13:45:00,1.8,2550,110200
20240208,13:45:44,1.8,2100,110200
20240208,13:46:11,1.85,50,110200
20240208,13:47:53,1.8,350,111450
20240208,13:48:14,1.8,50,111450
20240208,13:49:26,1.85,3600,111450
20240208,13:49:43,1.85,50,111450
20240208,13:49:50,1.85,3600,111450
20240208,13:50:11,1.8,650,111450
20240208,13:50:51,1.8,450,114550
20240208,13:52:29,1.8,50,114550
20240208,13:52:36,1.8,50,114550
20240208,13:52:53,1.8,450,114550
20240208,13:53:20,1.8,50,114550
20240208,13:53:27,1.8,50,114900
20240208,13:55:36,1.75,450,114900
20240208,13:57:22,1.7,200,115150
20240208,13:57:45,1.75,500,115150
20240208,13:58:45,1.7,1500,115150
20240208,13:58:52,1.7,1500,115150
20240208,14:01:40,1.75,1800,118050
20240208,14:02:59,1.75,650,118250
20240208,14:03:28,1.75,300,118250
20240208,14:03:36,1.75,50,118250
20240208,14:03:58,1.7,150,118250
20240208,14:04:47,1.75,650,118250
20240208,14:05:42,1.75,400,118100
20240208,14:05:57,1.75,2150,118100
20240208,14:07:11,2.0,7500,118100
20240208,14:07:19,1.8,1750,118100
20240208,14:07:59,1.8,50,118100
20240208,14:08:06,1.8,50,118100
20240208,14:09:03,1.85,200,123250
20240208,14:09:09,1.85,1400,123250
20240208,14:10:43,1.85,2050,123250
20240208,14:12:43,1.95,8550,124650
20240208,14:12:49,1.9,1000,124650
20240208,14:12:54,1.95,50,124650
20240208,14:13:39,1.9,14200,124650
20240208,14:13:53,1.95,1950,124650
20240208,14:14:00,1.95,2000,124650
20240208,14:14:08,1.95,2200,124650
20240208,14:14:18,1.95,300,124650
20240208,14:15:17,2.0,200,130700
20240208,14:15:26,2.0,1950,130700
20240208,14:15:34,2.0,2150,130700
20240208,14:15:43,2.2,2350,130700
20240208,14:16:23,2.1,2800,130700
20240208,14:16:39,2.15,900,130700
20240208,14:16:47,2.15,200,130700
20240208,14:17:11,2.15,1800,130700
20240208,14:17:19,2.15,150,130700
20240208,14:17:44,2.15,250,134550
20240208,14:17:53,2.1,100,134550
20240208,14:18:01,2.1,50,134550
20240208,14:18:08,2.1,50,134550
20240208,14:18:16,2.1,50,134550
20240208,14:18:31,2.1,2300,134550
20240208,14:18:39,2.1,300,134550
20240208,14:19:59,2.1,1800,134550
20240208,14:20:05,2.05,250,134550
20240208,14:20:47,2.05,1300,136850
20240208,14:20:54,2.05,50,136850
20240208,14:21:36,2.05,1350,136850
20240208,14:21:43,2.05,50,136850
20240208,14:22:17,2.05,300,136850
20240208,14:22:46,2.05,200,136850
20240208,14:23:00,2.0,600,136850
20240208,14:23:06,2.05,300,136850
20240208,14:23:13,2.1,1900,136850
20240208,14:25:47,2.1,50,138700
20240208,14:26:41,2.15,50,138700
20240208,14:26:51,2.15,50,138700
20240208,14:28:07,2.1,2250,138700
20240208,14:28:15,2.15,2000,138700
20240208,14:28:23,2.15,650,138700
20240208,14:28:39,2.1,200,138700
20240208,14:29:11,2.05,300,138700
20240208,14:29:25,2.05,500,138700
20240208,14:29:47,2.1,2150,140350
20240208,14:30:02,2.15,50,140350
20240208,14:31:04,2.15,100,140350
20240208,14:31:29,2.15,100,140350
20240208,14:31:37,2.15,50,140350
20240208,14:31:46,2.15,750,140350
20240208,14:31:56,2.15,2300,140350
20240208,14:32:05,2.15,150,140350
20240208,14:32:22,2.15,1100,140350
20240208,14:32:30,2.15,200,143350
20240208,14:32:38,2.2,350,143350
20240208,14:32:46,2.15,1550,143350
20240208,14:33:17,2.3,1850,143350
20240208,14:33:25,2.25,950,143350
20240208,14:33:32,2.2,1000,143350
20240208,14:33:55,2.15,50,143350
20240208,14:34:10,2.1,350,143350
20240208,14:34:18,2.1,1050,143350
20240208,14:34:25,2.15,1150,143350
20240208,14:34:33,2.1,2000,143350
20240208,14:34:40,2.1,1250,143350
20240208,14:34:47,2.15,1800,143350
20240208,14:35:09,2.15,200,143350
20240208,14:35:24,2.15,100,143350
20240208,14:35:40,2.2,2150,147300
20240208,14:35:48,2.2,450,147300
20240208,14:35:57,2.2,1700,147300
20240208,14:36:21,2.2,1500,147300
20240208,14:36:29,2.2,100,147300
20240208,14:36:46,2.15,150,147300
20240208,14:36:56,2.2,750,147300
20240208,14:37:15,2.2,50,147300
20240208,14:37:32,2.2,400,147300
20240208,14:37:50,2.35,4150,147300
20240208,14:37:58,2.25,400,147300
20240208,14:38:07,2.25,2450,147300
20240208,14:38:17,2.3,150,147300
20240208,14:38:25,2.3,650,147300
20240208,14:38:33,2.2,1200,149000
20240208,14:38:41,2.2,1300,149000
20240208,14:38:50,2.2,250,149000
20240208,14:38:59,2.2,400,149000
20240208,14:39:09,2.15,1100,149000
20240208,14:39:18,2.15,600,149000
20240208,14:39:36,2.2,100,149000
20240208,14:39:44,2.1,50,149000
20240208,14:40:01,2.15,1500,149000
20240208,14:40:10,2.15,100,149000
20240208,14:40:17,2.15,200,149000
20240208,14:40:26,2.2,50,149000
20240208,14:40:43,2.15,300,149000
20240208,14:40:59,2.15,200,149000
20240208,14:41:24,2.15,100,149000
20240208,14:41:33,2.2,1000,149000
20240208,14:42:15,2.1,200,150600
20240208,14:42:33,2.15,350,150600
20240208,14:43:40,2.1,50,150600
20240208,14:45:25,2.1,50,150950
20240208,14:45:33,2.05,1150,150950
20240208,14:45:40,2.1,450,150950
20240208,14:45:48,2.1,200,150950
20240208,14:45:56,2.1,300,150950
20240208,14:46:49,2.05,350,150950
20240208,14:47:21,2.15,50,150950
20240208,14:48:44,2.05,100,150700
20240208,14:48:52,2.05,50,150700
20240208,14:49:07,2.05,100,150700
20240208,14:49:30,2.0,1100,150700
20240208,14:49:38,2.0,50,150700
20240208,14:50:02,2.0,50,150700
20240208,14:50:25,2.0,50,150700
20240208,14:50:41,2.0,400,150700
20240208,14:50:48,2.0,1050,150700
20240208,14:50:56,1.95,1800,150700
20240208,14:51:10,2.0,600,150700
20240208,14:51:18,2.0,250,150700
20240208,14:51:34,2.0,1950,150700
20240208,14:51:41,2.0,50,150700
20240208,14:55:18,2.05,150,152600
20240208,14:55:25,2.05,550,152600
20240208,14:55:51,2.05,50,152600
20240208,14:56:16,2.05,50,152600
20240208,14:57:53,2.05,1200,152650
20240208,14:58:10,2.05,50,152650
20240208,14:58:43,2.05,500,152650
20240208,15:00:05,2.05,500,153800
20240208,15:00:14,2.05,250,153800
20240208,15:00:23,2.0,300,153800
20240208,15:00:32,2.05,750,153800
20240208,15:00:49,2.0,200,153800
20240208,15:00:58,2.0,50,153800
20240208,15:01:34,2.0,500,153800
20240208,15:01:43,2.0,50,153800
20240208,15:01:53,2.05,100,153800
20240208,15:02:04,2.05,200,153800
20240208,15:02:13,2.05,950,153800
20240208,15:02:23,2.05,50,153800
20240208,15:02:33,2.1,500,153800
20240208,15:03:02,2.1,50,153300
20240208,15:03:12,2.1,750,153300
20240208,15:03:22,2.05,900,153300
20240208,15:03:31,2.05,50,153300
20240208,15:03:41,2.1,150,153300
20240208,15:04:10,2.05,450,153300
20240208,15:04:45,2.05,100,153300
20240208,15:04:54,2.05,1250,153300
20240208,15:05:03,1.95,750,153300
20240208,15:05:32,2.05,100,153300
20240208,15:05:41,2.0,100,152650
20240208,15:05:49,1.95,50,152650
20240208,15:05:58,1.95,100,152650
20240208,15:06:06,1.95,400,152650
20240208,15:06:59,2.0,350,152650
20240208,15:07:08,2.0,300,152650
20240208,15:07:17,2.0,250,152650
20240208,15:07:26,2.0,250,152650
20240208,15:08:28,1.95,100,152650
20240208,15:08:37,1.95,800,152650
20240208,15:08:46,1.9,1000,152350
20240208,15:08:54,1.9,1000,152350
20240208,15:09:20,1.95,5150,152350
20240208,15:09:29,1.95,550,152350
20240208,15:09:39,1.95,200,152350
20240208,15:09:49,1.95,300,152350
20240208,15:09:57,1.95,200,152350
20240208,15:10:06,1.95,50,152350
20240208,15:10:14,2.0,250,152350
20240208,15:10:32,1.95,2400,152350
20240208,15:10:50,2.05,250,152350
20240208,15:11:32,2.0,50,152350
20240208,15:11:41,1.95,100,152350
20240208,15:12:05,1.9,400,156300
20240208,15:12:22,1.9,100,156300
20240208,15:12:30,1.95,550,156300
20240208,15:12:38,2.0,250,156300
20240208,15:12:46,1.95,200,156300
20240208,15:12:54,2.0,300,156300
20240208,15:13:02,2.0,400,156300
20240208,15:13:19,1.95,850,156300
20240208,15:13:26,1.95,1000,156300
20240208,15:13:34,1.95,50,156300
20240208,15:14:07,2.0,250,156300
20240208,15:14:32,2.0,150,156300
20240208,15:15:24,1.95,450,157250
20240208,15:15:40,1.95,650,157250
20240208,15:15:49,1.95,250,157250
20240208,15:16:13,1.9,250,157250
20240208,15:16:45,1.9,50,157250
20240208,15:17:16,1.9,150,157250
20240208,15:17:23,1.9,250,157250
20240208,15:17:32,1.9,650,157250
20240208,15:17:40,1.85,1550,157250
20240208,15:17:48,1.85,1500,157450
20240208,15:17:56,1.9,300,157450
20240208,15:18:03,1.85,100,157450
20240208,15:18:19,1.85,1400,157450
20240208,15:18:26,1.9,1150,157450
20240208,15:18:57,1.9,500,157450
20240208,15:19:05,1.9,1850,157450
20240208,15:19:28,1.9,100,157450
20240208,15:20:10,2.0,20600,157450
20240208,15:20:19,2.0,8400,157450
20240208,15:20:43,2.05,50,174700
20240208,15:21:00,2.0,400,174700
20240208,15:21:07,2.0,250,174700
20240208,15:21:15,2.0,4400,174700
20240208,15:21:23,2.0,10800,174700
20240208,15:21:31,2.0,2350,174700
20240208,15:22:12,2.0,10700,174700
20240208,15:22:20,1.95,2650,174700
20240208,15:22:28,1.95,3750,174700
20240208,15:22:37,1.9,1000,174700
20240208,15:23:10,1.85,1400,174700
20240208,15:23:26,1.9,3250,174700
20240208,15:23:33,1.9,350,174700
20240208,15:23:41,1.95,5200,191300
20240208,15:23:55,1.9,100,191300
20240208,15:24:03,1.95,9050,191300
20240208,15:24:10,1.95,200,191300
20240208,15:24:25,1.9,50,191300
20240208,15:24:40,1.95,700,191300
20240208,15:24:48,1.9,6850,191300
20240208,15:24:55,1.9,3200,191300
20240208,15:25:03,1.9,500,191300
20240208,15:25:11,1.9,6250,191300
20240208,15:25:37,1.9,200,191300
20240208,15:25:45,1.9,750,191300
20240208,15:26:00,1.85,50,191300
20240208,15:26:08,1.9,1550,191300
20240208,15:26:16,1.9,150,191300
20240208,15:26:25,1.9,850,191300
20240208,15:26:42,1.85,200,191300
20240208,15:27:06,1.9,7600,213850
20240208,15:27:33,1.9,1000,213850
20240208,15:27:43,1.95,7500,213850
20240208,15:28:02,1.9,500,213850
20240208,15:28:20,1.8,400,213850
20240208,15:28:38,1.9,2200,213850
20240208,15:28:47,1.85,3950,213850
20240208,15:28:56,1.9,1800,213850
20240208,15:29:04,1.9,300,213850
20240208,15:29:13,1.85,4400,213850
20240208,15:29:30,1.85,3050,213850
20240208,15:29:39,1.9,1900,213850
20240208,15:29:49,1.95,50,224400
20240208,15:29:58,1.85,900,224400
20240209,09:15:03,1.95,1,223850
20240209,09:15:03,1.95,200,223850
20240209,09:15:04,1.95,400,223850
20240209,09:15:05,2.15,950,223850
20240209,09:15:05,1.9,950,223850
20240209,09:15:06,2.2,6350,223850
20240209,09:15:06,1.75,6350,223850
20240209,09:15:07,1.65,16250,223850
20240209,09:15:08,2.0,4050,223850
20240209,09:15:09,1.8,2250,223850
20240209,09:15:10,1.85,4450,223850
20240209,09:15:11,1.85,200,223850
20240209,09:15:12,1.85,100,223850
20240209,09:15:13,1.85,250,223850
20240209,09:15:15,1.8,650,223850
20240209,09:15:24,1.8,1500,223850
20240209,09:15:25,1.85,200,223850
20240209,09:15:29,1.85,400,223850
20240209,09:15:30,1.85,900,223850
20240209,09:15:33,1.8,900,223850
20240209,09:15:35,1.8,50,223850
20240209,09:15:38,1.75,50,223850
20240209,09:15:41,1.75,100,223850
20240209,09:15:42,1.75,3800,223850
20240209,09:15:49,1.75,1800,223850
20240209,09:15:53,1.8,6150,223850
20240209,09:16:03,1.75,250,223850
20240209,09:16:05,1.75,350,223850
20240209,09:16:06,1.75,200,223850
20240209,09:16:12,1.75,300,223850
20240209,09:16:13,1.75,1350,223850
20240209,09:16:15,1.75,50,223850
20240209,09:16:17,1.8,100,223850
20240209,09:16:19,1.75,500,233250
20240209,09:16:22,1.75,50,233250
20240209,09:16:27,1.75,5550,233250
20240209,09:16:28,1.75,600,233250
20240209,09:16:29,1.75,50,233250
20240209,09:16:30,1.75,100,233250
20240209,09:16:32,1.75,50,233250
20240209,09:16:39,1.7,400,233250
20240209,09:16:45,1.7,700,233250
20240209,09:16:55,1.7,1800,233250
20240209,09:16:56,1.7,3000,233250
20240209,09:16:57,1.7,50,233250
20240209,09:16:58,1.7,50,233250
20240209,09:16:59,1.7,50,233250
20240209,09:17:00,1.7,100,233250
20240209,09:17:03,1.7,2000,233250
20240209,09:17:10,1.75,2700,233250
20240209,09:17:15,1.75,250,233250
20240209,09:17:21,1.75,800,233250
20240209,09:17:22,1.75,450,233250
20240209,09:17:23,1.75,2600,233250
20240209,09:17:25,1.75,1850,233250
20240209,09:17:29,1.75,350,233250
20240209,09:17:31,1.8,50,233250
20240209,09:17:34,1.8,500,233250
20240209,09:17:35,1.8,1000,233250
20240209,09:17:38,1.8,50,233250
20240209,09:17:39,1.8,1600,233250
20240209,09:17:43,1.8,1800,233250
20240209,09:17:49,1.8,3050,233250
20240209,09:17:52,1.85,1950,233250
20240209,09:17:53,1.85,50,233250
20240209,09:17:54,1.85,4150,233250
20240209,09:17:55,1.85,2400,233250
20240209,09:17:56,1.85,450,233250
20240209,09:17:57,1.9,350,233250
20240209,09:17:58,1.85,1600,233250
20240209,09:17:59,1.85,450,233250
20240209,09:18:00,1.9,50,233250
20240209,09:18:03,1.9,10650,233250
20240209,09:18:08,1.9,50,233250
20240209,09:18:09,1.85,550,233250
20240209,09:18:10,1.85,50,233250
20240209,09:18:11,1.85,850,233250
20240209,09:18:16,1.85,300,233250
20240209,09:18:21,1.8,150,233250
20240209,09:18:22,1.8,100,233250
20240209,09:18:24,1.8,1950,233250
20240209,09:18:26,1.8,50,233250
20240209,09:18:32,1.8,50,233250
20240209,09:18:35,1.8,50,233250
20240209,09:18:44,1.75,400,233250
20240209,09:18:47,1.75,50,233250
20240209,09:18:48,1.8,100,233250
20240209,09:18:49,1.8,150,233250
20240209,09:18:51,1.75,100,233250
20240209,09:18:54,1.75,100,233250
20240209,09:19:01,1.75,4250,233250
20240209,09:19:05,1.75,50,233250
20240209,09:19:07,1.7,200,233250
20240209,09:19:09,1.7,250,233250
20240209,09:19:13,1.65,250,233250
20240209,09:19:15,1.65,50,233250
20240209,09:19:16,1.65,50,233250
20240209,09:19:27,1.65,100,233250
20240209,09:19:41,1.65,700,245500
20240209,09:19:47,1.6,1100,245500
20240209,09:19:58,1.6,100,245500
20240209,09:19:59,1.6,150,245500
20240209,09:20:06,1.6,300,245500
20240209,09:20:07,1.6,200,245500
20240209,09:20:15,1.65,2050,245500
20240209,09:20:16,1.6,16100,245500
20240209,09:20:30,1.65,750,245500
20240209,09:21:00,1.6,100,245500
20240209,09:21:10,1.6,50,245500
20240209,09:21:21,1.6,5950,245500
20240209,09:21:23,1.6,2250,245500
20240209,09:21:24,1.65,550,245500
20240209,09:21:26,1.65,600,245500
20240209,09:21:27,1.65,400,245500
20240209,09:21:29,1.65,750,245500
20240209,09:21:30,1.65,750,245500
20240209,09:21:32,1.65,700,245500
20240209,09:21:33,1.65,100,245500
20240209,09:21:34,1.65,200,245500
20240209,09:21:36,1.65,350,245500
20240209,09:21:38,1.65,200,245500
20240209,09:21:40,1.65,200,245500
20240209,09:21:41,1.65,6400,245500
20240209,09:21:42,1.65,1750,245500
20240209,09:21:43,1.65,50,245500
20240209,09:21:44,1.7,100,245500
20240209,09:21:45,1.7,500,245500
20240209,09:21:47,1.65,600,245500
20240209,09:21:49,1.7,800,245500
20240209,09:21:50,1.7,1000,245500
20240209,09:21:51,1.7,150,245500
20240209,09:21:52,1.7,1850,245500
20240209,09:21:54,1.7,850,245500
20240209,09:21:56,1.7,50,245500
20240209,09:21:58,1.75,1000,245500
20240209,09:21:59,1.7,1550,245500
20240209,09:22:00,1.75,200,245500
20240209,09:22:02,1.75,900,245500
20240209,09:22:04,1.75,1300,245500
20240209,09:22:05,1.75,400,245500
20240209,09:22:06,1.75,50,245500
20240209,09:22:13,1.75,100,245500
20240209,09:22:14,1.75,100,245500
20240209,09:22:17,1.75,2550,245500
20240209,09:22:30,1.7,1150,241950
20240209,09:22:40,1.65,50,241950
20240209,09:22:44,1.65,4700,241950
20240209,09:22:59,1.6,750,241950
20240209,09:23:02,1.65,50,241950
20240209,09:23:29,1.6,1500,241950
20240209,09:23:33,1.6,150,241950
20240209,09:23:34,1.6,850,241950
20240209,09:23:42,1.6,4600,241950
20240209,09:23:43,1.6,2600,241950
20240209,09:24:04,1.6,1800,241950
20240209,09:24:34,1.6,200,241950
20240209,09:25:18,1.6,50,241950
20240209,09:25:41,1.55,250,241950
20240209,09:25:50,1.55,250,250150
20240209,09:26:06,1.55,300,250150
20240209,09:27:07,1.55,1800,250150
20240209,09:27:08,1.6,1800,250150
20240209,09:27:22,1.55,1600,250150
20240209,09:27:23,1.55,400,250150
20240209,09:27:37,1.55,150,250150
20240209,09:28:09,1.55,50,250150
20240209,09:28:10,1.55,100,250150
20240209,09:28:17,1.55,950,250150
20240209,09:28:22,1.6,50,249850
20240209,09:28:25,1.6,50,249850
20240209,09:28:27,1.6,50,249850
20240209,09:28:28,1.55,50,249850
20240209,09:28:36,1.6,100,249850
20240209,09:28:47,1.6,50,249850
20240209,09:28:48,1.55,300,249850
20240209,09:29:08,1.55,100,249850
20240209,09:30:09,1.55,800,249850
20240209,09:30:10,1.55,3200,249850
20240209,09:31:00,1.55,250,249850
20240209,09:31:14,1.55,600,249850
20240209,09:31:15,1.55,1200,249850
20240209,09:32:25,1.55,400,251650
20240209,09:32:26,1.55,400,251650
20240209,09:32:27,1.55,1800,251650
20240209,09:32:29,1.55,800,251650
20240209,09:32:30,1.55,800,251650
20240209,09:32:33,1.55,200,251650
20240209,09:32:33,1.55,1200,251650
20240209,09:32:34,1.55,400,251650
20240209,09:32:49,1.5,350,251650
20240209,09:33:08,1.5,250,251650
20240209,09:33:26,1.5,250,251650
20240209,09:33:33,1.5,1800,251650
20240209,09:33:44,1.5,400,251650
20240209,09:33:45,1.5,3450,251650
20240209,09:33:46,1.45,150,251650
20240209,09:34:20,1.45,500,255750
20240209,09:34:24,1.5,800,255750
20240209,09:34:24,1.5,400,255750
20240209,09:34:25,1.5,1800,255750
20240209,09:34:29,1.5,1850,255750
20240209,09:34:30,1.5,400,255750
20240209,09:34:35,1.5,100,255750
20240209,09:34:49,1.45,1800,255750
20240209,09:34:51,1.45,1800,255750
20240209,09:34:52,1.45,200,255750
20240209,09:35:54,1.5,50,255750
20240209,09:36:09,1.5,1550,255750
20240209,09:36:10,1.5,1650,255750
20240209,09:37:40,1.5,50,255700
20240209,09:37:44,1.5,50,255700
20240209,09:37:48,1.5,50,255700
20240209,09:37:52,1.5,200,255700
20240209,09:37:59,1.5,300,255700
20240209,09:38:01,1.5,1700,255700
20240209,09:38:03,1.55,200,255700
20240209,09:38:09,1.55,1800,255700
20240209,09:38:11,1.55,1800,255700
20240209,09:38:57,1.55,1800,255700
20240209,09:39:33,1.55,1700,255700
20240209,09:39:45,1.55,50,255700
20240209,09:39:53,1.55,3600,255700
20240209,09:40:10,1.55,150,255700
20240209,09:40:11,1.55,150,255700
20240209,09:40:12,1.55,1950,255700
20240209,09:40:13,1.55,5400,255700
20240209,09:40:14,1.6,150,255700
20240209,09:40:15,1.6,150,255700
20240209,09:40:16,1.6,150,255700
20240209,09:40:17,1.6,1300,255700
20240209,09:40:18,1.6,150,255700
20240209,09:40:19,1.6,1950,255700
20240209,09:40:20,1.6,600,255700
20240209,09:40:21,1.6,150,255700
20240209,09:40:22,1.6,150,248950
20240209,09:40:23,1.6,300,248950
20240209,09:40:24,1.6,150,248950
20240209,09:40:25,1.6,150,248950
20240209,09:40:26,1.6,150,248950
20240209,09:40:27,1.6,150,248950
20240209,09:40:28,1.6,200,248950
20240209,09:40:29,1.6,200,248950
20240209,09:40:30,1.6,3600,248950
20240209,09:40:31,1.65,50,248950
20240209,09:40:32,1.65,50,248950
20240209,09:40:33,1.65,50,248950
20240209,09:40:34,1.65,50,248950
20240209,09:40:35,1.65,50,248950
20240209,09:40:36,1.65,50,248950
20240209,09:40:37,1.65,50,248950
20240209,09:40:38,1.65,3300,248950
20240209,09:40:39,1.65,550,248950
20240209,09:40:40,1.65,50,248950
20240209,09:40:41,1.65,50,248950
20240209,09:40:42,1.65,50,248950
20240209,09:40:43,1.65,50,248950
20240209,09:40:44,1.65,50,248950
20240209,09:40:45,1.65,50,248950
20240209,09:40:46,1.65,100,248950
20240209,09:40:47,1.65,50,248950
20240209,09:40:48,1.65,50,248950
20240209,09:40:49,1.65,50,248950
20240209,09:40:52,1.6,1800,248950
20240209,09:40:54,1.65,50,248950
20240209,09:40:55,1.65,50,248950
20240209,09:40:56,1.65,50,248950
20240209,09:40:57,1.65,50,248950
20240209,09:40:58,1.65,50,248950
20240209,09:40:59,1.65,50,248950
20240209,09:41:02,1.65,50,248950
20240209,09:41:03,1.65,50,248950
20240209,09:41:04,1.65,50,248950
20240209,09:41:05,1.65,50,248950
20240209,09:41:06,1.65,50,248950
20240209,09:41:07,1.65,50,248950
20240209,09:41:08,1.65,50,248950
20240209,09:41:09,1.65,50,248950
20240209,09:41:10,1.65,50,248950
20240209,09:41:11,1.65,150,248950
20240209,09:41:12,1.65,50,248950
20240209,09:41:13,1.65,50,248950
20240209,09:41:14,1.65,50,248950
20240209,09:41:15,1.65,50,248950
20240209,09:41:16,1.65,50,248950
20240209,09:41:17,1.65,50,248950
20240209,09:41:18,1.65,50,248950
20240209,09:41:19,1.65,50,248950
20240209,09:41:20,1.65,50,248950
20240209,09:41:21,1.65,50,248950
20240209,09:41:22,1.65,50,248950
20240209,09:41:23,1.65,50,248950
20240209,09:41:24,1.65,50,248950
20240209,09:41:35,1.65,650,248950
20240209,09:41:36,1.7,1850,248950
20240209,09:41:45,1.65,1600,248950
20240209,09:41:47,1.65,150,248950
20240209,09:41:59,1.65,300,248950
20240209,09:42:08,1.65,150,248950
20240209,09:42:10,1.65,900,248950
20240209,09:42:11,1.65,50,248950
20240209,09:42:12,1.65,50,248950
20240209,09:42:13,1.65,1950,248950
20240209,09:42:14,1.65,650,248950
20240209,09:42:15,1.65,950,248950
20240209,09:42:16,1.65,50,248950
20240209,09:42:17,1.65,900,248950
20240209,09:42:23,1.65,50,248950
20240209,09:42:26,1.65,50,248950
20240209,09:42:28,1.65,250,248950
20240209,09:42:30,1.65,300,248950
20240209,09:42:32,1.65,250,248950
20240209,09:42:33,1.65,50,248950
20240209,09:42:34,1.65,50,248950
20240209,09:42:41,1.65,1400,248950
20240209,09:42:42,1.65,50,248950
20240209,09:42:43,1.65,2650,248950
20240209,09:42:44,1.65,100,248950
20240209,09:42:52,1.65,50,248950
20240209,09:42:53,1.65,4800,248950
20240209,09:42:54,1.65,500,248950
20240209,09:42:55,1.65,50,248950
20240209,09:43:00,1.65,400,248950
20240209,09:43:00,1.65,50,248950
20240209,09:43:07,1.65,250,248950
20240209,09:43:35,1.65,550,248950
20240209,09:43:51,1.65,300,260200
20240209,09:44:12,1.65,100,260200
20240209,09:44:21,1.6,1800,260200
20240209,09:44:32,1.6,100,260200
20240209,09:44:44,1.65,250,260200
20240209,09:44:59,1.6,50,260200
20240209,09:45:03,1.6,1200,260200
20240209,09:45:30,1.6,100,260200
20240209,09:46:13,1.6,200,260200
20240209,09:46:14,1.6,1800,260200
20240209,09:46:28,1.55,50,262050
20240209,09:46:49,1.55,350,262050
20240209,09:47:00,1.6,50,262050
20240209,09:47:02,1.6,50,262050
20240209,09:47:03,1.6,50,262050
20240209,09:47:04,1.6,200,262050
20240209,09:47:05,1.6,200,262050
20240209,09:47:06,1.6,200,262050
20240209,09:47:10,1.6,2250,262050
20240209,09:47:20,1.6,400,262050
20240209,09:47:38,1.6,500,262050
20240209,09:47:46,1.6,750,262050
20240209,09:48:58,1.65,50,262050
20240209,09:48:59,1.65,50,262050
20240209,09:49:00,1.65,50,262050
20240209,09:49:02,1.65,100,262050
20240209,09:49:03,1.65,50,262050
20240209,09:49:04,1.65,50,262050
20240209,09:49:06,1.65,250,262050
20240209,09:49:07,1.65,200,262050
20240209,09:49:08,1.65,50,262050
20240209,09:49:09,1.65,50,262050
20240209,09:49:10,1.65,50,262050
20240209,09:49:11,1.65,50,262050
20240209,09:49:12,1.6,400,262050
20240209,09:49:14,1.65,100,262050
20240209,09:49:15,1.65,50,262050
20240209,09:49:16,1.65,50,262050
20240209,09:49:17,1.65,50,262050
20240209,09:49:18,1.65,50,262050
20240209,09:49:19,1.65,50,262050
20240209,09:49:21,1.65,100,262050
20240209,09:49:22,1.65,150,262050
20240209,09:49:23,1.65,50,262050
20240209,09:49:24,1.65,50,265600
20240209,09:49:25,1.65,50,265600
20240209,09:49:26,1.65,50,265600
20240209,09:49:27,1.65,50,265600
20240209,09:49:28,1.65,50,265600
20240209,09:49:29,1.65,50,265600
20240209,09:49:30,1.65,50,265600
20240209,09:49:31,1.65,50,265600
20240209,09:49:32,1.65,50,265600
20240209,09:49:33,1.65,50,265600
20240209,09:49:52,1.65,50,265600
20240209,09:50:01,1.65,50,265600
20240209,09:50:02,1.65,800,265600
20240209,09:50:06,1.65,50,265600
20240209,09:50:07,1.65,50,265600
20240209,09:50:08,1.65,50,265600
20240209,09:50:09,1.65,50,265600
20240209,09:50:10,1.65,50,265600
20240209,09:50:11,1.65,50,265600
20240209,09:50:12,1.65,50,265600
20240209,09:50:13,1.65,50,265600
20240209,09:50:14,1.65,50,265600
20240209,09:50:15,1.65,50,265600
20240209,09:50:31,1.65,50,265600
20240209,09:50:39,1.65,50,265600
20240209,09:50:43,1.65,50,265600
20240209,09:50:59,1.65,250,265600
20240209,09:51:00,1.65,1650,265600
20240209,09:51:04,1.65,50,265600
20240209,09:51:05,1.65,900,265600
20240209,09:51:06,1.7,200,265600
20240209,09:51:07,1.65,750,265600
20240209,09:51:08,1.7,200,265600
20240209,09:51:09,1.7,200,265600
20240209,09:51:10,1.7,200,265600
20240209,09:51:11,1.7,200,265600
20240209,09:51:12,1.7,12150,265600
20240209,09:51:13,1.7,200,265600
20240209,09:51:14,1.7,200,265600
20240209,09:51:15,1.7,200,265600
20240209,09:51:20,1.65,50,265600
20240209,09:51:41,1.65,250,265600
20240209,09:51:46,1.7,50,265600
20240209,09:51:47,1.7,50,265600
20240209,09:51:48,1.7,250,265600
20240209,09:51:50,1.7,50,265600
20240209,09:51:58,1.7,50,265600
20240209,09:52:03,1.7,2050,265600
20240209,09:52:08,1.7,1900,265600
20240209,09:52:12,1.7,250,265600
20240209,09:52:32,1.7,50,271950
20240209,09:52:33,1.7,50,271950
20240209,09:52:43,1.7,250,271950
20240209,09:52:50,1.7,50,271950
20240209,09:52:51,1.7,50,271950
20240209,09:52:55,1.65,50,271950
20240209,09:52:56,1.65,50,271950
20240209,09:52:57,1.65,50,271950
20240209,09:52:58,1.65,50,271950
20240209,09:52:59,1.65,50,271950
20240209,09:53:00,1.65,50,271950
20240209,09:53:01,1.65,50,271950
20240209,09:53:02,1.65,200,271950
20240209,09:53:03,1.65,2400,271950
20240209,09:53:04,1.6,250,271950
20240209,09:53:05,1.6,200,271950
20240209,09:53:06,1.6,50,271950
20240209,09:53:07,1.6,50,271950
20240209,09:53:08,1.6,50,271950
20240209,09:53:09,1.6,50,271950
20240209,09:53:10,1.6,50,271950
20240209,09:53:11,1.6,50,271950
20240209,09:53:12,1.6,200,271950
20240209,09:53:13,1.6,200,271950
20240209,09:53:14,1.6,200,271950
20240209,09:53:15,1.6,200,271950
20240209,09:53:16,1.6,50,271950
20240209,09:53:17,1.6,200,271950
20240209,09:53:18,1.6,200,271950
20240209,09:53:19,1.6,200,271950
20240209,09:53:20,1.6,200,271950
20240209,09:53:21,1.6,200,271950
20240209,09:53:22,1.6,200,271950
20240209,09:53:23,1.6,200,271950
20240209,09:53:24,1.6,200,271950
20240209,09:53:25,1.6,200,271950
20240209,09:53:26,1.6,200,271950
20240209,09:53:27,1.6,200,271950
20240209,09:53:28,1.6,200,271950
20240209,09:53:29,1.6,200,271950
20240209,09:53:30,1.6,200,271950
20240209,09:53:31,1.6,200,271950
20240209,09:53:34,1.65,400,271950
20240209,09:53:35,1.65,150,271950
20240209,09:53:36,1.6,50,271950
20240209,09:53:37,1.65,250,271950
20240209,09:53:38,1.65,1250,271950
20240209,09:53:39,1.65,650,271950
20240209,09:53:40,1.7,7100,271950
20240209,09:53:42,1.7,550,271950
20240209,09:53:44,1.65,50,271950
20240209,09:53:45,1.65,50,271950
20240209,09:53:46,1.65,50,271950
20240209,09:53:47,1.65,200,271950
20240209,09:53:48,1.65,200,271950
20240209,09:53:56,1.7,150,271950
20240209,09:54:03,1.65,50,271950
20240209,09:54:04,1.65,200,271950
20240209,09:54:05,1.65,550,271950
20240209,09:54:06,1.65,200,271950
20240209,09:54:07,1.65,200,271950
20240209,09:54:08,1.65,850,271950
20240209,09:54:09,1.6,200,271950
20240209,09:54:10,1.6,200,271950
20240209,09:54:11,1.6,200,271950
20240209,09:54:12,1.6,200,271950
20240209,09:54:13,1.6,200,271950
20240209,09:54:14,1.6,200,271950
20240209,09:54:15,1.6,200,271950
20240209,09:54:16,1.6,200,271950
20240209,09:54:17,1.6,200,271950
20240209,09:54:18,1.6,200,271950
20240209,09:54:19,1.6,200,271950
20240209,09:54:20,1.6,200,271950
20240209,09:54:21,1.6,200,271950
20240209,09:54:22,1.6,200,271950
20240209,09:54:23,1.6,2000,271950
20240209,09:54:24,1.6,200,271950
20240209,09:54:25,1.6,150,271950
20240209,09:54:26,1.6,150,271950
20240209,09:54:27,1.6,150,271950
20240209,09:54:28,1.6,150,271950
20240209,09:54:29,1.6,150,271950
20240209,09:54:30,1.6,250,271950
20240209,09:54:43,1.65,1800,271950
20240209,09:54:57,1.65,500,271950
20240209,09:55:01,1.65,1800,271950
20240209,09:55:03,1.65,1600,271950
20240209,09:55:04,1.65,5250,271950
20240209,09:55:05,1.65,6850,271950
20240209,09:55:20,1.65,1800,271950
20240209,09:55:31,1.65,50,271950
20240209,09:55:37,1.65,50,258250
20240209,09:55:38,1.65,1800,258250
20240209,09:56:01,1.65,750,258250
20240209,09:56:10,1.7,50,258250
20240209,09:56:19,1.65,7750,258250
20240209,09:56:19,1.65,500,258250
20240209,09:56:34,1.65,2000,258250
20240209,09:56:37,1.7,50,258250
20240209,09:57:00,1.65,1000,258250
20240209,09:59:37,1.7,3250,258250
20240209,09:59:38,1.75,50,258550
20240209,09:59:39,1.75,50,258550
20240209,09:59:40,1.75,3600,258550
20240209,09:59:41,1.75,4350,258550
20240209,09:59:42,1.75,50,258550
20240209,09:59:43,1.75,50,258550
20240209,09:59:44,1.75,50,258550
20240209,09:59:45,1.75,50,258550
20240209,09:59:46,1.75,50,258550
20240209,09:59:48,1.75,250,258550
20240209,09:59:49,1.75,150,258550
20240209,09:59:52,1.75,50,258550
20240209,09:59:53,1.75,50,258550
20240209,09:59:54,1.75,200,258550
20240209,09:59:56,1.75,400,258550
20240209,09:59:57,1.75,50,258550
20240209,09:59:59,1.75,100,258550
20240209,10:00:00,1.75,50,258550
20240209,10:00:02,1.75,100,258550
20240209,10:00:03,1.75,200,258550
20240209,10:00:05,1.75,400,258550
20240209,10:00:06,1.75,200,258550
20240209,10:00:07,1.75,200,258550
20240209,10:00:08,1.75,1650,258550
20240209,10:00:10,1.75,150,258550
20240209,10:00:11,1.8,50,258550
20240209,10:00:12,1.8,50,258550
20240209,10:00:13,1.8,50,258550
20240209,10:00:14,1.8,50,258550
20240209,10:00:15,1.8,50,258550
20240209,10:00:16,1.8,50,258550
20240209,10:00:17,1.8,50,258550
20240209,10:00:18,1.8,50,258550
20240209,10:00:19,1.8,50,258550
20240209,10:00:20,1.8,50,258550
20240209,10:00:21,1.8,50,258550
20240209,10:00:22,1.8,50,258550
20240209,10:00:23,1.8,50,258550
20240209,10:00:25,1.8,50,258550
20240209,10:00:26,1.8,50,258550
20240209,10:00:27,1.8,150,258550
20240209,10:00:28,1.8,200,258550
20240209,10:00:29,1.8,200,258550
20240209,10:00:30,1.8,200,258550
20240209,10:00:31,1.8,450,258550
20240209,10:00:32,1.8,300,258550
20240209,10:00:34,1.85,50,258550
20240209,10:00:35,1.85,50,258550
20240209,10:00:36,1.85,11050,258550
20240209,10:00:37,1.85,4300,258550
20240209,10:00:38,1.85,50,258550
20240209,10:00:39,1.85,200,258550
20240209,10:00:40,1.85,200,258550
20240209,10:00:41,1.85,600,258550
20240209,10:00:42,1.9,200,258550
20240209,10:00:43,1.9,200,258550
20240209,10:00:44,1.9,200,258550
20240209,10:00:45,1.9,200,258550
20240209,10:00:46,1.9,50,258550
20240209,10:00:47,1.9,50,258550
20240209,10:00:48,1.9,50,258550
20240209,10:00:49,1.9,50,258550
20240209,10:00:50,1.95,5750,258550
20240209,10:00:51,1.9,50,258550
20240209,10:00:53,1.95,9350,258550
20240209,10:01:00,1.9,7250,258550
20240209,10:01:01,1.9,6300,258550
20240209,10:01:02,1.95,100,258550
20240209,10:01:07,1.95,450,258550
20240209,10:01:08,2.0,300,258550
20240209,10:01:09,2.0,250,258550
20240209,10:01:10,2.05,1400,258550
20240209,10:01:11,2.05,2100,258550
20240209,10:01:12,2.05,200,258550
20240209,10:01:13,2.05,10150,258550
20240209,10:01:14,2.05,200,258550
20240209,10:01:26,2.0,5800,285950
20240209,10:01:28,2.0,1000,285950
20240209,10:01:38,1.95,250,285950
20240209,10:01:39,2.0,2400,285950
20240209,10:01:40,2.0,1250,285950
20240209,10:01:41,2.0,12300,285950
20240209,10:01:50,1.9,1400,285950
20240209,10:01:58,1.95,1850,285950
20240209,10:01:59,1.9,1250,285950
20240209,10:02:01,1.9,1750,285950
20240209,10:02:02,1.9,400,285950
20240209,10:02:07,1.95,1800,285950
20240209,10:02:09,1.9,2650,285950
20240209,10:02:10,1.9,50,285950
20240209,10:02:18,1.9,100,285950
20240209,10:02:21,1.85,50,285950
20240209,10:02:22,1.9,10000,285950
20240209,10:02:23,1.9,150,285950
20240209,10:02:24,1.9,400,285950
20240209,10:02:25,1.9,200,285950
20240209,10:02:26,1.9,100,285950
20240209,10:02:28,1.85,50,285950
20240209,10:02:29,1.85,50,285950
20240209,10:02:30,1.85,600,285950
20240209,10:02:31,1.85,600,285950
20240209,10:02:32,1.85,200,285950
20240209,10:02:34,1.85,650,285950
20240209,10:02:35,1.8,50,285950
20240209,10:02:36,1.8,50,285950
20240209,10:02:37,1.8,100,285950
20240209,10:02:38,1.8,50,285950
20240209,10:02:39,1.8,50,285950
20240209,10:02:40,1.8,50,285950
20240209,10:02:41,1.8,50,285950
20240209,10:02:42,1.8,100,285950
20240209,10:02:43,1.75,100,285950
20240209,10:02:44,1.75,100,285950
20240209,10:02:45,1.75,50,285950
20240209,10:02:46,1.75,50,285950
20240209,10:02:47,1.75,200,285950
20240209,10:02:48,1.75,200,285950
20240209,10:02:49,1.75,200,285950
20240209,10:02:50,1.75,50,285950
20240209,10:02:51,1.75,50,285950
20240209,10:02:52,1.75,100,285950
20240209,10:02:53,1.75,200,285950
20240209,10:02:54,1.7,100,285950
20240209,10:02:55,1.7,50,285950
20240209,10:02:56,1.7,200,285950
20240209,10:02:57,1.7,200,285950
20240209,10:02:58,1.7,200,285950
20240209,10:02:59,1.7,300,285950
20240209,10:03:00,1.7,200,285950
20240209,10:03:01,1.7,200,285950
20240209,10:03:02,1.7,200,285950
20240209,10:03:03,1.7,200,285950
20240209,10:03:04,1.7,200,285950
20240209,10:03:05,1.7,3900,285950
20240209,10:03:06,1.7,450,285950
20240209,10:03:07,1.7,1150,285950
20240209,10:03:08,1.7,3500,285950
20240209,10:03:09,1.65,200,285950
20240209,10:03:10,1.65,200,285950
20240209,10:03:13,1.65,50,285950
20240209,10:03:14,1.65,50,285950
20240209,10:03:15,1.65,50,285950
20240209,10:03:16,1.65,200,285950
20240209,10:03:17,1.65,200,285950
20240209,10:03:18,1.65,50,285950
20240209,10:03:20,1.65,50,285950
20240209,10:03:21,1.65,50,285950
20240209,10:03:22,1.65,50,285950
20240209,10:03:25,1.7,250,285950
20240209,10:03:28,1.7,200,285950
20240209,10:03:34,1.7,1250,285950
20240209,10:03:35,1.7,250,285950
20240209,10:03:36,1.7,250,285950
20240209,10:03:37,1.65,7000,285950
20240209,10:03:38,1.7,1200,285950
20240209,10:03:39,1.7,2000,285950
20240209,10:03:41,1.7,400,285950
20240209,10:03:44,1.7,50,285950
20240209,10:03:55,1.7,100,285950
20240209,10:04:05,1.75,50,285950
20240209,10:04:06,1.75,50,285950
20240209,10:04:46,1.7,1800,269150
20240209,10:04:48,1.7,250,269150
20240209,10:04:50,1.7,1550,269150
20240209,10:04:52,1.65,50,269150
20240209,10:04:56,1.65,50,269150
20240209,10:05:01,1.7,250,269150
20240209,10:05:38,1.65,150,269150
20240209,10:06:01,1.6,9650,269150
20240209,10:06:09,1.6,50,269150
20240209,10:06:10,1.6,200,269150
20240209,10:06:11,1.65,1850,269150
20240209,10:06:12,1.6,50,269150
20240209,10:06:13,1.6,50,269150
20240209,10:06:18,1.6,50,269150
20240209,10:06:31,1.6,50,269150
20240209,10:06:32,1.6,50,269150
20240209,10:06:33,1.6,50,269150
20240209,10:06:34,1.6,200,269150
20240209,10:06:35,1.6,200,269150
20240209,10:06:36,1.6,200,269150
20240209,10:06:37,1.6,200,269150
20240209,10:06:38,1.6,200,269150
20240209,10:06:39,1.55,200,269150
20240209,10:06:40,1.55,200,269150
20240209,10:06:41,1.55,200,269150
20240209,10:06:42,1.55,200,269150
20240209,10:06:43,1.55,200,269150
20240209,10:06:44,1.55,200,269150
20240209,10:06:45,1.55,200,269150
20240209,10:06:46,1.55,150,269150
20240209,10:07:01,1.6,50,269150
20240209,10:07:02,1.55,50,269150
20240209,10:07:31,1.6,1600,269250
20240209,10:07:40,1.55,100,269250
20240209,10:09:00,1.55,50,269250
20240209,10:09:24,1.6,100,269250
20240209,10:09:36,1.55,1050,269250
20240209,10:09:40,1.6,50,269250
20240209,10:09:41,1.6,50,269250
20240209,10:09:41,1.55,50,269250
20240209,10:09:42,1.6,50,269250
20240209,10:09:43,1.6,50,269250
20240209,10:09:44,1.6,50,269250
20240209,10:09:45,1.6,50,269250
20240209,10:09:46,1.6,50,269250
20240209,10:09:47,1.6,50,269250
20240209,10:09:48,1.6,50,269250
20240209,10:09:49,1.6,50,269250
20240209,10:09:50,1.6,50,269250
20240209,10:09:51,1.6,50,269250
20240209,10:09:52,1.6,50,269250
20240209,10:09:53,1.6,50,269250
20240209,10:09:54,1.6,50,269250
20240209,10:09:56,1.6,250,269250
20240209,10:09:57,1.6,200,269250
20240209,10:09:58,1.6,200,269250
20240209,10:09:59,1.6,200,269250
20240209,10:10:06,1.6,50,269250
20240209,10:10:07,1.6,50,269250
20240209,10:10:08,1.6,50,269250
20240209,10:10:09,1.6,50,269250
20240209,10:10:10,1.6,100,269250
20240209,10:10:11,1.65,50,269250
20240209,10:10:12,1.65,200,269250
20240209,10:10:14,1.65,400,269250
20240209,10:10:15,1.65,50,269250
20240209,10:10:16,1.65,50,269250
20240209,10:10:17,1.65,50,269250
20240209,10:10:17,1.65,1800,269250
20240209,10:10:18,1.65,50,269250
20240209,10:10:19,1.65,50,269250
20240209,10:10:21,1.65,400,269250
20240209,10:10:21,1.65,200,269250
20240209,10:10:22,1.65,200,269250
20240209,10:10:23,1.65,200,269250
20240209,10:10:24,1.65,200,269250
20240209,10:10:25,1.65,200,269250
20240209,10:10:27,1.65,250,270050
20240209,10:10:28,1.65,50,270050
20240209,10:10:29,1.65,50,270050
20240209,10:10:30,1.65,50,270050
20240209,10:10:31,1.65,50,270050
20240209,10:10:32,1.65,50,270050
20240209,10:10:33,1.65,50,270050
20240209,10:10:34,1.65,50,270050
20240209,10:10:36,1.65,100,270050
20240209,10:10:37,1.65,50,270050
20240209,10:10:37,1.6,150,270050
20240209,10:10:39,1.65,100,270050
20240209,10:10:40,1.65,50,270050
20240209,10:10:41,1.65,50,270050
20240209,10:10:42,1.65,50,270050
20240209,10:10:43,1.65,50,270050
20240209,10:10:44,1.65,200,270050
20240209,10:10:45,1.65,2000,270050
20240209,10:10:46,1.65,200,270050
20240209,10:10:47,1.65,200,270050
20240209,10:10:48,1.65,50,270050
20240209,10:10:49,1.65,50,270050
20240209,10:10:51,1.65,250,270050
20240209,10:10:52,1.65,200,270050
20240209,10:10:53,1.65,200,270050
20240209,10:10:54,1.65,200,270050
20240209,10:10:55,1.65,200,270050
20240209,10:10:56,1.65,200,270050
20240209,10:10:58,1.65,400,270050
20240209,10:10:59,1.65,50,270050
20240209,10:11:00,1.65,50,270050
20240209,10:11:02,1.65,400,270050
20240209,10:11:02,1.6,250,270050
20240209,10:11:03,1.65,200,270050
20240209,10:11:04,1.65,200,270050
20240209,10:11:05,1.65,2200,270050
20240209,10:11:07,1.7,100,270050
20240209,10:11:08,1.7,50,270050
20240209,10:11:09,1.7,50,270050
20240209,10:11:11,1.7,100,270050
20240209,10:11:12,1.7,50,270050
20240209,10:11:13,1.7,50,270050
20240209,10:11:14,1.7,50,270050
20240209,10:11:15,1.7,50,270050
20240209,10:11:16,1.7,50,270050
20240209,10:11:17,1.7,50,270050
20240209,10:11:18,1.7,50,270050
20240209,10:11:19,1.7,50,270050
20240209,10:11:20,1.7,50,270050
20240209,10:11:21,1.7,50,270050
20240209,10:11:23,1.7,50,270050
20240209,10:11:43,1.65,50,270050
20240209,10:11:48,1.7,50,270050
20240209,10:11:49,1.7,50,270050
20240209,10:11:50,1.7,50,270050
20240209,10:11:51,1.7,50,270050
20240209,10:11:52,1.7,50,270050
20240209,10:11:53,1.7,50,270050
20240209,10:11:54,1.7,50,270050
20240209,10:11:55,1.7,50,270050
20240209,10:11:56,1.7,50,270050
20240209,10:11:57,1.7,50,270050
20240209,10:11:58,1.7,50,270050
20240209,10:11:59,1.7,50,270050
20240209,10:12:00,1.7,50,270050
20240209,10:12:01,1.7,3150,270050
20240209,10:12:19,1.7,1000,270050
20240209,10:12:21,1.7,2000,270050
20240209,10:12:22,1.7,1100,270050
20240209,10:12:24,1.65,1250,270050
20240209,10:12:35,1.7,50,270050
20240209,10:12:36,1.7,50,270050
20240209,10:12:42,1.7,50,270050
20240209,10:12:43,1.7,50,270050
20240209,10:12:44,1.7,50,270050
20240209,10:12:45,1.7,50,270050
20240209,10:12:46,1.7,50,270050
20240209,10:12:47,1.7,50,270050
20240209,10:13:49,1.7,50,270050
20240209,10:13:50,1.7,50,271500
20240209,10:13:51,1.7,50,271500
20240209,10:13:52,1.7,50,271500
20240209,10:13:53,1.7,50,271500
20240209,10:13:54,1.7,50,271500
20240209,10:13:55,1.7,50,271500
20240209,10:13:56,1.7,50,271500
20240209,10:13:57,1.7,50,271500
20240209,10:13:58,1.7,200,271500
20240209,10:13:59,1.7,200,271500
20240209,10:14:00,1.7,200,271500
20240209,10:14:02,1.7,50,271500
20240209,10:14:03,1.7,50,271500
20240209,10:14:04,1.7,50,271500
20240209,10:14:05,1.7,50,271500
20240209,10:14:06,1.7,50,271500
20240209,10:14:07,1.7,50,271500
20240209,10:14:08,1.7,50,271500
20240209,10:14:09,1.7,50,271500
20240209,10:14:10,1.7,50,271500
20240209,10:14:15,1.7,50,271500
20240209,10:14:16,1.7,50,271500
20240209,10:14:17,1.7,50,271500
20240209,10:14:18,1.7,50,271500
20240209,10:14:19,1.7,50,271500
20240209,10:14:20,1.7,50,271500
20240209,10:14:21,1.7,50,271500
20240209,10:14:22,1.7,50,271500
20240209,10:14:23,1.7,50,271500
20240209,10:14:24,1.7,50,271500
20240209,10:14:25,1.7,50,271500
20240209,10:14:26,1.7,50,271500
20240209,10:14:27,1.7,50,271500
20240209,10:14:28,1.7,50,271500
20240209,10:14:29,1.7,50,271500
20240209,10:14:30,1.7,200,271500
20240209,10:14:48,1.65,500,271500
20240209,10:14:53,1.7,50,271500
20240209,10:15:06,1.65,100,271500
20240209,10:15:21,1.65,450,271500
20240209,10:15:47,1.7,50,271500
20240209,10:15:48,1.7,50,271500
20240209,10:15:49,1.7,50,271500
20240209,10:15:50,1.7,50,271500
20240209,10:15:51,1.7,50,271500
20240209,10:15:52,1.7,50,271500
20240209,10:15:53,1.7,50,271500
20240209,10:15:54,1.7,50,271500
20240209,10:15:55,1.7,50,271500
20240209,10:15:56,1.7,50,271500
20240209,10:15:57,1.7,50,271500
20240209,10:15:58,1.7,50,271500
20240209,10:15:59,1.7,50,271500
20240209,10:16:00,1.7,50,271500
20240209,10:16:01,1.7,100,271500
20240209,10:16:02,1.7,50,271500
20240209,10:16:03,1.75,1400,271500
20240209,10:16:04,1.75,50,271500
20240209,10:16:05,1.75,50,271500
20240209,10:16:06,1.75,50,271500
20240209,10:16:07,1.75,50,271500
20240209,10:16:08,1.75,50,271500
20240209,10:16:09,1.75,50,271500
20240209,10:16:10,1.75,50,271500
20240209,10:16:11,1.75,50,271500
20240209,10:16:12,1.75,50,271500
20240209,10:16:13,1.75,200,271500
20240209,10:16:14,1.75,200,271500
20240209,10:16:15,1.75,1450,271500
20240209,10:16:16,1.75,50,271500
20240209,10:16:17,1.8,50,271500
20240209,10:16:18,1.8,200,271500
20240209,10:16:19,1.75,750,271500
20240209,10:16:20,1.8,200,271500
20240209,10:16:21,1.8,200,271500
20240209,10:16:22,1.8,300,271500
20240209,10:16:23,1.8,50,271500
20240209,10:16:24,1.8,50,271500
20240209,10:16:25,1.8,150,271500
20240209,10:16:26,1.8,50,271500
20240209,10:16:27,1.8,50,276000
20240209,10:16:28,1.8,200,276000
20240209,10:16:29,1.8,200,276000
20240209,10:16:30,1.8,200,276000
20240209,10:16:31,1.8,50,276000
20240209,10:16:32,1.8,50,276000
20240209,10:16:33,1.8,50,276000
20240209,10:16:34,1.8,50,276000
20240209,10:16:35,1.8,50,276000
20240209,10:16:36,1.8,50,276000
20240209,10:16:37,1.8,50,276000
20240209,10:16:38,1.75,300,276000
20240209,10:16:39,1.8,200,276000
20240209,10:16:40,1.8,50,276000
20240209,10:16:41,1.8,50,276000
20240209,10:16:42,1.75,1050,276000
20240209,10:16:43,1.8,50,276000
20240209,10:16:44,1.8,50,276000
20240209,10:16:45,1.8,1150,276000
20240209,10:16:46,1.8,50,276000
20240209,10:16:47,1.8,50,276000
20240209,10:16:48,1.8,50,276000
20240209,10:16:49,1.8,50,276000
20240209,10:16:50,1.8,50,276000
20240209,10:16:51,1.8,50,276000
20240209,10:16:52,1.8,50,276000
20240209,10:16:53,1.8,50,276000
20240209,10:16:54,1.8,50,276000
20240209,10:16:55,1.8,50,276000
20240209,10:16:56,1.8,1850,276000
20240209,10:16:57,1.8,50,276000
20240209,10:16:58,1.8,50,276000
20240209,10:16:59,1.8,50,276000
20240209,10:17:00,1.8,50,276000
20240209,10:17:01,1.8,50,276000
20240209,10:17:02,1.8,50,276000
20240209,10:17:03,1.8,50,276000
20240209,10:17:04,1.8,50,276000
20240209,10:17:05,1.8,50,276000
20240209,10:17:06,1.8,50,276000
20240209,10:17:07,1.8,50,276000
20240209,10:17:08,1.8,50,276000
20240209,10:17:09,1.8,50,276000
20240209,10:17:10,1.8,50,276000
20240209,10:17:11,1.8,50,276000
20240209,10:17:12,1.8,50,276000
20240209,10:17:13,1.8,50,276000
20240209,10:17:14,1.75,1850,276000
20240209,10:17:15,1.8,50,276000
20240209,10:17:26,1.75,700,276000
20240209,10:17:47,1.75,50,276000
20240209,10:17:51,1.8,50,276000
20240209,10:17:54,1.8,50,276000
20240209,10:17:55,1.8,50,276000
20240209,10:17:56,1.8,50,276000
20240209,10:17:57,1.8,50,276000
20240209,10:17:58,1.8,50,276000
20240209,10:17:59,1.8,50,276000
20240209,10:18:00,1.8,50,276000
20240209,10:18:01,1.8,50,276000
20240209,10:18:02,1.8,50,276000
20240209,10:18:03,1.8,50,276000
20240209,10:18:04,1.8,50,276000
20240209,10:18:05,1.8,50,276000
20240209,10:18:06,1.8,50,276000
20240209,10:18:08,1.8,50,276000
20240209,10:18:09,1.8,50,276000
20240209,10:18:10,1.8,500,276000
20240209,10:18:11,1.8,50,276000
20240209,10:18:12,1.8,50,276000
20240209,10:18:13,1.8,50,276000
20240209,10:18:14,1.8,200,276000
20240209,10:18:15,1.8,200,276000
20240209,10:18:16,1.8,200,276000
20240209,10:18:20,1.8,50,276000
20240209,10:18:21,1.8,50,276000
20240209,10:18:22,1.8,50,276000
20240209,10:18:23,1.8,50,276000
20240209,10:18:23,1.75,4000,276000
20240209,10:18:24,1.8,50,276000
20240209,10:18:25,1.8,50,276000
20240209,10:18:26,1.8,50,276000
20240209,10:18:27,1.8,50,276000
20240209,10:18:28,1.75,900,276000
20240209,10:18:29,1.8,50,276000
20240209,10:18:30,1.8,50,276000
20240209,10:18:31,1.8,50,276000
20240209,10:18:32,1.8,50,276000
20240209,10:18:33,1.8,200,276000
20240209,10:18:34,1.8,200,276000
20240209,10:18:35,1.8,650,276000
20240209,10:18:36,1.8,1850,276000
20240209,10:18:37,1.8,100,276000
20240209,10:18:38,1.85,50,276000
20240209,10:18:39,1.85,50,276000
20240209,10:18:40,1.85,50,276000
20240209,10:18:41,1.85,50,276000
20240209,10:18:42,1.85,50,276000
20240209,10:18:43,1.85,50,276000
20240209,10:18:44,1.85,50,276000
20240209,10:18:45,1.85,50,276000
20240209,10:18:48,1.85,50,276000
20240209,10:18:54,1.85,50,276000
20240209,10:18:55,1.85,50,276000
20240209,10:18:56,1.85,50,276000
20240209,10:18:57,1.8,2600,276000
20240209,10:18:59,1.8,50,276000
20240209,10:19:00,1.8,50,276000
20240209,10:19:01,1.8,50,276000
20240209,10:19:02,1.8,50,276000
20240209,10:19:03,1.8,50,276000
20240209,10:19:04,1.8,50,276000
20240209,10:19:05,1.8,50,276000
20240209,10:19:06,1.8,50,276000
20240209,10:19:07,1.8,50,276000
20240209,10:19:08,1.8,50,276000
20240209,10:19:09,1.8,50,276000
20240209,10:19:10,1.8,50,276000
20240209,10:19:11,1.8,50,276000
20240209,10:19:12,1.8,50,276000
20240209,10:19:13,1.8,50,276000
20240209,10:19:14,1.8,50,276000
20240209,10:19:15,1.8,50,276000
20240209,10:19:16,1.8,50,276000
20240209,10:19:17,1.8,50,276000
20240209,10:19:18,1.8,100,276000
20240209,10:19:19,1.8,50,276000
20240209,10:19:20,1.8,50,276000
20240209,10:19:21,1.8,50,276000
20240209,10:19:22,1.8,50,276000
20240209,10:19:27,1.75,600,276000
20240209,10:19:41,1.8,100,282950
20240209,10:19:47,1.8,650,282950
20240209,10:19:48,1.8,250,282950
20240209,10:19:56,1.8,50,282950
20240209,10:20:00,1.8,200,282950
20240209,10:20:01,1.8,2150,282950
20240209,10:20:07,1.8,7000,282950
20240209,10:20:11,1.8,850,282950
20240209,10:20:13,1.8,200,282950
20240209,10:20:17,1.8,200,282950
20240209,10:20:20,1.85,50,282950
20240209,10:20:29,1.85,50,282950
20240209,10:20:30,1.85,50,282950
20240209,10:20:31,1.85,50,282950
20240209,10:20:33,1.85,100,282950
20240209,10:20:34,1.85,50,282950
20240209,10:20:35,1.85,50,282950
20240209,10:20:36,1.85,50,282950
20240209,10:20:37,1.85,50,282950
20240209,10:20:38,1.85,50,282950
20240209,10:20:39,1.85,50,282950
20240209,10:20:40,1.85,50,282950
20240209,10:20:41,1.85,50,282950
20240209,10:20:43,1.85,200,282950
20240209,10:20:45,1.85,100,282950
20240209,10:20:46,1.85,50,282950
20240209,10:20:47,1.85,3250,282950
20240209,10:20:49,1.85,100,282950
20240209,10:20:51,1.85,100,282950
20240209,10:20:52,1.85,50,282950
20240209,10:20:53,1.85,50,282950
20240209,10:20:54,1.85,50,282950
20240209,10:20:56,1.85,100,282950
20240209,10:20:57,1.8,2450,282950
20240209,10:20:59,1.85,300,282950
20240209,10:21:00,1.85,900,282950
20240209,10:21:02,1.8,1600,282950
20240209,10:21:03,1.8,900,282950
20240209,10:21:05,1.8,550,282950
20240209,10:21:07,1.8,950,282950
20240209,10:21:09,1.75,550,282950
20240209,10:21:10,1.8,700,282950
20240209,10:21:11,1.8,1900,282950
20240209,10:21:11,1.8,1800,282950
20240209,10:21:14,1.75,750,282950
20240209,10:21:15,1.75,200,282950
20240209,10:21:17,1.75,1000,282950
20240209,10:21:19,1.75,550,282950
20240209,10:21:21,1.75,200,282950
20240209,10:21:22,1.75,550,282950
20240209,10:21:24,1.75,550,282950
20240209,10:21:27,1.75,200,282950
20240209,10:21:29,1.75,850,282950
20240209,10:21:30,1.75,1800,282950
20240209,10:21:34,1.7,1000,282950
20240209,10:21:35,1.75,1800,282950
20240209,10:22:05,1.75,200,282950
20240209,10:22:07,1.75,100,282950
20240209,10:25:18,1.75,700,276600
20240209,10:25:24,1.8,1800,276600
20240209,10:25:40,1.8,1750,278300
20240209,10:25:44,1.85,250,278300
20240209,10:25:48,1.8,50,278300
20240209,10:25:49,1.8,50,278300
20240209,10:26:16,1.85,50,278300
20240209,10:26:17,1.85,50,278300
20240209,10:26:19,1.85,200,278300
20240209,10:26:23,1.8,50,278300
20240209,10:26:32,1.85,350,278300
20240209,10:26:50,1.85,400,278300
20240209,10:27:05,1.8,250,278300
20240209,10:27:45,1.8,600,278300
20240209,10:27:46,1.8,100,278300
20240209,10:27:47,1.8,550,278300
20240209,10:27:55,1.8,250,278300
20240209,10:28:08,1.75,100,278300
20240209,10:28:24,1.8,150,278300
20240209,10:28:28,1.8,100,279100
20240209,10:28:29,1.8,100,279100
20240209,10:28:57,1.8,50,279100
20240209,10:29:23,1.8,100,279100
20240209,10:29:36,1.75,400,279100
20240209,10:29:45,1.8,200,279100
20240209,10:29:52,1.8,2350,279100
20240209,10:29:57,1.8,100,279100
20240209,10:30:02,1.8,50,279100
20240209,10:30:03,1.8,50,279100
20240209,10:30:32,1.75,200,279100
20240209,10:30:33,1.75,550,279100
20240209,10:30:41,1.8,50,279100
20240209,10:30:45,1.75,50,279100
20240209,10:30:50,1.75,200,279100
20240209,10:30:52,1.75,700,279100
20240209,10:30:54,1.8,50,279100
20240209,10:31:35,1.8,100,277850
20240209,10:31:59,1.8,250,277850
20240209,10:32:06,1.8,100,277850
20240209,10:32:12,1.75,500,277850
20240209,10:32:14,1.8,250,277850
20240209,10:32:17,1.85,200,277850
20240209,10:32:17,1.8,250,277850
20240209,10:32:54,1.8,50,277850
20240209,10:32:56,1.85,100,277850
20240209,10:34:05,1.8,50,277850
20240209,10:34:06,1.8,50,277850
20240209,10:34:07,1.8,50,277850
20240209,10:34:08,1.8,150,277850
20240209,10:34:09,1.8,50,277850
20240209,10:34:10,1.8,200,277850
20240209,10:34:11,1.8,50,277850
20240209,10:34:12,1.8,200,277850
20240209,10:34:13,1.8,1050,277850
20240209,10:34:14,1.8,200,277850
20240209,10:34:15,1.8,1100,277850
20240209,10:34:16,1.8,200,277850
20240209,10:34:17,1.8,1100,277850
20240209,10:34:18,1.8,200,277850
20240209,10:34:19,1.8,1100,277850
20240209,10:34:20,1.8,400,277850
20240209,10:34:21,1.8,600,277850
20240209,10:34:22,1.8,1400,277850
20240209,10:34:23,1.8,750,277850
20240209,10:34:24,1.85,450,277850
20240209,10:34:25,1.85,550,277850
20240209,10:34:26,1.8,200,277850
20240209,10:34:27,1.8,1100,277850
20240209,10:34:28,1.8,200,277850
20240209,10:34:30,1.8,600,281150
20240209,10:34:31,1.8,50,281150
20240209,10:34:32,1.8,50,281150
20240209,10:34:33,1.8,50,281150
20240209,10:34:34,1.8,200,281150
20240209,10:34:35,1.8,200,281150
20240209,10:34:36,1.8,550,281150
20240209,10:34:37,1.75,450,281150
20240209,10:34:38,1.75,50,281150
20240209,10:34:39,1.75,50,281150
20240209,10:34:40,1.75,50,281150
20240209,10:34:41,1.75,50,281150
20240209,10:34:42,1.75,50,281150
20240209,10:34:43,1.75,50,281150
20240209,10:34:44,1.75,50,281150
20240209,10:34:45,1.75,200,281150
20240209,10:34:46,1.75,200,281150
20240209,10:34:47,1.75,200,281150
20240209,10:34:48,1.75,200,281150
20240209,10:34:49,1.75,200,281150
20240209,10:34:50,1.75,200,281150
20240209,10:34:51,1.75,50,281150
20240209,10:34:53,1.7,150,281150
20240209,10:34:54,1.7,200,281150
20240209,10:34:55,1.7,200,281150
20240209,10:34:56,1.7,200,281150
20240209,10:34:57,1.7,200,281150
20240209,10:34:58,1.7,200,281150
20240209,10:34:59,1.7,200,281150
20240209,10:35:00,1.7,200,281150
20240209,10:35:01,1.7,200,281150
20240209,10:35:03,1.7,50,281150
20240209,10:35:04,1.7,150,281150
20240209,10:35:09,1.7,50,281150
20240209,10:35:10,1.7,150,281150
20240209,10:35:11,1.7,50,281150
20240209,10:35:12,1.7,50,281150
20240209,10:35:13,1.7,50,281150
20240209,10:35:14,1.7,50,281150
20240209,10:35:15,1.7,50,281150
20240209,10:35:16,1.7,1050,281150
20240209,10:35:17,1.7,200,281150
20240209,10:35:18,1.7,200,281150
20240209,10:35:20,1.7,50,281150
20240209,10:35:21,1.7,50,281150
20240209,10:35:22,1.7,50,281150
20240209,10:35:23,1.7,50,281150
20240209,10:35:24,1.7,50,281150
20240209,10:35:25,1.7,50,281150
20240209,10:36:03,1.75,7350,281150
20240209,10:36:07,1.75,200,281150
20240209,10:36:14,1.75,1400,281150
20240209,10:36:15,1.75,50,281150
20240209,10:36:19,1.75,50,281150
20240209,10:36:28,1.75,250,281150
20240209,10:37:08,1.8,50,281150
20240209,10:37:31,1.8,1500,281150
20240209,10:37:32,1.8,1000,281150
20240209,10:37:33,1.8,100,281150
20240209,10:37:34,1.8,1150,281150
20240209,10:37:42,1.8,50,281150
20240209,10:37:43,1.8,50,281150
20240209,10:39:18,1.8,1800,281150
20240209,10:39:58,1.75,50,281150
20240209,10:39:58,1.8,50,281150
20240209,10:40:27,1.75,50,281150
20240209,10:41:02,1.75,50,281150
20240209,10:41:03,1.75,50,284800
20240209,10:41:04,1.75,200,284800
20240209,10:41:05,1.75,200,284800
20240209,10:41:06,1.75,200,284800
20240209,10:41:07,1.7,300,284800
20240209,10:41:08,1.7,50,284800
20240209,10:41:09,1.7,50,284800
20240209,10:41:10,1.7,50,284800
20240209,10:41:11,1.7,50,284800
20240209,10:41:12,1.7,50,284800
20240209,10:41:13,1.7,50,284800
20240209,10:41:14,1.7,200,284800
20240209,10:41:15,1.7,200,284800
20240209,10:41:16,1.7,200,284800
20240209,10:41:17,1.7,50,284800
20240209,10:41:18,1.7,50,284800
20240209,10:41:19,1.7,50,284800
20240209,10:41:20,1.7,50,284800
20240209,10:41:21,1.7,50,284800
20240209,10:41:22,1.7,50,284800
20240209,10:41:23,1.7,50,284800
20240209,10:41:24,1.7,50,284800
20240209,10:41:25,1.7,50,284800
20240209,10:41:26,1.7,50,284800
20240209,10:41:27,1.7,50,284800
20240209,10:41:28,1.7,50,284800
20240209,10:41:29,1.7,50,284800
20240209,10:41:30,1.7,200,284800
20240209,10:41:31,1.7,200,284800
20240209,10:41:32,1.7,200,284800
20240209,10:41:56,1.7,100,284800
20240209,10:42:02,1.7,50,284800
20240209,10:42:03,1.7,600,284800
20240209,10:42:04,1.7,50,284800
20240209,10:42:05,1.7,900,284800
20240209,10:42:06,1.7,50,284800
20240209,10:42:07,1.7,950,284800
20240209,10:42:08,1.7,50,284800
20240209,10:42:09,1.7,900,284800
20240209,10:42:10,1.7,50,284800
20240209,10:42:11,1.7,50,284800
20240209,10:42:15,1.75,550,284800
20240209,10:42:21,1.7,100,284800
20240209,10:43:23,1.75,50,284800
20240209,10:45:06,1.7,50,283700
20240209,10:45:31,1.75,600,283700
20240209,10:45:40,1.75,50,283700
20240209,10:45:41,1.75,50,283700
20240209,10:45:42,1.75,50,283700
20240209,10:45:43,1.75,600,283700
20240209,10:45:49,1.75,50,283700
20240209,10:45:50,1.75,50,283700
20240209,10:45:59,1.75,50,283700
20240209,10:46:00,1.75,50,283700
20240209,10:46:01,1.75,50,283700
20240209,10:46:03,1.75,50,283700
20240209,10:46:06,1.75,50,283700
20240209,10:46:11,1.75,50,283700
20240209,10:46:20,1.75,300,283700
20240209,10:46:27,1.75,50,283700
20240209,10:46:28,1.75,50,283700
20240209,10:46:29,1.75,900,283700
20240209,10:46:30,1.8,150,283700
20240209,10:46:31,1.8,200,283500
20240209,10:46:32,1.8,150,283500
20240209,10:46:33,1.8,150,283500
20240209,10:46:34,1.8,200,283500
20240209,10:46:35,1.8,200,283500
20240209,10:46:36,1.8,2750,283500
20240209,10:46:37,1.8,50,283500
20240209,10:46:38,1.8,50,283500
20240209,10:46:39,1.8,200,283500
20240209,10:46:40,1.8,200,283500
20240209,10:46:41,1.8,200,283500
20240209,10:46:42,1.8,200,283500
20240209,10:46:43,1.8,50,283500
20240209,10:46:44,1.8,50,283500
20240209,10:46:45,1.8,50,283500
20240209,10:46:46,1.8,50,283500
20240209,10:46:47,1.8,50,283500
20240209,10:46:48,1.8,50,283500
20240209,10:46:49,1.8,50,283500
20240209,10:46:50,1.8,50,283500
20240209,10:47:26,1.8,50,283500
20240209,10:47:28,1.75,50,283500
20240209,10:47:29,1.75,50,283500
20240209,10:47:30,1.75,200,283500
20240209,10:47:31,1.75,200,283500
20240209,10:47:32,1.75,200,283500
20240209,10:47:33,1.75,200,283500
20240209,10:47:34,1.75,200,283500
20240209,10:47:35,1.75,200,283500
20240209,10:47:36,1.75,350,283500
20240209,10:47:37,1.75,50,283500
20240209,10:47:39,1.7,150,283500
20240209,10:47:40,1.7,200,283500
20240209,10:47:41,1.75,350,283500
20240209,10:47:42,1.75,250,283500
20240209,10:47:43,1.7,200,283500
20240209,10:47:44,1.7,200,283500
20240209,10:47:45,1.7,200,283500
20240209,10:47:46,1.7,200,283500
20240209,10:47:47,1.7,300,283500
20240209,10:47:48,1.7,300,283500
20240209,10:47:49,1.7,200,283500
20240209,10:47:55,1.7,200,283500
20240209,10:47:56,1.7,200,283500
20240209,10:47:57,1.7,200,283500
20240209,10:48:05,1.75,2500,283500
20240209,10:48:06,1.75,200,283500
20240209,10:48:07,1.75,150,283500
20240209,10:48:08,1.75,150,283500
20240209,10:48:11,1.75,150,283500
20240209,10:48:13,1.75,150,283500
20240209,10:48:17,1.75,50,283500
20240209,10:48:22,1.75,250,283500
20240209,10:48:25,1.75,200,283500
20240209,10:48:27,1.7,50,283500
20240209,10:48:45,1.7,150,283500
20240209,10:48:46,1.7,400,283500
20240209,10:48:53,1.7,150,283500
20240209,10:48:54,1.7,150,283500
20240209,10:49:02,1.7,350,283500
20240209,10:49:04,1.7,2100,283500
20240209,10:49:05,1.65,150,283500
20240209,10:49:11,1.65,150,283500
20240209,10:49:12,1.65,150,283500
20240209,10:49:13,1.65,150,283500
20240209,10:49:14,1.65,850,283500
20240209,10:49:21,1.65,400,283500
20240209,10:49:22,1.65,150,283500
20240209,10:49:23,1.65,1800,283500
20240209,10:49:36,1.6,1800,278050
20240209,10:49:41,1.65,800,278050
20240209,10:49:42,1.65,1350,278050
20240209,10:49:43,1.6,150,278050
20240209,10:49:44,1.6,150,278050
20240209,10:49:49,1.6,500,278050
20240209,10:49:50,1.6,50,278050
20240209,10:50:22,1.65,800,278050
20240209,10:50:23,1.65,200,278050
20240209,10:50:24,1.65,600,278050
20240209,10:50:25,1.65,1200,278050
20240209,10:50:29,1.6,400,278050
20240209,10:50:34,1.65,1800,278050
20240209,10:50:34,1.65,200,278050
20240209,10:50:39,1.65,200,278050
20240209,10:50:40,1.65,1800,278050
20240209,10:50:47,1.6,50,278050
20240209,10:50:49,1.6,50,278050
20240209,10:50:53,1.6,100,278050
20240209,10:51:03,1.6,4100,278050
20240209,10:51:04,1.6,1550,278050
20240209,10:51:06,1.6,200,278050
20240209,10:51:07,1.6,5450,278050
20240209,10:51:08,1.6,1950,278050
20240209,10:51:09,1.6,2800,278050
20240209,10:51:10,1.6,200,278050
20240209,10:51:25,1.6,2200,278050
20240209,10:51:26,1.6,5250,278050
20240209,10:51:27,1.6,4850,278050
20240209,10:51:28,1.6,50,278050
20240209,10:51:29,1.6,50,278050
20240209,10:51:30,1.55,50,278050
20240209,10:51:35,1.6,50,278050
20240209,10:51:39,1.6,50,278050
20240209,10:51:44,1.6,800,278050
20240209,10:51:44,1.6,600,278050
20240209,10:51:46,1.6,1600,278050
20240209,10:51:47,1.6,2250,278050
20240209,10:51:50,1.55,100,278050
20240209,10:52:04,1.6,2400,278050
20240209,10:52:04,1.6,1600,278050
20240209,10:52:06,1.55,1800,278050
20240209,10:52:10,1.6,1100,278050
20240209,10:52:11,1.6,11950,278050
20240209,10:52:24,1.6,7150,278050
20240209,10:52:47,1.6,7500,267400
20240209,10:52:53,1.6,750,267400
20240209,10:52:58,1.6,2400,267400
20240209,10:52:59,1.6,2750,267400
20240209,10:53:11,1.6,700,267400
20240209,10:53:11,1.6,200,267400
20240209,10:53:14,1.6,1150,267400
20240209,10:53:21,1.6,450,267400
20240209,10:53:23,1.6,250,267400
20240209,10:53:24,1.65,3400,267400
20240209,10:53:25,1.6,3300,267400
20240209,10:53:26,1.65,1800,267400
20240209,10:53:31,1.6,150,267400
20240209,10:53:32,1.6,1800,267400
20240209,10:53:35,1.6,2050,267400
20240209,10:53:36,1.65,400,267400
20240209,10:53:40,1.65,50,267400
20240209,10:53:42,1.6,2400,267400
20240209,10:53:53,1.55,3600,267400
20240209,10:54:05,1.55,1800,267400
20240209,10:54:05,1.55,10200,267400
20240209,10:54:06,1.6,1200,267400
20240209,10:54:07,1.6,800,267400
20240209,10:54:31,1.55,1950,267400
20240209,10:54:49,1.55,1800,267400
20240209,10:55:13,1.55,2450,267400
20240209,10:55:14,1.5,50,267400
20240209,10:55:15,1.55,50,267400
20240209,10:55:17,1.55,50,267400
20240209,10:55:21,1.55,50,267400
20240209,10:55:23,1.5,1800,267400
20240209,10:55:24,1.5,1800,267400
20240209,10:55:33,1.55,50,254500
20240209,10:55:51,1.5,1800,254500
20240209,10:56:02,1.55,50,254500
20240209,10:56:08,1.5,1800,254500
20240209,10:56:09,1.5,8000,254500
20240209,10:56:10,1.5,10950,254500
20240209,10:56:12,1.5,1600,254500
20240209,10:56:13,1.5,4150,254500
20240209,10:56:15,1.5,350,254500
20240209,10:56:20,1.5,250,254500
20240209,10:56:22,1.5,1100,254500
20240209,10:56:26,1.45,1800,254500
20240209,10:56:55,1.45,50,254500
20240209,10:57:07,1.45,50,254500
20240209,10:57:08,1.45,200,254500
20240209,10:57:09,1.45,200,254500
20240209,10:57:10,1.45,350,254500
20240209,10:57:11,1.45,200,254500
20240209,10:57:12,1.45,200,254500
20240209,10:57:13,1.45,200,254500
20240209,10:57:14,1.45,2700,254500
20240209,10:57:35,1.45,2000,254500
20240209,10:57:36,1.45,2050,254500
20240209,10:58:01,1.45,50,254500
20240209,10:58:08,1.5,1800,254500
20240209,10:58:39,1.5,2800,240300
20240209,10:58:43,1.5,50,240300
20240209,10:58:48,1.45,200,240300
20240209,10:58:49,1.45,200,240300
20240209,10:58:50,1.45,200,240300
20240209,10:58:54,1.45,200,240300
20240209,10:58:55,1.45,200,240300
20240209,10:58:56,1.45,2350,240300
20240209,10:58:57,1.4,300,240300
20240209,10:58:59,1.45,2400,240300
20240209,10:59:00,1.45,2100,240300
20240209,10:59:01,1.45,200,240300
20240209,10:59:02,1.45,2200,240300
20240209,10:59:06,1.45,600,240300
20240209,10:59:07,1.45,1650,240300
20240209,11:00:26,1.45,700,240300
20240209,11:00:58,1.45,1600,240300
20240209,11:00:59,1.45,2400,240300
20240209,11:01:28,1.4,1800,240300
20240209,11:01:29,1.4,1800,240300
20240209,11:02:02,1.4,50,235350
20240209,11:02:06,1.4,1250,235350
20240209,11:02:06,1.4,200,235350
20240209,11:02:28,1.4,50,235350
20240209,11:03:02,1.4,50,235350
20240209,11:03:25,1.45,50,235350
20240209,11:04:15,1.45,500,235350
20240209,11:04:15,1.45,1750,235350
20240209,11:04:16,1.45,2250,235350
20240209,11:04:17,1.45,500,235350
20240209,11:04:38,1.45,50,234600
20240209,11:04:42,1.45,750,234600
20240209,11:04:46,1.45,50,234600
20240209,11:04:47,1.45,1000,234600
20240209,11:04:48,1.45,1250,234600
20240209,11:04:53,1.45,2850,234600
20240209,11:04:53,1.45,1100,234600
20240209,11:04:56,1.5,250,234600
20240209,11:04:57,1.5,2250,234600
20240209,11:04:58,1.5,1750,234600
20240209,11:04:59,1.5,2000,234600
20240209,11:05:01,1.45,2800,234600
20240209,11:05:02,1.5,7250,234600
20240209,11:05:03,1.5,3950,234600
20240209,11:05:04,1.5,850,234600
20240209,11:05:04,1.5,2600,234600
20240209,11:05:05,1.5,2000,234600
20240209,11:05:13,1.55,1750,234600
20240209,11:05:14,1.55,21400,234600
20240209,11:05:16,1.5,5600,234600
20240209,11:05:17,1.55,1000,234600
20240209,11:05:18,1.55,2500,234600
20240209,11:05:19,1.55,2250,234600
20240209,11:05:19,1.55,2000,234600
20240209,11:05:21,1.55,1250,234600
20240209,11:05:21,1.55,2250,234600
20240209,11:05:22,1.55,1750,234600
20240209,11:05:34,1.5,200,234600
20240209,11:05:35,1.5,200,234600
20240209,11:05:36,1.5,200,234600
20240209,11:05:38,1.5,750,234600
20240209,11:05:40,1.5,3950,234600
20240209,11:05:41,1.5,750,234600
20240209,11:05:44,1.5,1000,234600
20240209,11:05:44,1.5,250,234600
20240209,11:05:45,1.5,750,234600
20240209,11:05:46,1.5,250,234600
20240209,11:05:59,1.45,1800,234600
20240209,11:06:10,1.5,250,234600
20240209,11:06:11,1.45,2550,234600
20240209,11:06:12,1.5,2000,234600
20240209,11:06:12,1.5,750,234600
20240209,11:06:13,1.5,2250,234600
20240209,11:06:14,1.5,3750,234600
20240209,11:06:15,1.5,2000,234600
20240209,11:06:16,1.5,2250,234600
20240209,11:06:18,1.5,2950,234600
20240209,11:06:18,1.5,1500,234600
20240209,11:06:19,1.5,3300,234600
20240209,11:06:20,1.5,2800,234600
20240209,11:06:21,1.55,2500,234600
20240209,11:06:22,1.55,250,234600
20240209,11:06:25,1.5,4300,234600
20240209,11:06:32,1.45,400,234600
20240209,11:06:33,1.45,200,234600
20240209,11:07:04,1.45,200,234600
20240209,11:07:05,1.45,200,234600
20240209,11:07:07,1.45,200,234600
20240209,11:07:08,1.45,400,234600
20240209,11:07:16,1.45,200,234600
20240209,11:07:17,1.45,200,234600
20240209,11:07:18,1.45,200,234600
20240209,11:07:19,1.45,200,234600
20240209,11:07:20,1.45,200,234600
20240209,11:07:21,1.5,250,234600
20240209,11:07:28,1.5,2750,234600
20240209,11:07:29,1.5,900,234600
20240209,11:07:31,1.5,250,234600
20240209,11:07:33,1.5,50,234600
20240209,11:07:42,1.5,250,226600
20240209,11:07:45,1.5,500,226600
20240209,11:07:46,1.5,250,226600
20240209,11:08:02,1.5,50,226600
20240209,11:08:08,1.5,750,226600
20240209,11:08:30,1.45,50,226600
20240209,11:08:32,1.45,200,226600
20240209,11:08:33,1.45,3900,226600
20240209,11:08:34,1.45,200,226600
20240209,11:08:35,1.45,5250,226600
20240209,11:08:36,1.4,200,226600
20240209,11:08:37,1.4,200,226600
20240209,11:08:38,1.4,200,226600
20240209,11:08:39,1.4,200,226600
20240209,11:08:40,1.4,200,226600
20240209,11:08:41,1.4,200,226600
20240209,11:08:42,1.4,200,226600
20240209,11:08:46,1.4,50,226600
20240209,11:08:47,1.4,100,226600
20240209,11:09:09,1.4,1000,226600
20240209,11:09:11,1.4,1800,226600
20240209,11:09:31,1.45,1800,226600
20240209,11:09:44,1.45,50,226600
20240209,11:09:54,1.45,50,226600
20240209,11:10:01,1.45,50,226600
20240209,11:10:12,1.45,50,226600
20240209,11:10:14,1.45,50,226600
20240209,11:10:23,1.45,500,226600
20240209,11:10:29,1.45,50,226600
20240209,11:10:52,1.45,50,222050
20240209,11:11:03,1.4,50,222050
20240209,11:11:35,1.4,50,222050
20240209,11:11:42,1.4,300,222050
20240209,11:11:43,1.4,4150,222050
20240209,11:13:18,1.35,1850,222050
20240209,11:14:08,1.35,3000,221550
20240209,11:14:52,1.4,50,221550
20240209,11:15:47,1.4,3000,221550
20240209,11:15:47,1.4,200,221550
20240209,11:16:53,1.4,6100,221550
20240209,11:17:27,1.4,2000,221250
20240209,11:17:28,1.4,3200,221250
20240209,11:17:30,1.4,400,221250
20240209,11:18:26,1.45,50,221250
20240209,11:18:32,1.4,500,221250
20240209,11:18:43,1.45,50,221250
20240209,11:19:05,1.45,50,221250
20240209,11:19:26,1.45,50,221250
20240209,11:19:34,1.45,50,221250
20240209,11:19:48,1.4,50,221250
20240209,11:19:51,1.45,50,223250
20240209,11:20:26,1.45,50,223250
20240209,11:20:31,1.45,50,223250
20240209,11:20:32,1.45,50,223250
20240209,11:20:33,1.45,700,223250
20240209,11:20:34,1.45,50,223250
20240209,11:20:35,1.45,250,223250
20240209,11:20:36,1.45,50,223250
20240209,11:20:37,1.45,50,223250
20240209,11:20:39,1.45,500,223250
20240209,11:20:46,1.45,50,223250
20240209,11:20:52,1.45,550,223250
20240209,11:20:55,1.45,1650,223250
20240209,11:20:56,1.45,850,223250
20240209,11:21:06,1.5,50,223250
20240209,11:21:07,1.5,50,223250
20240209,11:21:08,1.5,50,223250
20240209,11:21:09,1.5,50,223250
20240209,11:21:10,1.5,50,223250
20240209,11:21:11,1.5,50,223250
20240209,11:21:12,1.5,50,223250
20240209,11:21:13,1.5,50,223250
20240209,11:21:14,1.5,50,223250
20240209,11:21:15,1.5,50,223250
20240209,11:21:16,1.5,50,223250
20240209,11:21:17,1.5,50,223250
20240209,11:21:18,1.5,50,223250
20240209,11:21:19,1.5,50,223250
20240209,11:21:20,1.5,50,223250
20240209,11:21:25,1.5,50,223250
20240209,11:21:26,1.5,50,223250
20240209,11:21:32,1.5,50,223250
20240209,11:22:08,1.45,100,223250
20240209,11:22:23,1.45,2800,223250
20240209,11:22:24,1.45,1150,223250
20240209,11:22:25,1.45,1200,223250
20240209,11:22:27,1.45,800,223250
20240209,11:22:28,1.45,2000,223250
20240209,11:22:34,1.45,2000,223250
20240209,11:22:43,1.45,1650,223250
20240209,11:22:43,1.4,3150,223100
20240209,11:22:51,1.45,250,223100
20240209,11:22:52,1.45,50,223100
20240209,11:24:19,1.45,100,223100
20240209,11:24:29,1.4,50,223100
20240209,11:24:30,1.4,50,223100
20240209,11:25:32,1.45,450,223100
20240209,11:25:55,1.4,100,223450
20240209,11:26:04,1.4,250,223450
20240209,11:26:05,1.4,150,223450
20240209,11:26:06,1.4,150,223450
20240209,11:26:07,1.4,150,223450
20240209,11:26:16,1.4,50,223450
20240209,11:27:01,1.45,50,223450
20240209,11:27:05,1.45,50,223450
20240209,11:27:56,1.4,450,223450
20240209,11:28:10,1.4,1000,223450
20240209,11:28:11,1.4,200,223450
20240209,11:28:16,1.4,600,223450
20240209,11:28:34,1.4,400,223450
20240209,11:28:35,1.4,3600,223450
20240209,11:28:36,1.4,3400,223450
20240209,11:28:38,1.4,200,223450
20240209,11:28:39,1.4,200,224900
20240209,11:28:45,1.4,200,224900
20240209,11:28:46,1.4,600,224900
20240209,11:28:46,1.4,2200,224900
20240209,11:29:00,1.4,600,224900
20240209,11:29:00,1.4,400,224900
20240209,11:29:02,1.4,8200,224900
20240209,11:29:11,1.4,150,224900
20240209,11:29:12,1.4,150,224900
20240209,11:29:13,1.4,1150,224900
20240209,11:29:14,1.4,100,224900
20240209,11:29:59,1.4,400,224900
20240209,11:30:05,1.4,100,224900
20240209,11:30:06,1.4,1000,224900
20240209,11:30:09,1.4,100,224900
20240209,11:30:10,1.4,250,224900
20240209,11:30:15,1.4,100,224900
20240209,11:30:16,1.4,50,224900
20240209,11:30:43,1.4,500,224900
20240209,11:30:53,1.45,16100,224900
20240209,11:30:54,1.45,3500,224900
20240209,11:30:55,1.45,50,224900
20240209,11:31:32,1.5,8800,224900
20240209,11:31:38,1.55,10900,226700
20240209,11:31:40,1.5,150,226700
20240209,11:31:54,1.5,100,226700
20240209,11:31:58,1.5,100,226700
20240209,11:32:12,1.5,100,226700
20240209,11:32:34,1.5,600,226700
20240209,11:33:11,1.55,350,226700
20240209,11:33:17,1.5,6700,226700
20240209,11:33:21,1.5,50,226700
20240209,11:33:52,1.5,50,226700
20240209,11:34:09,1.5,50,226700
20240209,11:34:38,1.5,50,225300
20240209,11:35:09,1.5,100,225300
20240209,11:35:15,1.45,250,225300
20240209,11:35:22,1.5,50,225300
20240209,11:35:24,1.45,350,225300
20240209,11:35:28,1.5,100,225300
20240209,11:35:30,1.5,50,225300
20240209,11:36:06,1.45,200,225300
20240209,11:36:24,1.45,200,225300
20240209,11:36:32,1.45,1800,225300
20240209,11:36:48,1.45,50,225300
20240209,11:37:01,1.45,1800,225300
20240209,11:37:35,1.45,550,225300
20240209,11:37:41,1.45,50,225400
20240209,11:37:46,1.45,50,225400
20240209,11:38:12,1.45,250,225400
20240209,11:38:20,1.45,1250,225400
20240209,11:38:24,1.45,1150,225400
20240209,11:38:25,1.45,250,225400
20240209,11:38:29,1.45,50,225400
20240209,11:38:30,1.45,50,225400
20240209,11:38:54,1.4,200,225400
20240209,11:38:56,1.4,200,225400
20240209,11:38:57,1.4,850,225400
20240209,11:39:26,1.45,50,225400
20240209,11:39:58,1.4,200,225400
20240209,11:39:58,1.4,250,225400
20240209,11:40:00,1.4,550,225400
20240209,11:40:04,1.4,550,225400
20240209,11:40:24,1.45,50,225400
20240209,11:40:43,1.45,50,222050
20240209,11:40:44,1.45,50,222050
20240209,11:40:52,1.45,50,222050
20240209,11:40:53,1.45,300,222050
20240209,11:40:55,1.45,50,222050
20240209,11:40:56,1.45,5400,222050
20240209,11:40:57,1.45,900,222050
20240209,11:41:00,1.45,900,222050
20240209,11:41:02,1.5,6950,222050
20240209,11:41:09,1.45,600,222050
20240209,11:41:10,1.45,50,222050
20240209,11:41:16,1.45,3200,222050
20240209,11:41:38,1.45,50,222050
20240209,11:41:39,1.45,50,222050
20240209,11:41:40,1.45,50,222050
20240209,11:41:41,1.45,50,222050
20240209,11:41:42,1.45,50,222050
20240209,11:41:43,1.45,50,222050
20240209,11:41:44,1.45,50,222050
20240209,11:41:45,1.45,50,222050
20240209,11:41:46,1.45,50,222050
20240209,11:41:47,1.45,50,222050
20240209,11:41:48,1.45,50,222050
20240209,11:41:49,1.45,50,222050
20240209,11:41:50,1.45,50,222050
20240209,11:41:51,1.45,50,222050
20240209,11:41:52,1.45,50,222050
20240209,11:41:53,1.45,50,222050
20240209,11:41:54,1.45,50,222050
20240209,11:41:55,1.45,50,222050
20240209,11:41:56,1.45,50,222050
20240209,11:42:10,1.45,50,222050
20240209,11:42:31,1.45,50,222050
20240209,11:42:33,1.45,50,222050
20240209,11:42:38,1.45,50,222050
20240209,11:42:39,1.45,50,222050
20240209,11:42:40,1.45,50,222050
20240209,11:42:41,1.45,100,222050
20240209,11:42:42,1.45,50,222050
20240209,11:42:43,1.45,50,222050
20240209,11:42:44,1.45,50,222050
20240209,11:42:45,1.45,100,222050
20240209,11:42:46,1.45,50,222050
20240209,11:42:47,1.45,50,222050
20240209,11:42:48,1.45,100,222050
20240209,11:42:49,1.45,50,222050
20240209,11:42:50,1.45,50,222050
20240209,11:42:51,1.45,100,222050
20240209,11:42:52,1.45,150,222050
20240209,11:42:53,1.45,100,222050
20240209,11:42:54,1.45,50,222050
20240209,11:42:55,1.45,2300,222050
20240209,11:42:56,1.45,50,222050
20240209,11:42:57,1.45,50,222050
20240209,11:42:58,1.45,50,222050
20240209,11:42:59,1.45,100,222050
20240209,11:43:00,1.45,50,222050
20240209,11:43:01,1.45,50,222050
20240209,11:43:02,1.45,50,222050
20240209,11:43:03,1.45,50,222050
20240209,11:43:04,1.45,50,222050
20240209,11:43:05,1.45,50,222050
20240209,11:43:06,1.45,50,222050
20240209,11:43:07,1.45,50,222050
20240209,11:43:08,1.45,50,222050
20240209,11:43:09,1.4,150,222050
20240209,11:43:10,1.45,50,222050
20240209,11:43:11,1.45,50,222050
20240209,11:43:12,1.45,50,222050
20240209,11:43:13,1.45,50,222050
20240209,11:43:14,1.45,50,222050
20240209,11:43:15,1.45,50,222050
20240209,11:43:16,1.45,50,222050
20240209,11:43:17,1.45,50,222050
20240209,11:43:18,1.45,50,222050
20240209,11:43:19,1.45,50,222050
20240209,11:43:20,1.45,50,222050
20240209,11:43:21,1.45,50,222050
20240209,11:43:22,1.45,1050,222050
20240209,11:43:23,1.45,50,222050
20240209,11:43:24,1.45,50,222050
20240209,11:43:25,1.45,50,222050
20240209,11:43:26,1.45,50,222050
20240209,11:43:27,1.45,50,222050
20240209,11:43:28,1.45,50,222050
20240209,11:43:29,1.45,50,222050
20240209,11:43:30,1.45,50,222050
20240209,11:43:31,1.45,50,222050
20240209,11:43:32,1.45,1050,222050
20240209,11:43:33,1.45,50,222050
20240209,11:43:34,1.45,50,222050
20240209,11:43:35,1.45,50,222050
20240209,11:43:36,1.45,50,222050
20240209,11:43:37,1.45,50,222050
20240209,11:43:38,1.45,50,222050
20240209,11:43:39,1.45,50,236200
20240209,11:43:40,1.45,50,236200
20240209,11:43:41,1.45,50,236200
20240209,11:43:42,1.45,50,236200
20240209,11:43:43,1.45,50,236200
20240209,11:43:44,1.45,50,236200
20240209,11:43:45,1.45,50,236200
20240209,11:43:46,1.45,50,236200
20240209,11:43:47,1.45,50,236200
20240209,11:43:48,1.45,50,236200
20240209,11:43:49,1.45,50,236200
20240209,11:43:50,1.45,50,236200
20240209,11:43:51,1.45,50,236200
20240209,11:43:52,1.45,50,236200
20240209,11:43:53,1.45,100,236200
20240209,11:43:54,1.45,50,236200
20240209,11:43:55,1.45,800,236200
20240209,11:43:56,1.45,150,236200
20240209,11:43:57,1.45,50,236200
20240209,11:43:58,1.45,50,236200
20240209,11:43:59,1.45,50,236200
20240209,11:44:00,1.45,50,236200
20240209,11:44:01,1.45,50,236200
20240209,11:44:02,1.45,50,236200
20240209,11:44:03,1.45,50,236200
20240209,11:44:04,1.45,50,236200
20240209,11:44:05,1.45,50,236200
20240209,11:44:06,1.45,50,236200
20240209,11:44:07,1.45,50,236200
20240209,11:44:08,1.45,50,236200
20240209,11:44:09,1.45,50,236200
20240209,11:44:10,1.45,50,236200
20240209,11:44:11,1.45,50,236200
20240209,11:44:12,1.45,50,236200
20240209,11:44:13,1.45,100,236200
20240209,11:44:14,1.45,100,236200
20240209,11:44:15,1.45,100,236200
20240209,11:44:16,1.45,100,236200
20240209,11:44:17,1.45,200,236200
20240209,11:44:18,1.5,50,236200
20240209,11:44:19,1.5,50,236200
20240209,11:44:20,1.5,50,236200
20240209,11:44:21,1.5,50,236200
20240209,11:44:22,1.5,50,236200
20240209,11:44:23,1.5,50,236200
20240209,11:44:24,1.5,50,236200
20240209,11:44:25,1.5,50,236200
20240209,11:44:26,1.5,50,236200
20240209,11:44:27,1.5,50,236200
20240209,11:44:33,1.45,750,236200
20240209,11:44:34,1.45,8150,236200
20240209,11:44:36,1.45,50,236200
20240209,11:44:40,1.45,50,236200
20240209,11:44:41,1.45,50,236200
20240209,11:44:42,1.45,50,236200
20240209,11:44:43,1.45,150,236200
20240209,11:44:44,1.45,200,236200
20240209,11:44:45,1.45,150,236200
20240209,11:44:48,1.45,50,236200
20240209,11:44:49,1.45,50,236200
20240209,11:44:50,1.45,150,236200
20240209,11:44:51,1.45,200,236200
20240209,11:44:52,1.45,50,236200
20240209,11:44:53,1.45,50,236200
20240209,11:44:54,1.45,50,236200
20240209,11:44:55,1.45,50,236200
20240209,11:44:56,1.45,50,236200
20240209,11:44:57,1.45,50,236200
20240209,11:44:58,1.45,50,236200
20240209,11:44:59,1.45,50,236200
20240209,11:45:00,1.45,50,236200
20240209,11:45:01,1.45,100,236200
20240209,11:45:02,1.45,50,236200
20240209,11:45:06,1.45,50,236200
20240209,11:45:07,1.45,50,236200
20240209,11:45:08,1.45,50,236200
20240209,11:45:09,1.45,50,236200
20240209,11:45:10,1.45,50,236200
20240209,11:45:11,1.45,50,236200
20240209,11:45:12,1.45,50,236200
20240209,11:45:13,1.45,50,236200
20240209,11:45:14,1.45,50,236200
20240209,11:45:15,1.45,50,236200
20240209,11:45:16,1.45,50,236200
20240209,11:45:17,1.45,50,236200
20240209,11:45:18,1.45,1100,236200
20240209,11:45:19,1.5,50,236200
20240209,11:45:20,1.5,50,236200
20240209,11:45:21,1.5,50,236200
20240209,11:45:22,1.5,50,236200
20240209,11:45:23,1.5,50,236200
20240209,11:45:24,1.5,50,236200
20240209,11:45:25,1.5,50,236200
20240209,11:45:26,1.5,50,236200
20240209,11:45:27,1.5,50,236200
20240209,11:45:28,1.5,50,236200
20240209,11:45:29,1.5,50,236200
20240209,11:45:30,1.5,50,236200
20240209,11:45:31,1.5,50,236200
20240209,11:45:32,1.5,50,236200
20240209,11:45:33,1.5,50,236200
20240209,11:45:34,1.5,50,236200
20240209,11:45:35,1.5,50,236200
20240209,11:45:36,1.5,50,236200
20240209,11:45:37,1.5,50,236200
20240209,11:45:38,1.5,50,236200
20240209,11:45:39,1.5,800,236200
20240209,11:45:40,1.5,50,236200
20240209,11:45:41,1.5,50,236200
20240209,11:45:42,1.5,50,236200
20240209,11:45:43,1.5,50,236200
20240209,11:45:44,1.5,50,236200
20240209,11:45:45,1.5,50,236200
20240209,11:45:46,1.5,50,236200
20240209,11:45:47,1.5,50,236200
20240209,11:45:48,1.5,50,236200
20240209,11:45:49,1.5,50,236200
20240209,11:45:51,1.5,50,236200
20240209,11:45:52,1.5,50,236200
20240209,11:45:57,1.5,50,236200
20240209,11:46:09,1.5,50,236200
20240209,11:46:10,1.5,50,236200
20240209,11:46:11,1.5,50,236200
20240209,11:46:12,1.5,50,236200
20240209,11:46:13,1.5,50,236200
20240209,11:46:14,1.5,50,236200
20240209,11:46:15,1.5,50,236200
20240209,11:46:16,1.5,50,236200
20240209,11:46:17,1.5,50,236200
20240209,11:46:18,1.5,50,236200
20240209,11:46:19,1.5,50,236200
20240209,11:46:20,1.5,50,236200
20240209,11:46:21,1.5,50,236200
20240209,11:46:22,1.5,50,236200
20240209,11:46:23,1.5,150,236200
20240209,11:46:24,1.5,150,236200
20240209,11:46:25,1.5,50,236200
20240209,11:46:28,1.5,50,236200
20240209,11:46:29,1.5,50,236200
20240209,11:46:30,1.5,50,236200
20240209,11:46:31,1.5,50,236200
20240209,11:46:32,1.5,50,236200
20240209,11:46:33,1.5,50,236200
20240209,11:46:34,1.5,50,236200
20240209,11:46:35,1.5,50,236200
20240209,11:46:36,1.5,50,236200
20240209,11:46:37,1.5,50,236200
20240209,11:46:38,1.5,50,236200
20240209,11:46:39,1.5,50,236200
20240209,11:46:40,1.5,50,238400
20240209,11:46:43,1.5,50,238400
20240209,11:47:16,1.5,50,238400
20240209,11:47:17,1.5,50,238400
20240209,11:47:20,1.5,50,238400
20240209,11:47:21,1.5,50,238400
20240209,11:47:22,1.5,50,238400
20240209,11:47:23,1.5,50,238400
20240209,11:47:24,1.5,50,238400
20240209,11:47:25,1.5,50,238400
20240209,11:47:26,1.5,3650,238400
20240209,11:47:27,1.5,50,238400
20240209,11:47:28,1.5,9250,238400
20240209,11:47:29,1.5,150,238400
20240209,11:47:30,1.5,550,238400
20240209,11:47:31,1.5,550,238400
20240209,11:47:32,1.55,50,238400
20240209,11:47:33,1.55,50,238400
20240209,11:47:34,1.55,50,238400
20240209,11:47:35,1.55,50,238400
20240209,11:47:36,1.55,50,238400
20240209,11:47:37,1.5,800,238400
20240209,11:47:38,1.55,50,238400
20240209,11:47:41,1.55,50,238400
20240209,11:47:42,1.55,50,238400
20240209,11:47:43,1.55,50,238400
20240209,11:47:44,1.55,50,238400
20240209,11:47:46,1.55,100,238400
20240209,11:47:47,1.55,50,238400
20240209,11:47:53,1.5,50,238400
20240209,11:47:54,1.55,50,238400
20240209,11:47:55,1.55,50,238400
20240209,11:47:56,1.55,50,238400
20240209,11:47:57,1.55,50,238400
20240209,11:48:00,1.55,50,238400
20240209,11:48:01,1.55,50,238400
20240209,11:48:02,1.55,50,238400
20240209,11:48:34,1.5,50,238400
20240209,11:48:35,1.5,200,238400
20240209,11:49:10,1.55,600,238400
20240209,11:49:12,1.5,200,238400
20240209,11:49:22,1.55,50,238400
20240209,11:49:24,1.5,200,238400
20240209,11:49:30,1.55,100,238400
20240209,11:49:40,1.5,900,238400
20240209,11:49:44,1.5,900,237750
20240209,11:49:47,1.5,900,237750
20240209,11:49:50,1.5,200,237750
20240209,11:49:53,1.5,200,237750
20240209,11:50:00,1.55,50,237750
20240209,11:50:02,1.5,850,237750
20240209,11:50:18,1.5,200,237750
20240209,11:50:20,1.5,200,237750
20240209,11:50:24,1.5,1400,237750
20240209,11:50:24,1.5,200,237750
20240209,11:50:26,1.45,1800,237750
20240209,11:50:30,1.45,200,237750
20240209,11:50:31,1.5,50,237750
20240209,11:50:32,1.45,900,237750
20240209,11:50:38,1.45,200,237750
20240209,11:50:40,1.45,200,237750
20240209,11:51:00,1.45,200,237750
20240209,11:51:28,1.45,200,237750
20240209,11:51:29,1.45,200,237750
20240209,11:51:34,1.45,500,237750
20240209,11:51:38,1.5,50,237750
20240209,11:51:39,1.5,50,237750
20240209,11:51:43,1.5,50,237750
20240209,11:51:44,1.5,50,237750
20240209,11:51:45,1.5,50,237750
20240209,11:51:48,1.5,50,237750
20240209,11:51:49,1.5,50,237750
20240209,11:51:50,1.5,50,237750
20240209,11:51:51,1.5,50,237750
20240209,11:51:54,1.5,50,237750
20240209,11:51:57,1.5,50,237750
20240209,11:51:58,1.5,50,237750
20240209,11:51:59,1.5,50,237750
20240209,11:52:00,1.5,50,237750
20240209,11:52:01,1.5,50,237750
20240209,11:52:02,1.5,900,237750
20240209,11:52:03,1.5,50,237750
20240209,11:52:04,1.5,50,237750
20240209,11:52:05,1.5,50,237750
20240209,11:52:06,1.5,950,237750
20240209,11:52:07,1.5,50,237750
20240209,11:52:08,1.5,200,237750
20240209,11:52:09,1.5,600,237750
20240209,11:52:10,1.5,50,237750
20240209,11:52:11,1.5,50,237750
20240209,11:52:12,1.5,650,237750
20240209,11:52:13,1.5,50,237750
20240209,11:52:14,1.5,50,237750
20240209,11:52:15,1.5,50,237750
20240209,11:52:16,1.5,50,237750
20240209,11:52:17,1.5,50,237750
20240209,11:52:18,1.5,50,237750
20240209,11:52:20,1.5,50,237750
20240209,11:52:21,1.5,50,237750
20240209,11:52:22,1.5,50,237750
20240209,11:52:23,1.5,50,237750
20240209,11:52:28,1.5,50,237750
20240209,11:52:29,1.5,50,237750
20240209,11:52:31,1.5,100,237750
20240209,11:52:32,1.5,50,237750
20240209,11:52:33,1.5,50,237750
20240209,11:52:34,1.5,50,237750
20240209,11:52:36,1.5,50,237750
20240209,11:52:37,1.5,50,237750
20240209,11:52:38,1.5,50,237750
20240209,11:52:39,1.5,50,237750
20240209,11:52:40,1.5,100,237750
20240209,11:52:41,1.5,50,228850
20240209,11:52:42,1.5,50,228850
20240209,11:52:43,1.5,50,228850
20240209,11:52:44,1.5,50,228850
20240209,11:52:45,1.5,50,228850
20240209,11:52:46,1.5,50,228850
20240209,11:52:48,1.5,50,228850
20240209,11:52:51,1.5,50,228850
20240209,11:52:55,1.5,50,228850
20240209,11:52:56,1.5,50,228850
20240209,11:52:57,1.5,50,228850
20240209,11:52:58,1.5,50,228850
20240209,11:52:59,1.5,50,228850
20240209,11:53:00,1.5,50,228850
20240209,11:53:11,1.5,50,228850
20240209,11:53:12,1.5,50,228850
20240209,11:53:13,1.5,50,228850
20240209,11:53:14,1.5,50,228850
20240209,11:53:15,1.5,50,228850
20240209,11:53:16,1.5,50,228850
20240209,11:53:17,1.5,50,228850
20240209,11:53:18,1.5,50,228850
20240209,11:53:19,1.5,50,228850
20240209,11:53:20,1.5,150,228850
20240209,11:53:21,1.5,150,228850
20240209,11:53:22,1.5,350,228850
20240209,11:53:26,1.5,300,228850
20240209,11:53:27,1.45,300,228850
20240209,11:53:28,1.5,50,228850
20240209,11:53:29,1.5,50,228850
20240209,11:53:34,1.5,50,228850
20240209,11:53:36,1.5,50,228850
20240209,11:53:37,1.5,50,228850
20240209,11:53:38,1.5,50,228850
20240209,11:53:39,1.5,50,228850
20240209,11:53:40,1.5,50,228850
20240209,11:53:41,1.5,150,228850
20240209,11:53:42,1.5,150,228850
20240209,11:53:43,1.5,150,228850
20240209,11:53:44,1.5,50,228850
20240209,11:53:45,1.5,50,228850
20240209,11:53:47,1.5,50,228850
20240209,11:53:48,1.5,50,228850
20240209,11:53:50,1.5,50,228850
20240209,11:53:51,1.5,50,228850
20240209,11:53:52,1.5,50,228850
20240209,11:53:53,1.5,50,228850
20240209,11:53:54,1.5,50,228850
20240209,11:53:55,1.5,50,228850
20240209,11:53:56,1.5,50,228850
20240209,11:53:57,1.5,50,228850
20240209,11:53:58,1.5,50,228850
20240209,11:53:59,1.5,50,228850
20240209,11:54:00,1.5,50,228850
20240209,11:54:01,1.5,50,228850
20240209,11:54:02,1.5,50,228850
20240209,11:54:03,1.5,150,228850
20240209,11:54:04,1.5,650,228850
20240209,11:54:09,1.5,50,228850
20240209,11:54:10,1.5,50,228850
20240209,11:54:11,1.5,50,228850
20240209,11:54:12,1.5,150,228850
20240209,11:54:13,1.5,150,228850
20240209,11:54:14,1.5,150,228850
20240209,11:54:15,1.5,50,228850
