date,time,tick_price,volume,open_interest
20240212,11:18:41,3.0,250,250
20240212,11:19:01,3.05,50,250
20240212,11:56:33,3.05,250,300
20240212,15:01:38,3.05,250,550
20240213,09:35:51,3.8,1,800
20240213,09:35:51,3.8,100,800
20240213,10:47:36,3.5,50,850
20240213,11:12:43,3.3,100,850
20240213,12:44:13,3.25,50,850
20240213,13:09:16,3.0,50,850
20240213,13:10:09,2.35,50,850
20240213,13:10:38,2.35,50,850
20240213,13:17:12,2.85,50,800
20240213,14:21:16,2.3,50,750
20240213,14:21:36,2.3,50,750
20240220,14:16:09,2.0,1,700
20240220,14:16:09,2.0,50,700
20240221,09:44:21,1.8,1,700
20240221,09:44:21,1.8,250,700
20240221,12:07:31,1.05,1000,950
20240221,12:07:39,1.05,1000,950
20240221,12:07:47,1.4,50,950
20240221,12:08:29,1.35,950,950
20240221,12:08:37,1.35,50,950
20240221,12:09:01,1.45,1000,950
20240221,14:42:03,1.0,250,2150
20240221,14:57:21,1.0,650,2150
20240221,14:58:22,1.05,500,2150
20240221,15:26:28,1.0,100,2000
20240222,09:20:36,1.3,1,2000
20240222,09:20:36,1.3,150,2000
20240222,09:26:15,1.3,50,2150
20240222,09:26:25,1.05,100,2150
20240222,09:27:01,1.05,50,2150
20240222,09:37:02,1.05,100,2350
20240222,10:07:03,0.95,50,2450
20240222,10:50:26,0.9,50,2450
20240222,11:23:49,0.9,200,2500
20240222,12:13:28,0.8,50,2300
20240222,12:44:50,0.8,50,2300
20240222,12:46:40,0.8,50,2300
20240222,13:23:54,0.8,50,2250
20240222,13:26:52,0.8,50,2250
20240222,13:40:01,0.7,50,2200
20240222,13:47:07,0.7,300,2200
20240222,14:01:03,0.7,200,1900
20240222,14:16:07,0.65,200,1950
20240222,14:46:51,0.65,200,1950
20240222,14:57:35,0.85,50,1750
20240222,15:00:04,0.85,800,1750
20240222,15:12:37,1.35,100,2200
20240222,15:12:59,1.35,1000,2200
20240222,15:13:22,1.0,50,2200
20240222,15:22:56,1.3,50,2300
20240222,15:26:14,1.4,50,2300
20240222,15:26:33,1.4,50,2300
20240223,09:15:00,1.2,1,2300
20240223,09:15:00,1.2,100,2300
20240223,09:15:04,1.1,1250,2300
20240223,09:15:05,1.1,100,2300
20240223,09:15:09,1.15,100,2300
20240223,09:15:10,1.2,150,2300
20240223,09:15:14,1.1,800,2300
20240223,09:15:15,1.1,1500,2300
20240223,09:15:18,1.1,400,2300
20240223,09:15:20,1.1,400,2300
20240223,09:15:22,1.1,3100,2300
20240223,09:15:23,1.1,1800,2300
20240223,09:15:24,1.1,400,2300
20240223,09:15:27,1.1,50,2300
20240223,09:15:56,0.95,100,11150
20240223,09:17:27,0.95,100,11150
20240223,09:17:56,0.95,2000,11150
20240223,09:18:20,0.95,150,11150
20240223,09:18:22,0.9,350,11150
20240223,09:18:48,0.9,800,11150
20240223,09:18:55,0.85,100,12600
20240223,09:18:58,0.85,500,12600
20240223,09:19:01,0.85,500,12600
20240223,09:19:03,0.85,500,12600
20240223,09:19:14,0.85,100,12600
20240223,09:19:19,0.85,100,12600
20240223,09:19:25,0.85,100,12600
20240223,09:19:28,0.85,100,12600
20240223,09:19:37,0.85,50,12600
20240223,09:19:38,0.85,50,12600
20240223,09:19:39,0.85,100,12600
20240223,09:19:40,0.85,50,12600
20240223,09:20:00,0.85,250,12600
20240223,09:20:15,0.85,150,12600
20240223,09:21:02,0.9,100,12600
20240223,09:22:08,0.9,800,13050
20240223,09:25:12,0.85,200,13050
20240223,09:25:18,0.9,50,12950
20240223,09:26:46,0.9,100,12950
20240223,09:26:47,0.9,50,12950
20240223,09:27:28,0.9,50,12950
20240223,09:28:19,0.85,850,12950
20240223,09:29:13,0.85,150,13200
20240223,09:33:01,0.8,350,13250
20240223,09:33:02,0.8,50,13250
20240223,09:33:05,0.8,50,13250
20240223,09:34:17,0.8,300,13700
20240223,09:35:21,0.8,50,13700
20240223,09:39:28,0.8,300,13750
20240223,09:39:45,0.8,250,13750
20240223,09:39:45,0.8,100,13750
20240223,09:39:46,0.8,500,13750
20240223,09:39:53,0.8,100,13850
20240223,09:39:57,0.8,300,13850
20240223,09:39:58,0.8,1100,13850
20240223,09:40:00,0.8,800,13850
20240223,09:40:01,0.8,800,13850
20240223,09:40:07,0.8,100,13850
20240223,09:40:32,0.8,300,13850
20240223,09:41:10,0.8,5500,13850
20240223,09:44:25,0.8,100,6800
20240223,09:44:26,0.8,1200,6800
20240223,09:44:53,0.9,1350,6800
20240223,09:46:38,0.9,100,7400
20240223,09:47:22,0.9,100,7400
20240223,09:49:05,1.05,3250,7400
20240223,09:49:06,1.0,1900,7350
20240223,09:49:07,1.05,250,7350
20240223,09:49:09,1.1,50,7350
20240223,09:50:48,1.1,50,7350
20240223,09:54:03,1.05,50,12650
20240223,09:54:10,1.0,50,12650
20240223,09:54:11,1.0,50,12650
20240223,09:54:15,1.0,50,12650
20240223,09:54:38,0.95,100,12650
20240223,09:54:40,1.0,100,12650
20240223,09:55:24,1.0,250,12650
20240223,09:55:50,0.95,100,12600
20240223,09:55:56,0.95,50,12600
20240223,09:56:21,1.0,550,12600
20240223,09:56:46,1.0,50,12600
20240223,09:57:55,1.1,3100,12600
20240223,09:57:56,1.05,2700,12800
20240223,10:00:17,1.05,50,12800
20240223,10:02:16,1.1,50,12800
20240223,10:03:08,0.95,100,17250
20240223,10:03:20,1.1,50,17250
20240223,10:03:39,1.1,50,17250
20240223,10:03:40,1.1,300,17250
20240223,10:04:22,1.0,50,17250
20240223,10:04:22,1.0,50,17700
20240223,10:04:30,0.95,50,17700
20240223,10:04:37,1.1,350,17700
20240223,10:07:08,1.1,50,17700
20240223,10:07:14,1.1,50,17700
20240223,10:08:03,1.05,50,17700
20240223,10:08:53,1.05,50,17700
20240223,10:10:02,1.05,400,17700
20240223,10:10:04,1.05,350,17700
20240223,10:10:16,1.05,100,17700
20240223,10:10:27,1.0,250,17700
20240223,10:11:18,1.0,50,17700
20240223,10:11:43,1.0,350,17700
20240223,10:11:46,1.0,50,17700
20240223,10:11:55,1.0,50,17700
20240223,10:12:24,1.0,150,17700
20240223,10:13:28,0.95,300,17650
20240223,10:13:39,0.95,300,17650
20240223,10:14:50,1.0,1350,17650
20240223,10:15:10,1.0,100,17650
20240223,10:15:11,1.05,1600,17650
20240223,10:15:12,1.05,1350,17650
20240223,10:16:03,1.0,50,17650
20240223,10:16:04,1.1,1800,20400
20240223,10:16:14,1.1,900,20400
20240223,10:16:14,1.05,50,20400
20240223,10:16:33,1.1,450,20400
20240223,10:16:39,1.1,50,20400
20240223,10:16:40,1.1,100,20400
20240223,10:16:46,1.1,50,20400
20240223,10:17:04,1.05,450,20400
20240223,10:17:04,1.05,200,20400
20240223,10:17:46,1.05,700,20400
20240223,10:17:47,1.05,700,20400
20240223,10:18:48,1.05,100,20400
20240223,10:18:55,1.05,50,22400
20240223,10:19:01,1.0,8500,22400
20240223,10:19:01,0.95,150,22400
20240223,10:19:13,1.0,50,22400
20240223,10:19:36,1.0,150,22400
20240223,10:20:08,0.95,3700,22400
20240223,10:20:54,0.95,1100,22400
20240223,10:23:11,1.05,450,22300
20240223,10:29:29,0.95,500,22700
20240223,10:30:32,1.0,50,22700
20240223,10:30:39,0.95,50,22700
20240223,10:30:40,0.95,50,22700
20240223,10:30:41,0.95,250,22700
20240223,10:30:42,0.9,4000,22700
20240223,10:30:43,0.9,550,22700
20240223,10:30:45,0.85,50,22700
20240223,10:30:49,0.85,50,22700
20240223,10:31:03,0.85,50,25050
20240223,10:31:55,0.85,900,25050
20240223,10:33:06,0.85,100,25050
20240223,10:35:16,0.85,800,25050
20240223,10:38:35,0.8,50,23600
20240223,11:04:52,0.9,250,23600
20240223,11:05:45,0.9,250,23600
20240223,11:05:58,0.95,950,23600
20240223,11:06:02,0.95,100,23600
20240223,11:06:15,0.95,900,23600
20240223,11:06:43,0.95,250,23600
20240223,11:06:58,1.0,1800,23600
20240223,11:07:44,1.0,2050,25650
20240223,11:08:07,0.95,100,25650
20240223,11:08:28,0.95,1050,25650
20240223,11:09:11,1.0,1700,25650
20240223,11:09:14,1.05,4350,25650
20240223,11:09:59,0.95,850,25650
20240223,11:10:00,0.95,100,25650
20240223,11:10:02,0.95,50,25650
20240223,11:10:11,0.95,50,25650
20240223,11:10:17,0.95,50,33100
20240223,11:13:42,0.9,50,33100
20240223,11:15:15,1.0,450,32950
20240223,11:16:55,0.9,100,33300
20240223,11:27:49,0.9,50,33300
20240223,11:36:59,0.95,50,33350
20240223,11:40:58,0.9,250,33350
20240223,11:44:47,0.95,400,33250
20240223,11:52:22,0.95,50,33250
20240223,11:52:49,0.85,50,33200
20240223,11:53:06,0.95,50,33200
20240223,11:54:16,0.85,50,33200
20240223,12:07:42,0.9,500,33200
20240223,12:21:04,0.8,1000,33250
20240223,12:22:16,0.9,100,32400
20240223,12:25:09,0.8,50,32400
20240223,12:25:29,0.8,50,32400
20240223,12:26:25,0.9,250,32350
20240223,12:43:57,0.8,300,32350
20240223,12:51:26,0.8,50,32250
20240223,12:53:05,0.85,500,32000
20240223,12:53:06,0.85,100,32000
20240223,12:59:34,0.8,900,32600
20240223,12:59:35,0.8,100,32600
20240223,12:59:46,0.8,50,32600
20240223,13:00:45,0.8,50,32600
20240223,13:07:40,0.8,50,32600
20240223,13:09:27,0.8,250,33600
20240223,13:10:43,0.75,300,33900
20240223,13:10:47,0.75,1000,33900
20240223,13:10:54,0.7,11300,33900
20240223,13:11:00,0.7,2100,33900
20240223,13:11:10,0.7,4550,33900
20240223,13:11:14,0.7,1000,33900
20240223,13:11:16,0.7,1200,33900
20240223,13:11:18,0.7,450,33900
20240223,13:11:38,0.7,100,33900
20240223,13:12:00,0.65,1900,33900
20240223,13:12:25,0.7,50,33900
20240223,13:12:27,0.7,100,33900
20240223,13:12:48,0.7,50,33900
20240223,13:13:31,0.7,50,38050
20240223,13:13:35,0.7,100,38050
20240223,13:13:58,0.7,100,38050
20240223,13:14:04,0.7,50,38050
20240223,13:14:05,0.7,50,38050
20240223,13:14:17,0.7,100,38050
20240223,13:16:18,0.7,500,38050
20240223,13:43:22,0.7,100,38100
20240223,13:46:35,0.65,350,38100
20240223,13:48:14,0.65,100,38100
20240223,13:52:21,0.65,50,38100
20240223,13:53:02,0.65,50,37800
20240223,14:06:37,0.65,50,37800
20240223,14:19:17,0.65,450,37800
20240223,14:28:52,0.7,400,37800
20240223,14:52:03,0.7,100,37800
20240223,15:12:51,0.65,3300,37400
20240223,15:12:57,0.65,100,37400
20240223,15:13:01,0.65,250,37400
20240223,15:22:09,0.6,150,38750
20240223,15:22:16,0.6,100,38750
20240223,15:22:32,0.6,1000,38750
20240223,15:25:00,0.6,100,38750
20240223,15:25:07,0.6,100,38050
20240223,15:25:20,0.6,100,38050
20240223,15:25:25,0.6,100,38050
20240223,15:25:27,0.6,50,38050
20240223,15:25:54,0.6,250,38050
20240223,15:25:54,0.6,250,37600
20240223,15:25:55,0.5,2200,37600
20240223,15:26:09,0.5,1000,37600
20240223,15:28:32,0.45,400,37600
20240223,15:29:22,0.45,500,36900
20240223,15:29:33,0.55,500,36900
20240223,15:29:34,0.55,950,36900
20240223,15:29:36,0.7,50,36900
20240226,09:15:06,0.6,1,36900
20240226,09:15:06,0.6,300,36900
20240226,09:15:51,0.5,250,35200
20240226,09:16:10,0.5,50,35200
20240226,09:19:18,0.45,250,35200
20240226,09:20:15,0.45,250,35200
20240226,09:22:09,0.45,250,35200
20240226,09:22:13,0.45,250,35200
20240226,09:23:09,0.45,250,35200
20240226,09:24:52,0.45,250,35200
20240226,09:25:42,0.45,50,35200
20240226,09:26:19,0.45,250,35200
20240226,09:26:28,0.45,50,35200
20240226,09:26:40,0.45,250,35200
20240226,09:27:10,0.45,250,35200
20240226,09:27:23,0.45,100,35200
20240226,09:28:38,0.45,150,35200
20240226,09:28:38,0.5,50,35100
20240226,09:29:21,0.5,100,35100
20240226,09:29:49,0.5,100,35100
20240226,09:29:50,0.45,100,35100
20240226,09:46:16,0.45,200,35100
20240226,09:48:41,0.45,50,34600
20240226,09:51:47,0.4,250,34600
20240226,09:52:08,0.4,250,34400
20240226,09:53:02,0.4,250,34400
20240226,09:53:09,0.4,250,34400
20240226,09:56:48,0.4,250,34400
20240226,09:58:06,0.4,250,34400
20240226,09:58:54,0.4,250,34400
20240226,10:00:23,0.4,250,34400
20240226,10:05:04,0.4,200,34400
20240226,10:05:14,0.4,200,34200
20240226,10:05:37,0.4,100,34200
20240226,10:08:44,0.35,50,34400
20240226,10:09:23,0.35,50,34400
20240226,10:10:03,0.35,50,34400
20240226,10:10:11,0.45,100,34400
20240226,10:28:44,0.4,100,34400
20240226,10:34:02,0.4,50,34400
20240226,10:36:07,0.4,150,34400
20240226,10:36:10,0.4,100,34400
20240226,10:37:54,0.4,50,34400
20240226,10:38:50,0.4,50,34400
20240226,10:40:06,0.35,1800,34400
20240226,10:45:29,0.4,50,34400
20240226,10:46:13,0.35,50,34400
20240226,10:47:20,0.4,50,34400
20240226,10:52:12,0.35,50,34400
20240226,10:56:51,0.4,50,34400
20240226,11:01:42,0.4,50,34400
20240226,11:33:21,0.4,50,34450
20240226,11:37:44,0.4,50,34450
20240226,11:37:59,0.35,1000,34500
20240226,11:44:11,0.4,100,34500
20240226,11:45:41,0.4,50,34500
20240226,11:47:14,0.35,150,34500
20240226,11:49:17,0.4,50,34500
20240226,12:32:53,0.4,1000,34500
20240226,12:42:15,0.35,350,34500
20240226,12:43:03,0.35,50,34500
20240226,12:43:24,0.4,50,34500
20240226,12:47:30,0.35,50,34850
20240226,13:12:21,0.4,50,34850
20240226,13:13:23,0.35,50,34850
20240226,13:13:46,0.4,50,34850
20240226,13:15:40,0.4,50,34850
20240226,13:16:40,0.35,200,34750
20240226,13:33:07,0.35,300,34750
20240226,13:34:53,0.4,100,34450
20240226,13:38:14,0.3,50,34350
20240226,13:40:37,0.3,250,34350
20240226,13:42:02,0.3,50,34350
20240226,14:16:37,0.3,50,34350
20240226,14:23:32,0.35,500,34350
20240226,14:24:34,0.35,100,34350
20240226,14:25:02,0.35,150,34350
20240226,14:25:38,0.35,50,33900
20240226,14:25:40,0.35,250,33900
20240226,14:25:44,0.35,250,33900
20240226,14:27:21,0.35,1800,33900
20240226,14:29:33,0.35,50,33700
20240226,14:29:34,0.35,50,33700
20240226,14:30:18,0.35,1800,33700
20240226,14:34:05,0.4,50,35500
20240226,14:37:08,0.35,50,35500
20240226,14:37:26,0.35,1000,35500
20240226,14:38:12,0.35,50,35500
20240226,14:38:57,0.35,250,35400
20240226,14:39:11,0.35,50,35400
20240226,14:39:34,0.35,50,35400
20240226,14:39:45,0.35,150,35400
20240226,14:51:12,0.3,250,35400
20240226,14:53:32,0.3,50,35800
20240226,14:55:12,0.3,50,35800
20240226,14:57:58,0.35,250,35800
20240226,15:13:20,0.3,150,35800
20240226,15:22:20,0.3,250,35800
20240226,15:24:03,0.3,950,35800
20240226,15:25:49,0.3,1000,35800
20240226,15:26:45,0.3,100,35800
20240226,15:27:42,0.3,450,35800
20240226,15:28:03,0.3,200,35800
20240226,15:28:14,0.3,100,35800
20240226,15:28:32,0.3,250,35800
20240227,09:15:06,0.3,1,35450
20240227,09:15:06,0.3,500,35450
20240227,09:15:35,0.35,100,35450
20240227,09:16:03,0.4,1000,35450
20240227,09:16:05,0.4,50,35450
20240227,09:18:02,0.4,50,35450
20240227,09:20:27,0.4,250,35450
20240227,09:20:31,0.3,50,36250
20240227,09:24:59,0.3,50,36550
20240227,09:33:18,0.35,250,36550
20240227,09:34:10,0.35,250,36700
20240227,09:36:21,0.4,1250,36700
20240227,09:38:59,0.3,50,36700
20240227,09:42:26,0.35,550,37500
20240227,09:44:47,0.35,50,37000
20240227,09:46:11,0.3,50,37000
20240227,09:46:18,0.35,50,37000
20240227,09:46:57,0.3,50,37000
20240227,09:49:34,0.35,250,37000
20240227,09:51:06,0.35,50,37000
20240227,09:52:16,0.35,450,37000
20240227,09:52:24,0.35,50,37000
20240227,09:52:46,0.35,50,37000
20240227,09:56:29,0.35,250,37000
20240227,09:58:52,0.35,200,37400
20240227,09:58:55,0.35,100,37400
20240227,09:59:59,0.4,50,37400
20240227,10:00:46,0.35,200,37400
20240227,10:02:21,0.3,1000,37200
20240227,10:02:28,0.4,150,37200
20240227,10:02:29,0.3,50,37200
20240227,10:02:51,0.3,200,37200
20240227,10:03:00,0.25,150,37200
20240227,10:03:49,0.25,150,37200
20240227,10:05:20,0.35,250,37200
20240227,10:06:08,0.35,50,37050
20240227,10:06:32,0.35,50,37050
20240227,10:06:35,0.35,50,37050
20240227,10:08:49,0.35,50,37050
20240227,10:09:45,0.35,50,37400
20240227,10:11:47,0.4,1250,37400
20240227,10:11:50,0.3,50,37400
20240227,10:13:11,0.3,50,38700
20240227,10:25:14,0.35,50,38650
20240227,10:32:06,0.4,50,38600
20240227,10:33:04,0.4,50,38600
20240227,10:34:53,0.4,100,38650
20240227,10:36:21,0.4,50,38650
20240227,10:37:04,0.3,700,38650
20240227,10:37:08,0.3,50,38800
20240227,10:38:34,0.3,100,38800
20240227,10:42:51,0.25,50,38350
20240227,10:43:40,0.25,50,38350
20240227,10:45:15,0.3,250,38350
20240227,10:46:06,0.25,100,38350
20240227,10:52:47,0.25,250,38350
20240227,10:56:20,0.25,150,38350
20240227,10:56:59,0.3,50,38350
20240227,10:58:04,0.3,250,38350
20240227,11:11:44,0.4,500,38350
20240227,11:12:02,0.4,300,38500
20240227,11:12:05,0.35,250,38500
20240227,11:12:10,0.35,50,38500
20240227,11:13:41,0.35,1600,38500
20240227,11:15:11,0.35,250,39300
20240227,11:15:40,0.3,50,39300
20240227,11:16:33,0.35,200,40200
20240227,11:17:54,0.35,200,40200
20240227,11:21:23,0.3,200,40200
20240227,11:30:49,0.3,350,40000
20240227,11:34:39,0.3,50,40000
20240227,11:40:24,0.35,250,39600
20240227,11:41:11,0.35,250,39600
20240227,11:43:10,0.35,50,40100
20240227,11:43:11,0.35,50,40100
20240227,11:43:12,0.35,200,40100
20240227,11:45:44,0.35,100,40100
20240227,11:45:45,0.3,1000,40100
20240227,11:51:33,0.3,250,40350
20240227,11:57:56,0.35,50,40600
20240227,12:00:21,0.4,100,40550
20240227,12:01:29,0.35,100,40650
20240227,12:01:49,0.4,750,40650
20240227,12:04:30,0.35,650,41300
20240227,12:07:25,0.4,250,41300
20240227,12:09:12,0.3,50,41250
20240227,12:14:49,0.3,250,41500
20240227,12:15:32,0.3,50,41500
20240227,12:16:21,0.3,50,41500
20240227,12:20:58,0.3,1000,41500
20240227,12:20:59,0.3,650,41550
20240227,12:38:14,0.35,550,41550
20240227,12:42:13,0.35,50,40650
20240227,12:42:14,0.35,50,40650
20240227,12:42:22,0.35,50,40650
20240227,12:49:38,0.4,50,40650
20240227,12:50:00,0.4,50,40500
20240227,12:52:05,0.4,250,40500
20240227,12:53:01,0.35,1000,40700
20240227,12:54:49,0.4,400,40700
20240227,12:55:21,0.45,50,40700
20240227,12:56:42,0.5,4150,39850
20240227,12:56:43,0.5,200,39850
20240227,12:56:44,0.45,1450,39850
20240227,12:56:58,0.5,1050,39850
20240227,12:59:15,0.5,250,39850
20240227,13:00:28,0.45,300,42550
20240227,13:00:52,0.45,50,42550
20240227,13:01:00,0.45,450,42550
20240227,13:01:48,0.45,100,42550
20240227,13:02:18,0.35,1800,42600
20240227,13:02:52,0.45,250,42600
20240227,13:03:21,0.45,500,42600
20240227,13:04:53,0.45,200,41350
20240227,13:04:55,0.5,50,41350
20240227,13:06:04,0.55,100,41350
20240227,13:06:05,0.55,250,41350
20240227,13:06:33,0.4,50,41350
20240227,13:06:40,0.45,50,41350
20240227,13:06:43,0.45,100,41350
20240227,13:06:47,0.45,100,41350
20240227,13:06:48,0.45,50,41350
20240227,13:06:57,0.45,50,41350
20240227,13:17:04,0.4,50,41350
20240227,13:17:23,0.45,250,41250
20240227,13:18:02,0.45,100,41250
20240227,13:18:03,0.45,50,41250
20240227,13:18:04,0.45,50,41250
20240227,13:18:05,0.45,50,41250
20240227,13:19:05,0.45,50,41250
20240227,13:19:27,0.45,50,41250
20240227,13:19:27,0.45,50,41550
20240227,13:19:51,0.45,100,41550
20240227,13:20:54,0.45,100,41550
20240227,13:22:53,0.45,100,41450
20240227,13:23:50,0.45,50,41450
20240227,13:24:06,0.4,750,41450
20240227,13:28:54,0.4,200,41450
20240227,13:29:48,0.4,500,41400
20240227,13:29:49,0.4,450,41400
20240227,13:30:25,0.45,50,41400
20240227,13:32:03,0.35,750,41400
20240227,13:34:08,0.4,100,41350
20240227,13:34:50,0.4,100,41350
20240227,13:45:13,0.35,50,41300
20240227,13:46:36,0.35,150,41200
20240227,13:49:01,0.4,50,41200
20240227,13:52:27,0.4,50,41200
20240227,13:53:23,0.45,650,41200
20240227,13:56:04,0.5,50,41050
20240227,13:56:30,0.35,250,41050
20240227,13:56:42,0.45,500,41050
20240227,13:58:02,0.35,50,41050
20240227,13:58:13,0.45,200,41050
20240227,13:58:26,0.4,300,41050
20240227,13:58:45,0.35,50,41050
20240227,13:59:26,0.4,50,41150
20240227,14:01:20,0.5,50,41150
20240227,14:02:21,0.5,50,41150
20240227,14:02:55,0.35,50,41100
20240227,14:03:31,0.45,200,41100
20240227,14:03:59,0.4,400,41100
20240227,14:04:02,0.4,50,41100
20240227,14:04:15,0.45,100,41100
20240227,14:04:19,0.45,1800,41100
20240227,14:04:34,0.5,50,41100
20240227,14:08:27,0.5,50,42100
20240227,14:10:17,0.5,50,42100
20240227,14:13:53,0.4,50,42100
20240227,14:13:57,0.5,1600,42200
20240227,14:14:34,0.55,2250,42200
20240227,14:14:35,0.6,1800,42200
20240227,14:15:09,0.6,50,42200
20240227,14:15:25,0.55,200,42200
20240227,14:15:39,0.5,500,42200
20240227,14:15:52,0.55,250,42200
20240227,14:15:56,0.55,1900,42200
20240227,14:15:57,0.5,50,42200
20240227,14:15:58,0.55,200,42200
20240227,14:16:02,0.55,200,42200
20240227,14:16:58,0.5,50,42200
20240227,14:17:22,0.5,250,47650
20240227,14:17:44,0.5,1300,47650
20240227,14:18:02,0.5,500,47650
20240227,14:18:53,0.55,1800,47650
20240227,14:23:00,0.5,500,49150
20240227,14:24:44,0.5,500,49150
20240227,14:28:51,0.55,50,49150
20240227,14:29:19,0.5,50,49150
20240227,14:29:20,0.5,500,49150
20240227,14:31:56,0.5,50,49150
20240227,14:32:57,0.55,50,49150
20240227,14:33:21,0.5,50,49150
20240227,14:33:22,0.5,500,49150
20240227,14:35:34,0.55,50,49100
20240227,14:35:51,0.5,500,49100
20240227,14:35:55,0.45,50,49100
20240227,14:38:52,0.55,50,49100
20240227,14:39:20,0.45,50,49100
20240227,14:41:11,0.55,50,49100
20240227,14:41:37,0.55,50,49100
20240227,14:41:38,0.5,50,49100
20240227,14:42:32,0.55,50,49100
20240227,14:44:12,0.5,50,49100
20240227,14:45:11,0.55,50,49250
20240227,14:45:30,0.5,350,49250
20240227,14:48:10,0.5,250,49250
20240227,14:49:40,0.55,50,49150
20240227,14:50:22,0.45,50,49150
20240227,14:50:36,0.55,50,49150
20240227,14:50:42,0.55,50,49150
20240227,14:52:14,0.55,150,49150
20240227,14:53:34,0.55,200,49150
20240227,14:54:43,0.55,50,48950
20240227,14:55:31,0.6,500,48950
20240227,14:56:08,0.5,500,48950
20240227,14:56:19,0.5,50,49350
20240227,14:56:25,0.55,50,49350
20240227,14:56:45,0.55,500,49350
20240227,14:57:03,0.55,100,49350
20240227,14:57:08,0.55,50,49350
20240227,14:58:04,0.55,200,49350
20240227,14:58:35,0.5,50,49350
20240227,14:58:53,0.55,50,49350
20240227,14:59:22,0.6,50,49450
20240227,14:59:35,0.6,100,49450
20240227,14:59:59,0.6,100,49450
20240227,15:00:00,0.5,500,49450
20240227,15:00:07,0.55,750,49450
20240227,15:00:23,0.5,50,49450
20240227,15:01:36,0.6,50,49450
20240227,15:01:55,0.5,500,49450
20240227,15:02:01,0.5,50,49800
20240227,15:02:09,0.55,350,49800
20240227,15:03:18,0.6,50,49800
20240227,15:03:39,0.5,50,49800
20240227,15:03:49,0.6,200,49800
20240227,15:03:50,0.6,300,49800
20240227,15:03:58,0.6,50,49800
20240227,15:04:01,0.55,50,49800
20240227,15:04:11,0.6,350,49800
20240227,15:04:51,0.65,500,49800
20240227,15:05:02,0.65,50,50050
20240227,15:05:07,0.65,50,50050
20240227,15:05:08,0.65,50,50050
20240227,15:05:28,0.55,50,50050
20240227,15:06:01,0.6,100,50050
20240227,15:08:49,0.55,200,50050
20240227,15:09:22,0.6,300,49850
20240227,15:10:47,0.55,50,49650
20240227,15:11:44,0.55,100,49650
20240227,15:13:31,0.55,500,49650
20240227,15:15:09,0.55,600,49500
20240227,15:20:03,0.45,2950,49500
20240227,15:21:48,0.6,50,49500
20240227,15:22:17,0.55,250,49500
20240227,15:22:24,0.5,350,49500
20240227,15:23:05,0.45,50,47200
20240227,15:24:38,0.6,50,47200
20240227,15:24:47,0.55,500,47200
20240227,15:25:17,0.6,500,47200
20240227,15:25:17,0.6,100,47200
20240227,15:25:18,0.6,100,47200
20240227,15:25:21,0.6,100,47200
20240227,15:25:23,0.6,100,47200
20240227,15:25:23,0.45,50,47200
20240227,15:25:26,0.55,550,47200
20240227,15:25:51,0.5,50,48350
20240227,15:26:13,0.5,250,48350
20240227,15:27:00,0.55,50,48350
20240227,15:27:18,0.55,50,48350
20240227,15:27:26,0.55,50,48350
20240227,15:27:36,0.6,200,48350
20240227,15:28:04,0.6,150,48350
20240227,15:28:23,0.6,900,48350
20240227,15:28:29,0.5,50,48350
20240227,15:29:30,0.65,850,48350
20240227,15:29:48,0.45,50,47800
20240228,09:15:05,0.55,1,47750
20240228,09:15:05,0.5,150,47750
20240228,09:15:07,0.9,50,47750
20240228,09:15:08,0.9,50,47750
20240228,09:15:18,0.45,450,47750
20240228,09:15:24,0.45,50,47750
20240228,09:15:32,0.5,100,47750
20240228,09:15:35,0.5,100,47750
20240228,09:16:04,0.45,50,47500
20240228,09:16:09,0.5,200,47500
20240228,09:16:16,0.45,400,47500
20240228,09:17:27,0.45,100,47500
20240228,09:17:29,0.5,50,47500
20240228,09:19:05,0.4,50,47500
20240228,09:19:11,0.4,1500,47600
20240228,09:19:40,0.45,400,47600
20240228,09:20:07,0.45,250,47600
20240228,09:20:40,0.45,550,47600
20240228,09:22:04,0.4,50,47900
20240228,09:22:24,0.5,100,47900
20240228,09:22:25,0.5,150,47900
20240228,09:24:18,0.4,50,47900
20240228,09:25:17,0.45,200,47900
20240228,09:26:02,0.4,200,47900
20240228,09:26:42,0.4,300,47900
20240228,09:27:04,0.35,50,47900
20240228,09:27:11,0.35,50,47900
20240228,09:27:12,0.35,50,47900
20240228,09:27:13,0.4,50,47900
20240228,09:27:54,0.4,50,48150
20240228,09:29:50,0.4,100,48150
20240228,09:34:37,0.4,50,48150
20240228,09:41:17,0.35,100,48300
20240228,09:42:56,0.35,1400,48300
20240228,09:44:02,0.35,600,48300
20240228,09:45:58,0.3,100,48500
20240228,09:55:10,0.35,600,48500
20240228,09:55:33,0.3,50,48450
20240228,09:55:51,0.35,50,48450
20240228,09:57:10,0.35,150,48450
20240228,10:04:36,0.35,250,48650
20240228,10:06:51,0.35,250,48650
20240228,10:08:03,0.35,250,48400
20240228,10:08:39,0.35,2950,48400
20240228,10:25:01,0.35,100,51100
20240228,10:32:04,0.3,50,51100
20240228,10:32:04,0.35,50,51200
20240228,10:32:54,0.35,700,51200
20240228,10:38:41,0.3,50,51200
20240228,10:41:23,0.35,50,51600
20240228,10:46:32,0.3,50,51600
20240228,10:46:57,0.3,50,51600
20240228,10:47:05,0.3,250,51600
20240228,10:48:04,0.3,300,51600
20240228,10:49:01,0.3,500,51600
20240228,10:50:25,0.3,250,51600
20240228,10:51:13,0.3,250,51600
20240228,10:52:02,0.3,250,51600
20240228,10:52:16,0.3,150,51600
20240228,10:55:23,0.35,100,51250
20240228,10:59:24,0.25,250,51150
20240228,11:00:32,0.25,250,51150
20240228,11:01:51,0.25,1800,51150
20240228,11:02:06,0.25,1800,51650
20240228,11:04:03,0.25,450,51650
20240228,11:05:02,0.25,50,50800
20240228,11:08:55,0.25,250,50800
20240228,11:22:17,0.25,250,50800
20240228,11:22:56,0.3,50,50550
20240228,11:24:47,0.25,100,50550
20240228,12:00:40,0.25,1000,50400
20240228,12:08:18,0.25,250,50400
20240228,12:14:28,0.25,400,49250
20240228,12:15:35,0.25,500,49250
20240228,12:35:39,0.2,1900,49250
20240228,12:47:29,0.2,50,49100
20240228,12:48:56,0.25,50,47550
20240228,12:49:14,0.25,50,47550
20240228,12:59:55,0.25,250,47600
20240228,13:04:20,0.15,100,47550
20240228,13:05:28,0.15,100,47550
20240228,13:09:29,0.15,1800,47450
20240228,13:09:45,0.2,2300,47450
20240228,13:11:16,0.2,250,45650
20240228,13:12:33,0.25,50,45650
20240228,13:15:56,0.2,50,45700
20240228,13:17:34,0.25,50,45700
20240228,13:18:38,0.25,400,45700
20240228,13:20:45,0.25,650,45700
20240228,13:20:56,0.25,600,45700
20240228,13:21:02,0.25,150,45700
20240228,13:24:22,0.25,1200,45700
20240228,13:27:06,0.3,2700,45400
20240228,13:29:10,0.25,2900,47200
20240228,13:29:55,0.25,1800,47200
20240228,13:35:34,0.25,100,47200
20240228,13:39:04,0.25,250,48700
20240228,13:42:12,0.25,100,48700
20240228,13:47:47,0.25,500,48700
20240228,13:48:03,0.3,50,48700
20240228,13:51:59,0.2,500,49150
20240228,13:59:37,0.25,400,48950
20240228,14:02:31,0.3,50,48950
20240228,14:07:21,0.3,2250,49100
20240228,14:23:43,0.2,50,50350
20240228,14:32:36,0.2,250,50350
20240228,14:33:34,0.2,250,50350
20240228,14:34:00,0.25,250,50350
20240228,14:34:02,0.25,50,50350
20240228,14:34:15,0.2,250,50350
20240228,14:34:36,0.25,100,50350
20240228,14:34:37,0.25,50,50350
20240228,14:37:06,0.2,300,50950
20240228,14:38:16,0.2,250,50950
20240228,14:42:28,0.2,250,51250
20240228,14:44:41,0.2,250,51750
20240228,14:45:24,0.25,50,51750
20240228,14:49:49,0.2,250,51750
20240228,14:49:55,0.2,250,52000
20240228,14:49:57,0.2,250,52000
20240228,14:50:04,0.2,250,52000
20240228,14:50:44,0.2,300,52000
20240228,14:51:18,0.2,150,52000
20240228,15:01:42,0.2,50,52000
20240228,15:02:20,0.2,250,52300
20240228,15:03:50,0.2,700,52300
20240228,15:03:51,0.2,400,52300
20240228,15:03:52,0.2,200,52300
20240228,15:06:13,0.15,50,52300
20240228,15:06:13,0.15,50,51850
20240228,15:06:48,0.2,100,51850
20240228,15:08:06,0.15,250,51850
20240228,15:08:52,0.15,250,51900
20240228,15:08:55,0.15,350,51900
20240228,15:08:56,0.15,250,51900
20240228,15:09:48,0.15,250,51900
20240228,15:09:59,0.15,250,51900
20240228,15:10:04,0.15,300,51900
20240228,15:10:07,0.15,250,51900
20240228,15:10:12,0.15,350,51900
20240228,15:10:19,0.15,350,51900
20240228,15:10:24,0.15,800,51900
20240228,15:10:25,0.15,250,51900
20240228,15:10:27,0.15,300,51900
20240228,15:10:32,0.15,700,51900
20240228,15:10:45,0.15,250,51900
20240228,15:10:52,0.15,250,51900
20240228,15:11:03,0.15,400,56550
20240228,15:11:07,0.15,250,56550
20240228,15:11:28,0.15,250,56550
20240228,15:11:28,0.15,850,56550
20240228,15:11:29,0.15,1800,56550
20240228,15:11:35,0.15,50,56550
20240228,15:12:08,0.15,350,56550
20240228,15:12:10,0.15,1800,56550
20240228,15:13:44,0.15,50,56550
20240228,15:14:21,0.15,950,62500
20240228,15:14:55,0.15,2400,62500
20240228,15:15:01,0.15,600,62500
20240228,15:15:04,0.15,400,62500
20240228,15:15:05,0.15,750,62500
20240228,15:15:06,0.15,950,62500
20240228,15:15:12,0.15,850,62500
20240228,15:15:13,0.15,550,62500
20240228,15:17:01,0.1,250,67950
20240228,15:17:16,0.1,650,67950
20240228,15:17:20,0.1,450,67950
20240228,15:18:12,0.1,50,67950
20240228,15:18:31,0.1,50,67950
20240228,15:19:24,0.1,550,67950
20240228,15:19:25,0.1,550,67950
20240228,15:20:37,0.1,50,67950
20240228,15:21:20,0.1,50,69400
20240228,15:22:20,0.1,2450,69400
20240228,15:23:51,0.1,250,69400
20240228,15:24:07,0.1,400,69450
20240228,15:25:24,0.15,100,69450
20240228,15:25:53,0.1,250,70000
20240228,15:28:23,0.15,400,70000
20240228,15:29:30,0.15,300,69850
20240228,15:29:31,0.15,300,69850
20240228,15:29:32,0.15,200,69850
20240229,09:15:01,0.1,1,69150
20240229,09:15:01,0.1,700,69150
20240229,09:15:06,0.15,750,69150
20240229,09:15:06,0.15,250,69150
20240229,09:15:14,0.15,3600,69150
20240229,09:15:15,0.1,1800,69150
20240229,09:15:16,0.05,3600,69150
20240229,09:15:22,0.05,850,69150
20240229,09:15:23,0.15,5450,69150
20240229,09:15:24,0.15,800,69150
20240229,09:15:26,0.1,200,69150
20240229,09:15:27,0.1,500,69150
20240229,09:15:28,0.1,1350,69150
20240229,09:15:36,0.05,6500,69150
20240229,09:15:37,0.05,5400,69150
20240229,09:15:38,0.05,1000,69150
20240229,09:15:39,0.05,1800,69150
20240229,09:15:40,0.15,50,69150
20240229,09:15:49,0.15,4200,69150
20240229,09:15:52,0.05,1800,69150
20240229,09:15:58,0.05,3600,69150
20240229,09:16:00,0.05,3600,69150
20240229,09:16:06,0.1,1800,69150
20240229,09:16:06,0.1,1800,65150
20240229,09:16:07,0.05,1800,65150
20240229,09:16:08,0.1,3600,65150
20240229,09:16:11,0.05,1800,65150
20240229,09:16:12,0.05,1800,65150
20240229,09:16:13,0.05,1800,65150
20240229,09:16:14,0.15,3600,65150
20240229,09:16:15,0.15,1800,65150
20240229,09:16:18,0.1,1800,65150
20240229,09:16:21,0.15,3600,65150
20240229,09:16:26,0.15,300,65150
20240229,09:16:30,0.15,450,65150
20240229,09:16:36,0.15,100,65150
20240229,09:16:42,0.15,250,65150
20240229,09:16:44,0.1,5400,65150
20240229,09:18:11,0.15,250,65150
20240229,09:18:22,0.15,600,65150
20240229,09:18:38,0.15,350,65150
20240229,09:18:57,0.15,50,65150
20240229,09:19:16,0.15,100,42550
20240229,09:19:40,0.1,50,42550
20240229,09:20:07,0.15,9000,42550
20240229,09:23:02,0.2,250,42600
20240229,09:23:23,0.2,50,42600
20240229,09:23:24,0.15,50,42600
20240229,09:23:47,0.15,50,42600
20240229,09:23:57,0.15,50,42600
20240229,09:24:12,0.15,50,42600
20240229,09:24:24,0.2,50,42600
20240229,09:24:53,0.2,100,42600
20240229,09:26:36,0.2,50,42600
20240229,09:28:00,0.2,50,42600
20240229,09:28:26,0.2,200,42600
20240229,09:28:37,0.2,250,42600
20240229,09:28:59,0.2,300,42600
20240229,09:29:48,0.2,250,42600
20240229,09:30:05,0.2,50,42600
20240229,09:32:29,0.15,250,42600
20240229,09:33:04,0.2,100,41600
20240229,09:33:21,0.2,1800,41600
20240229,09:33:22,0.2,3200,41600
20240229,09:36:58,0.15,100,41600
20240229,09:37:34,0.2,50,41600
20240229,09:38:20,0.2,250,41600
20240229,09:38:31,0.15,50,41600
20240229,09:38:44,0.15,100,41600
20240229,09:40:14,0.2,1000,41600
20240229,09:41:23,0.15,600,41600
20240229,09:42:39,0.15,250,41600
20240229,09:42:53,0.2,1250,41600
20240229,09:44:09,0.15,50,41600
20240229,09:46:06,0.2,700,41600
20240229,09:46:38,0.2,1800,41600
20240229,09:48:19,0.2,300,41600
20240229,09:49:42,0.2,50,41550
20240229,09:49:50,0.2,50,41550
20240229,09:50:26,0.2,2000,41550
20240229,09:54:51,0.2,1500,41550
20240229,09:54:52,0.2,4700,39900
20240229,09:54:54,0.15,2750,39900
20240229,09:55:22,0.2,800,40000
20240229,09:56:21,0.15,50,40000
20240229,09:56:59,0.15,200,40000
20240229,09:57:00,0.15,200,40000
20240229,09:57:11,0.2,3950,40000
20240229,09:57:51,0.2,450,40000
20240229,09:57:56,0.2,100,40000
20240229,09:58:25,0.2,100,38000
20240229,09:58:29,0.2,100,38000
20240229,09:59:55,0.2,500,38000
20240229,10:00:20,0.2,1400,38000
20240229,10:00:21,0.2,50,38000
20240229,10:00:51,0.2,50,38000
20240229,10:02:18,0.15,50,38000
20240229,10:03:11,0.2,50,38050
20240229,10:03:15,0.2,500,38050
20240229,10:04:09,0.25,800,37800
20240229,10:07:13,0.25,50,38050
20240229,10:07:16,0.2,50,38050
20240229,10:07:18,0.2,100,38050
20240229,10:07:19,0.2,200,38050
20240229,10:08:03,0.15,350,38050
20240229,10:10:16,0.2,50,37700
20240229,10:10:36,0.15,50,37700
20240229,10:11:05,0.2,50,37700
20240229,10:11:52,0.15,50,37700
20240229,10:12:39,0.2,250,37700
20240229,10:16:51,0.2,100,37700
20240229,10:19:19,0.15,50,37800
20240229,10:19:52,0.2,50,37800
20240229,10:21:18,0.15,1250,37800
20240229,10:25:25,0.2,100,37800
20240229,10:26:06,0.15,50,37800
20240229,10:27:08,0.2,250,37800
20240229,10:27:26,0.15,50,37800
20240229,10:27:32,0.2,50,37800
20240229,10:29:15,0.2,850,37800
20240229,10:30:26,0.15,50,37800
20240229,10:30:27,0.15,100,37800
20240229,10:31:25,0.2,50,37800
20240229,10:32:14,0.2,50,37800
20240229,10:33:05,0.15,50,37800
20240229,10:34:40,0.2,800,37800
20240229,10:35:50,0.15,50,37800
20240229,10:45:56,0.2,450,37800
20240229,10:52:26,0.15,500,37800
20240229,10:52:54,0.2,50,37800
20240229,10:55:09,0.15,450,37800
20240229,11:02:49,0.2,750,37800
20240229,11:03:20,0.2,50,37200
20240229,11:04:04,0.15,50,37200
20240229,11:06:10,0.15,100,37850
20240229,11:09:51,0.2,1600,37850
20240229,11:12:46,0.2,50,37750
20240229,11:14:17,0.15,50,38000
20240229,11:25:59,0.2,50,37950
20240229,11:27:01,0.15,50,37950
20240229,11:27:05,0.15,1600,37950
20240229,11:55:53,0.2,50,37950
20240229,11:57:35,0.15,50,37150
20240229,11:57:36,0.15,50,37150
20240229,12:00:52,0.15,50,37150
20240229,12:01:31,0.15,250,37150
20240229,12:05:41,0.15,50,37150
20240229,12:07:20,0.15,50,37150
20240229,12:08:17,0.1,9000,37150
20240229,12:09:14,0.15,50,37150
20240229,12:09:56,0.2,50,37150
20240229,12:25:11,0.2,50,37000
20240229,12:26:22,0.2,50,37000
20240229,12:29:36,0.1,50,37000
20240229,12:30:05,0.15,50,37000
20240229,12:30:17,0.2,50,37000
20240229,12:44:14,0.2,50,37000
20240229,12:44:45,0.2,50,37050
20240229,13:10:45,0.15,50,37050
20240229,13:12:20,0.15,1800,37050
20240229,13:12:28,0.15,1800,37050
20240229,13:12:32,0.15,50,37050
20240229,13:12:41,0.15,900,37050
20240229,13:13:04,0.2,50,37050
20240229,13:15:04,0.15,50,37150
20240229,13:15:14,0.15,100,37150
20240229,13:16:27,0.2,50,37150
20240229,13:42:14,0.15,50,37150
20240229,13:48:40,0.1,1800,37150
20240229,13:48:59,0.1,1350,37150
20240229,13:50:09,0.1,100,36550
20240229,13:52:40,0.1,3000,36550
20240229,13:52:44,0.1,1600,36550
20240229,13:56:45,0.05,50,36550
20240229,14:00:43,0.05,250,36550
20240229,14:01:32,0.05,1800,36550
20240229,14:01:35,0.05,800,36550
20240229,14:02:11,0.1,1800,36550
20240229,14:02:15,0.05,3000,36550
20240229,14:02:17,0.05,1600,36550
20240229,14:02:47,0.05,300,36550
20240229,14:05:45,0.05,50,36550
20240229,14:06:02,0.05,1350,36550
20240229,14:08:16,0.1,750,36550
20240229,14:10:27,0.1,1000,36550
20240229,14:15:11,0.1,500,36300
20240229,14:15:53,0.05,100,36300
20240229,14:17:52,0.1,450,36300
20240229,14:18:01,0.1,50,36300
20240229,14:22:18,0.15,150,36300
20240229,14:23:24,0.05,500,36300
20240229,14:27:00,0.05,3600,36300
20240229,14:27:10,0.05,1800,36300
20240229,14:27:47,0.05,1300,36300
20240229,14:27:48,0.05,50,36300
20240229,14:27:52,0.05,50,36300
20240229,14:27:58,0.1,50,36300
20240229,14:38:00,0.1,500,35150
20240229,14:38:20,0.05,150,35150
20240229,14:38:24,0.1,200,35150
20240229,14:39:50,0.05,650,35150
20240229,14:43:52,0.05,200,35150
20240229,14:44:40,0.05,1800,35200
20240229,14:45:19,0.1,50,35200
20240229,14:49:50,0.05,150,35200
20240229,14:50:23,0.05,50,35200
20240229,14:50:36,0.05,1000,35200
20240229,14:52:35,0.1,100,35200
20240229,14:53:51,0.05,900,35200
20240229,14:53:55,0.05,1050,35200
20240229,14:54:05,0.05,200,35200
20240229,14:55:41,0.05,900,35200
20240229,14:55:50,0.05,50,35200
20240229,14:59:51,0.05,900,35200
20240229,14:59:52,0.05,900,35200
20240229,15:00:10,0.1,200,35200
20240229,15:07:24,0.05,50,35200
20240229,15:07:34,0.05,100,35200
