date,time,tick_price,volume,open_interest
20240101,09:39:42,425.8,50,50
20240101,09:53:13,425.8,50,50
20240104,15:25:48,420.0,1,50
20240104,15:25:48,420.0,50,50
20240104,15:26:00,420.0,50,50
20240109,12:00:12,398.0,1,100
20240109,12:00:12,398.0,50,100
20240109,14:08:37,432.0,50,150
20240112,10:15:12,362.0,1,150
20240112,10:15:12,362.0,50,150
20240112,10:36:44,333.85,50,200
20240112,10:48:41,333.85,50,200
20240112,12:41:17,333.55,50,250
20240112,12:49:27,333.05,150,250
20240112,12:49:41,331.6,150,250
20240112,12:51:14,329.2,300,500
20240112,12:51:28,330.15,150,500
20240112,12:51:34,330.2,50,500
20240112,12:52:03,327.9,50,500
20240112,12:52:18,327.9,50,500
20240112,12:54:32,321.8,350,1100
20240112,12:54:41,322.55,100,1100
20240112,12:55:31,323.25,50,1100
20240112,12:55:38,316.55,100,1100
20240112,12:59:31,316.55,50,1700
20240112,13:00:24,321.05,50,1750
20240112,13:01:30,318.45,750,1750
20240112,13:21:44,318.45,50,2450
20240112,13:28:24,312.15,50,2500
20240112,13:31:17,312.15,50,2550
20240112,13:33:42,311.15,50,2600
20240112,13:40:57,302.0,50,2650
20240112,13:42:16,295.75,450,2700
20240112,14:02:48,295.75,450,3150
20240112,14:17:09,301.85,450,3600
20240112,14:17:17,301.85,50,3600
20240112,14:34:54,299.0,300,3650
20240112,14:35:01,298.05,450,3650
20240112,14:37:21,284.3,450,4400
20240112,14:38:06,284.3,100,4400
20240112,14:40:18,281.7,400,4400
20240112,14:40:37,281.5,500,4400
20240112,14:42:44,285.9,100,5250
20240112,14:45:42,290.9,100,5250
20240112,14:49:54,293.0,150,5250
20240112,15:00:09,291.75,200,5250
20240112,15:00:20,289.25,100,5250
20240112,15:00:31,292.4,350,5150
20240112,15:02:18,292.0,250,5150
20240112,15:04:20,287.6,100,5400
20240112,15:04:28,289.0,100,5400
20240112,15:04:53,294.35,100,5400
20240112,15:05:16,302.2,100,5400
20240112,15:06:41,305.2,100,5400
20240112,15:06:51,308.8,50,5400
20240112,15:08:04,308.8,100,5400
20240112,15:09:03,313.0,250,5400
20240112,15:10:29,313.0,50,5400
20240112,15:11:06,305.0,150,5400
20240112,15:20:14,294.3,100,5450
20240112,15:21:40,292.05,50,5450
20240112,15:22:04,291.0,50,5450
20240112,15:22:23,291.65,150,5450
20240112,15:24:39,288.45,50,5500
20240112,15:25:35,288.45,100,5500
20240112,15:28:56,283.0,150,5500
20240112,15:29:05,283.7,300,5500
20240112,15:29:51,283.7,100,5500
20240115,09:15:32,256.6,1,5900
20240115,09:15:32,250.6,650,5900
20240115,09:15:41,250.55,50,5900
20240115,09:15:55,249.05,150,5900
20240115,09:16:03,241.75,50,5900
20240115,09:16:11,241.55,50,5900
20240115,09:16:26,241.55,100,5900
20240115,09:16:34,244.85,400,5900
20240115,09:16:56,245.3,50,5900
20240115,09:17:10,245.45,100,5900
20240115,09:17:34,245.45,50,6250
20240115,09:17:41,245.45,100,6250
20240115,09:17:49,244.0,550,6250
20240115,09:18:20,239.15,250,6250
20240115,09:18:27,239.15,50,6250
20240115,09:18:47,239.25,50,6250
20240115,09:18:59,242.65,50,6250
20240115,09:19:14,240.0,100,6250
20240115,09:19:38,239.25,350,6250
20240115,09:19:46,239.25,1250,6250
20240115,09:19:54,238.0,150,6250
20240115,09:20:02,238.0,50,6250
20240115,09:20:10,235.9,100,6250
20240115,09:20:27,234.65,450,6250
20240115,09:21:03,234.65,500,8300
20240115,09:21:32,233.7,200,8300
20240115,09:22:30,234.4,100,8300
20240115,09:22:54,233.35,50,8300
20240115,09:23:10,233.35,100,8300
20240115,09:23:19,235.45,400,8300
20240115,09:23:28,237.35,700,8300
20240115,09:23:37,237.3,50,8200
20240115,09:23:46,236.7,50,8200
20240115,09:24:11,233.4,400,8200
20240115,09:24:55,232.0,50,8200
20240115,09:25:58,232.0,50,8200
20240115,09:26:31,233.65,150,8200
20240115,09:27:28,234.15,150,8000
20240115,09:28:03,230.0,50,8000
20240115,09:28:51,230.0,50,8000
20240115,09:29:11,231.0,50,8000
20240115,09:29:47,232.5,200,8150
20240115,09:30:01,233.0,50,8150
20240115,09:30:26,232.5,50,8150
20240115,09:30:35,231.0,500,8150
20240115,09:30:44,233.4,50,8150
20240115,09:31:08,233.45,100,8150
20240115,09:31:30,238.35,400,8150
20240115,09:32:30,234.25,150,8150
20240115,09:33:40,233.0,200,8150
20240115,09:33:56,231.7,50,8950
20240115,09:34:21,233.85,50,8950
20240115,09:34:38,234.45,50,8950
20240115,09:35:19,235.7,50,8950
20240115,09:35:28,234.65,50,8950
20240115,09:36:01,236.05,50,9100
20240115,09:37:05,235.65,100,9100
20240115,09:37:37,236.85,100,9100
20240115,09:38:08,236.8,50,9100
20240115,09:38:36,238.4,50,9150
20240115,09:38:47,236.75,100,9150
20240115,09:39:16,236.4,150,9150
20240115,09:39:29,235.0,50,9150
20240115,09:39:35,234.5,250,9150
20240115,09:39:56,236.25,250,9150
20240115,09:40:32,236.45,50,9150
20240115,09:41:00,238.2,50,9150
20240115,09:41:21,237.3,50,9150
20240115,09:41:31,239.4,50,9150
20240115,09:42:07,241.85,50,9150
20240115,09:42:36,239.9,100,9150
20240115,09:44:31,242.4,50,9150
20240115,09:45:13,247.9,400,9200
20240115,09:45:23,245.0,50,9200
20240115,09:46:38,245.0,400,9200
20240115,09:48:10,249.0,50,9550
20240115,09:48:28,250.55,200,9550
20240115,09:48:38,252.05,50,9550
20240115,09:48:47,252.05,50,9550
20240115,09:49:07,252.35,50,9550
20240115,09:49:16,253.9,250,9550
20240115,09:49:30,255.25,50,9550
20240115,09:49:38,254.0,200,9550
20240115,09:49:51,251.35,50,9550
20240115,09:49:54,252.15,50,9550
20240115,09:50:23,250.0,400,9550
20240115,09:51:38,257.0,50,9450
20240115,09:52:10,262.6,300,9450
20240115,09:52:43,259.2,600,9450
20240115,09:52:53,259.0,100,9450
20240115,09:53:02,260.15,400,9450
20240115,09:53:31,251.55,100,9450
20240115,09:53:39,251.2,650,9300
20240115,09:53:41,251.0,50,9300
20240115,09:53:43,250.6,50,9300
20240115,09:53:45,251.9,100,9300
20240115,09:53:56,253.45,400,9300
20240115,09:54:13,258.1,50,9300
20240115,09:54:14,258.2,50,9300
20240115,09:54:28,260.0,50,9300
20240115,09:54:46,264.0,150,9300
20240115,09:55:11,265.3,50,9300
20240115,09:55:22,265.3,150,9300
20240115,09:55:25,265.3,500,9300
20240115,09:56:06,261.1,100,9300
20240115,09:56:12,260.4,50,9300
20240115,09:56:30,261.85,100,9300
20240115,09:56:41,265.25,50,9200
20240115,09:57:00,265.3,1100,9200
20240115,09:57:14,267.4,600,9200
20240115,09:57:18,268.8,200,9200
20240115,09:57:49,269.2,100,9200
20240115,09:58:35,269.2,100,9200
20240115,09:58:50,267.95,50,9200
20240115,09:59:08,266.95,50,9200
20240115,09:59:31,269.2,50,9200
20240115,10:00:04,273.1,200,9250
20240115,10:00:24,276.7,100,9250
20240115,10:00:35,278.4,50,9250
20240115,10:00:37,278.4,50,9250
20240115,10:00:40,275.5,50,9250
20240115,10:00:59,275.7,200,9250
20240115,10:02:05,267.85,200,9250
20240115,10:02:51,261.55,50,9550
20240115,10:03:07,264.3,300,9550
20240115,10:03:18,266.0,100,9550
20240115,10:04:20,260.0,50,9550
20240115,10:05:49,256.05,50,9550
20240115,10:06:07,257.75,150,9550
20240115,10:06:47,255.8,150,9550
20240115,10:07:10,258.15,50,9550
20240115,10:07:12,258.75,150,9550
20240115,10:10:15,253.2,50,9700
20240115,10:10:26,255.05,50,9700
20240115,10:15:16,254.7,50,9700
20240115,10:16:00,257.25,50,9700
20240115,10:18:35,256.1,50,9750
20240115,10:23:28,255.8,100,9750
20240115,10:23:36,254.7,100,9750
20240115,10:23:44,255.0,250,9750
20240115,10:23:51,256.25,50,9550
20240115,10:24:08,256.1,50,9550
20240115,10:24:22,258.3,50,9550
20240115,10:26:31,258.3,50,9550
20240115,10:28:31,253.25,100,9350
20240115,10:30:11,251.3,50,9250
20240115,10:30:16,251.3,50,9250
20240115,10:32:03,250.0,100,9250
20240115,10:33:01,248.6,100,9250
20240115,10:36:25,251.55,450,9250
20240115,10:36:28,252.8,250,9250
20240115,10:36:29,252.8,150,9250
20240115,10:36:30,252.8,100,9250
20240115,10:36:46,250.95,150,9250
20240115,10:36:47,251.35,100,9250
20240115,10:36:52,249.6,50,9250
20240115,10:37:44,250.9,150,9250
20240115,10:37:45,251.35,50,9250
20240115,10:40:20,251.3,50,9000
20240115,10:42:10,255.95,50,9050
20240115,10:42:47,254.45,50,9050
20240115,10:46:17,254.55,150,9100
20240115,10:46:23,253.65,200,9100
20240115,10:46:30,253.5,100,9100
20240115,10:46:37,254.05,250,9100
20240115,10:46:39,254.4,700,9100
20240115,10:47:00,254.35,50,9100
20240115,10:47:06,254.5,50,9100
20240115,10:50:08,248.55,100,9500
20240115,10:52:26,246.4,50,9500
20240115,10:54:46,246.55,50,9500
20240115,10:55:36,246.25,50,9500
20240115,10:59:34,245.0,50,9550
20240115,11:01:25,242.85,150,9600
20240115,11:01:29,243.15,250,9600
20240115,11:01:30,241.85,50,9600
20240115,11:01:55,243.8,250,9600
20240115,11:04:24,248.05,50,9750
20240115,11:06:01,247.1,50,9800
20240115,11:06:24,245.85,50,9800
20240115,11:07:38,246.9,50,9800
20240115,11:08:03,245.65,300,9800
20240115,11:09:27,244.6,50,10000
20240115,11:10:56,245.6,50,10000
20240115,11:11:50,244.75,250,10050
20240115,11:11:57,244.35,100,10050
20240115,11:13:36,245.3,50,10050
20240115,11:15:55,243.55,50,10200
20240115,11:17:29,243.15,400,10200
20240115,11:18:36,242.55,400,10650
20240115,11:20:28,240.55,100,10650
20240115,11:20:36,240.0,50,10650
20240115,11:20:45,240.0,100,10650
20240115,11:20:53,239.95,50,10450
20240115,11:21:59,240.8,300,10450
20240115,11:22:32,239.9,100,10450
20240115,11:22:48,240.0,150,10450
20240115,11:23:11,239.35,200,10450
20240115,11:23:31,239.0,500,10450
20240115,11:23:36,238.0,50,10450
20240115,11:23:41,236.95,50,10450
20240115,11:24:20,238.15,50,10750
20240115,11:25:06,236.6,200,10750
20240115,11:27:15,239.45,50,10600
20240115,11:28:47,240.7,100,10600
20240115,11:29:02,240.25,50,10600
20240115,11:29:39,240.3,50,10600
20240115,11:30:18,240.3,50,10850
20240115,11:30:48,240.2,50,10850
20240115,11:31:50,241.15,100,10850
20240115,11:32:14,242.3,50,10850
20240115,11:33:45,241.45,50,11000
20240115,11:34:09,243.85,100,11000
20240115,11:35:41,244.0,200,11000
20240115,11:37:17,244.0,500,11050
20240115,11:37:48,246.0,50,11050
20240115,11:38:25,249.25,50,11050
20240115,11:38:35,249.85,100,11050
20240115,11:38:44,249.15,50,11050
20240115,11:41:05,244.9,50,10600
20240115,11:41:45,245.0,100,10600
20240115,11:42:58,241.95,100,10650
20240115,11:43:30,240.5,100,10650
20240115,11:44:08,240.1,50,10650
20240115,11:45:50,239.6,100,10650
20240115,11:49:27,238.35,50,10650
20240115,11:50:26,238.7,50,10650
20240115,11:54:06,236.3,100,10750
20240115,11:54:15,236.05,100,10750
20240115,11:55:03,238.4,50,10750
20240115,11:55:33,239.5,50,10750
20240115,11:55:40,239.45,100,10750
20240115,11:59:28,238.25,50,10750
20240115,12:01:00,235.0,700,10800
20240115,12:01:09,235.4,50,10800
20240115,12:08:33,235.4,250,10750
20240115,12:11:14,234.3,100,10950
20240115,12:12:05,234.9,450,11050
20240115,12:15:11,238.05,50,11500
20240115,12:16:17,234.5,50,11500
20240115,12:16:45,233.1,100,11500
20240115,12:18:00,231.05,50,11500
20240115,12:22:00,233.05,50,11550
20240115,12:22:56,233.8,100,11550
20240115,12:24:00,231.0,100,11550
20240115,12:24:10,230.05,50,11650
20240115,12:24:20,229.6,50,11650
20240115,12:25:35,229.6,50,11650
20240115,12:26:09,232.5,150,11650
20240115,12:26:57,231.35,50,11650
20240115,12:27:05,231.55,50,11650
20240115,12:27:54,233.15,50,11650
20240115,12:29:01,235.55,150,11650
20240115,12:30:56,232.2,50,11750
20240115,12:31:28,234.55,50,11750
20240115,12:32:37,235.3,50,11750
20240115,12:33:17,234.8,350,11800
20240115,12:33:55,235.5,100,11800
20240115,12:36:05,235.6,300,12000
20240115,12:36:30,236.5,150,12000
20240115,12:37:07,238.0,100,12000
20240115,12:40:15,233.65,50,12450
20240115,12:41:36,232.25,250,12450
20240115,12:46:29,234.35,50,12500
20240115,12:46:37,233.35,200,12500
20240115,12:46:52,232.35,50,12500
20240115,12:49:53,234.0,50,12350
20240115,12:50:00,233.85,50,12350
20240115,12:59:29,232.35,50,12400
20240115,13:01:29,233.8,400,12450
20240115,13:02:58,232.0,100,12450
20240115,13:03:40,228.95,100,12950
20240115,13:04:15,231.5,50,12950
20240115,13:04:48,232.0,50,12950
20240115,13:07:27,234.6,200,12950
20240115,13:08:23,237.9,50,12950
20240115,13:08:33,236.9,400,12950
20240115,13:08:50,236.65,100,12950
20240115,13:09:06,235.3,50,12950
20240115,13:10:37,234.5,50,13100
20240115,13:10:45,234.0,100,13100
20240115,13:11:39,233.0,100,13100
20240115,13:11:40,232.55,50,13100
20240115,13:13:10,230.55,150,13200
20240115,13:17:33,230.5,50,13350
20240115,13:17:48,230.0,50,13350
20240115,13:18:21,229.0,50,13450
20240115,13:19:49,228.25,100,13450
20240115,13:25:56,228.25,50,13500
20240115,13:27:39,230.4,250,13500
20240115,13:28:58,230.85,50,13500
20240115,13:29:15,232.2,300,13500
20240115,13:29:23,232.95,50,13500
20240115,13:31:26,232.0,50,13650
20240115,13:35:29,232.6,50,13700
20240115,13:35:37,232.0,50,13700
20240115,13:36:00,231.95,250,13700
20240115,13:40:35,229.65,100,14050
20240115,13:45:02,231.9,100,14050
20240115,13:45:27,233.5,200,14050
20240115,13:46:30,235.15,50,14050
20240115,13:48:43,237.35,150,14200
20240115,13:49:17,240.0,650,14200
20240115,13:49:47,242.0,100,14200
20240115,13:49:57,242.1,50,14200
20240115,13:50:20,236.85,100,14200
20240115,13:50:38,236.65,50,14200
20240115,13:51:26,228.3,50,13650
20240115,13:55:43,228.75,50,13600
20240115,13:55:59,229.45,400,13600
20240115,13:57:14,229.0,50,13600
20240115,13:59:17,227.2,100,13750
20240115,14:00:02,225.0,150,13750
20240115,14:00:21,223.55,50,13800
20240115,14:01:22,223.55,100,13800
20240115,14:04:20,222.9,50,13750
20240115,14:04:48,222.0,50,13750
20240115,14:06:02,218.45,50,13750
20240115,14:07:06,218.45,50,13800
20240115,14:08:11,222.25,100,13800
20240115,14:08:26,223.1,50,13800
20240115,14:08:27,223.1,50,13800
20240115,14:08:30,222.4,200,13800
20240115,14:08:31,221.5,100,13800
20240115,14:09:19,220.0,100,14150
20240115,14:09:57,218.55,50,14150
20240115,14:10:08,218.9,150,14150
20240115,14:12:34,225.0,150,14150
20240115,14:12:45,226.0,1350,14150
20240115,14:12:54,225.95,50,14150
20240115,14:14:00,226.8,100,14150
20240115,14:14:31,225.0,250,14150
20240115,14:15:40,227.0,50,13200
20240115,14:16:42,227.0,450,13200
20240115,14:16:58,227.0,150,13200
20240115,14:20:57,224.2,100,13600
20240115,14:24:54,224.55,100,13700
20240115,14:27:33,228.1,300,13700
20240115,14:28:09,228.25,100,13700
20240115,14:28:18,228.35,200,13700
20240115,14:28:34,227.35,100,13700
20240115,14:28:43,227.85,650,13700
20240115,14:31:58,229.9,200,14150
20240115,14:34:12,232.15,200,14150
20240115,14:34:20,233.4,100,14150
20240115,14:34:29,233.5,200,14150
20240115,14:34:46,235.15,100,14150
20240115,14:35:05,232.75,100,14150
20240115,14:36:04,229.1,100,14150
20240115,14:37:19,225.75,50,14300
20240115,14:40:14,224.3,50,14350
20240115,14:40:30,223.0,200,14350
20240115,14:40:46,222.15,50,14350
20240115,14:41:35,223.9,100,14350
20240115,14:46:40,221.1,50,14700
20240115,14:47:05,219.85,200,14700
20240115,14:47:13,219.65,100,14700
20240115,14:47:47,219.55,500,14700
20240115,14:48:54,218.0,50,14800
20240115,14:49:06,216.65,150,14800
20240115,14:49:25,216.65,150,14800
20240115,14:49:34,218.2,50,14800
20240115,14:49:43,217.55,200,14800
20240115,14:49:51,218.55,150,14800
20240115,14:51:09,220.25,50,14800
20240115,14:51:51,218.45,100,15150
20240115,14:51:57,219.2,50,15150
20240115,14:52:09,218.8,50,15150
20240115,14:52:14,218.1,50,15150
20240115,14:52:19,218.05,50,15150
20240115,14:52:26,218.7,50,15150
20240115,14:53:35,216.95,100,15150
20240115,14:54:41,216.95,50,15250
20240115,14:54:49,215.15,100,15250
20240115,14:54:58,214.15,900,15250
20240115,14:55:11,215.7,100,15250
20240115,14:55:21,215.85,150,15250
20240115,14:55:30,216.35,100,15250
20240115,14:55:37,217.1,50,15250
20240115,14:57:08,216.05,50,15250
20240115,14:57:14,215.0,650,15250
20240115,14:57:52,212.0,50,16000
20240115,14:58:30,212.0,150,16000
20240115,14:58:33,213.8,50,16000
20240115,14:58:34,213.9,300,16000
20240115,14:58:35,214.0,50,16000
20240115,14:58:52,213.55,50,16000
20240115,14:59:24,213.3,50,16000
20240115,15:00:15,212.1,50,16000
20240115,15:00:26,211.0,250,16000
20240115,15:00:47,211.0,150,15900
20240115,15:01:07,218.8,400,15900
20240115,15:01:18,216.9,450,15900
20240115,15:01:29,214.35,100,15900
20240115,15:01:48,217.75,450,15900
20240115,15:02:15,218.8,100,15900
20240115,15:02:24,217.85,150,15900
20240115,15:02:33,217.75,50,15900
20240115,15:03:33,218.5,550,16200
20240115,15:03:41,218.9,300,16200
20240115,15:04:07,217.8,1500,16200
20240115,15:05:06,218.25,1250,16200
20240115,15:05:57,216.85,100,16200
20240115,15:06:41,213.85,1000,17500
20240115,15:07:24,216.15,1000,17500
20240115,15:09:44,217.75,50,19000
20240115,15:10:01,217.95,50,19000
20240115,15:10:18,220.0,400,19000
20240115,15:10:27,220.0,550,19000
20240115,15:10:45,220.95,50,19000
20240115,15:10:53,221.8,100,19000
20240115,15:11:29,218.8,100,19000
20240115,15:15:16,217.75,50,19050
20240115,15:17:03,213.6,50,19050
20240115,15:17:39,212.4,450,19050
20240115,15:18:07,210.85,50,19050
20240115,15:18:16,210.5,100,19050
20240115,15:18:49,210.5,100,18950
20240115,15:19:06,211.05,50,18950
20240115,15:19:41,211.7,50,18950
20240115,15:20:07,210.15,600,18950
20240115,15:20:16,210.1,100,18950
20240115,15:20:25,210.1,50,18950
20240115,15:21:00,211.55,150,18950
20240115,15:21:28,209.75,150,18950
20240115,15:21:47,207.7,250,18550
20240115,15:21:57,207.7,50,18550
20240115,15:24:11,207.7,50,18550
20240115,15:24:20,207.7,50,18550
20240115,15:24:47,209.2,50,18250
20240115,15:24:56,209.2,100,18250
20240115,15:25:05,209.65,100,18250
20240115,15:26:44,209.1,250,18250
20240115,15:26:52,207.85,50,18250
20240115,15:26:58,207.95,50,18250
20240115,15:27:32,207.95,50,18250
20240115,15:27:41,208.35,100,18000
20240115,15:27:51,207.75,250,18000
20240115,15:28:01,208.1,100,18000
20240115,15:29:39,206.8,150,18000
20240115,15:29:52,206.35,100,18000
20240115,15:30:02,206.35,50,18000
20240116,09:15:16,228.95,1,17600
20240116,09:15:16,229.0,250,17600
20240116,09:15:26,246.5,400,17600
20240116,09:15:35,240.8,50,17600
20240116,09:15:47,230.05,50,17600
20240116,09:16:07,231.05,50,17600
20240116,09:16:17,231.5,100,17600
20240116,09:16:28,233.2,600,17600
20240116,09:16:38,230.5,200,17600
20240116,09:17:24,230.0,150,17600
20240116,09:17:35,227.9,350,17600
20240116,09:17:45,227.1,100,17850
20240116,09:18:09,224.55,350,17850
20240116,09:18:51,224.55,100,17850
20240116,09:19:12,228.65,50,17850
20240116,09:19:21,229.15,250,17850
20240116,09:19:31,229.25,500,17850
20240116,09:20:10,233.0,50,17850
20240116,09:20:30,231.75,200,17850
20240116,09:21:00,234.3,200,17100
20240116,09:21:10,232.1,200,17100
20240116,09:21:50,237.35,50,17100
20240116,09:22:22,240.0,350,17100
20240116,09:22:44,238.6,100,17100
20240116,09:23:23,236.0,50,17100
20240116,09:23:33,237.5,150,17100
20240116,09:23:43,235.7,50,17100
20240116,09:23:52,237.7,50,17300
20240116,09:24:04,238.15,100,17300
20240116,09:24:24,234.45,50,17300
20240116,09:24:44,235.15,50,17300
20240116,09:25:11,234.1,50,17300
20240116,09:25:21,235.65,50,17300
20240116,09:25:31,236.0,300,17300
20240116,09:26:28,237.65,50,17300
20240116,09:26:56,235.35,50,17700
20240116,09:27:06,235.9,100,17700
20240116,09:27:26,230.05,100,17700
20240116,09:27:36,231.6,1000,17700
20240116,09:28:03,229.2,100,17700
20240116,09:28:13,232.1,100,17700
20240116,09:28:50,232.1,50,17700
20240116,09:29:07,232.1,150,17700
20240116,09:30:16,235.1,50,18100
20240116,09:31:05,232.1,400,18100
20240116,09:31:15,233.15,400,18100
20240116,09:32:05,231.0,450,18100
20240116,09:32:30,230.5,100,18100
20240116,09:32:38,229.0,100,18100
20240116,09:32:50,228.0,100,18250
20240116,09:33:30,229.35,50,18250
20240116,09:33:48,233.15,50,18250
20240116,09:33:53,233.15,150,18250
20240116,09:34:21,233.35,150,18250
20240116,09:34:26,232.05,450,18250
20240116,09:34:38,234.2,50,18250
20240116,09:35:39,236.8,50,18250
20240116,09:35:48,235.0,250,18350
20240116,09:36:15,235.65,250,18350
20240116,09:36:43,233.75,150,18350
20240116,09:36:59,232.9,300,18350
20240116,09:38:16,237.0,50,18350
20240116,09:39:20,233.5,50,18700
20240116,09:39:39,230.65,150,18700
20240116,09:39:48,228.2,50,18700
20240116,09:40:27,230.4,50,18700
20240116,09:41:05,233.55,50,18700
20240116,09:42:32,235.15,50,18600
20240116,09:43:37,230.7,100,18600
20240116,09:43:57,229.9,50,18600
20240116,09:44:16,231.05,100,18600
20240116,09:44:26,231.75,250,18600
20240116,09:44:35,231.55,100,18600
20240116,09:45:02,230.15,50,19000
20240116,09:45:17,232.0,50,19000
20240116,09:45:57,229.85,50,19000
20240116,09:46:22,229.85,50,19000
20240116,09:46:33,227.0,150,19000
20240116,09:46:44,227.45,250,19000
20240116,09:46:58,225.0,250,19000
20240116,09:47:23,225.2,50,19000
20240116,09:48:23,220.4,100,18650
20240116,09:48:35,220.3,100,18650
20240116,09:48:47,220.3,50,18650
20240116,09:49:12,221.85,200,18650
20240116,09:50:00,221.8,50,18650
20240116,09:50:12,221.85,150,18650
20240116,09:50:15,221.85,350,18650
20240116,09:50:37,220.0,100,18650
20240116,09:50:52,219.9,50,18800
20240116,09:54:52,219.9,50,18850
20240116,09:56:20,224.3,50,18850
20240116,09:56:43,223.75,500,18850
20240116,09:57:38,228.1,50,19350
20240116,09:58:43,227.5,50,19350
20240116,09:59:11,227.5,50,19350
20240116,09:59:39,228.05,50,19350
20240116,10:00:04,227.6,200,19400
20240116,10:03:06,227.6,50,19200
20240116,10:04:00,222.2,50,19200
20240116,10:04:12,224.7,150,19200
20240116,10:06:57,226.75,100,19300
20240116,10:07:12,228.7,150,19300
20240116,10:08:44,227.0,50,19300
20240116,10:08:45,226.55,200,19300
20240116,10:09:58,228.75,50,19500
20240116,10:10:57,225.2,500,19500
20240116,10:11:04,225.25,100,19500
20240116,10:11:16,226.5,500,19500
20240116,10:24:39,226.25,50,19700
20240116,10:25:33,226.85,50,19700
20240116,10:27:16,225.35,50,19700
20240116,10:27:33,226.5,150,19700
20240116,10:32:14,222.8,500,19900
20240116,10:33:45,223.75,100,19800
20240116,10:35:39,220.0,500,19800
20240116,10:36:07,220.0,50,20150
20240116,10:37:04,220.7,50,20150
20240116,10:37:12,220.6,50,20150
20240116,10:38:51,217.55,100,20150
20240116,10:39:27,215.0,100,20150
20240116,10:39:38,214.7,50,20150
20240116,10:40:00,213.75,150,20150
20240116,10:40:30,213.75,200,20150
20240116,10:41:56,217.6,200,20150
20240116,10:42:25,217.05,150,20150
20240116,10:45:15,217.0,50,20000
20240116,10:45:24,217.6,250,20000
20240116,10:48:40,211.1,250,20250
20240116,10:49:46,211.1,50,20250
20240116,10:50:03,213.35,150,20250
20240116,10:50:55,213.65,100,20250
20240116,10:51:12,214.4,50,20100
20240116,10:54:56,216.35,50,20150
20240116,10:56:47,215.15,100,20150
20240116,10:58:27,213.7,50,20050
20240116,10:58:44,212.4,250,20050
20240116,10:58:59,212.45,50,20050
20240116,11:01:03,214.55,100,19850
20240116,11:02:16,213.5,50,19850
20240116,11:04:17,212.0,50,19850
20240116,11:05:34,211.5,50,19850
20240116,11:06:22,210.25,100,19850
20240116,11:06:40,210.05,200,19850
20240116,11:06:49,211.2,250,19850
20240116,11:07:45,210.0,100,19850
20240116,11:10:31,210.0,100,20200
20240116,11:11:21,211.85,50,20200
20240116,11:11:36,210.7,50,20200
20240116,11:12:28,207.4,100,20250
20240116,11:13:16,207.0,100,20250
20240116,11:13:24,207.0,350,20250
20240116,11:14:00,207.0,50,20250
20240116,11:15:51,207.9,50,20250
20240116,11:16:42,207.1,50,20250
20240116,11:19:29,212.0,100,20300
20240116,11:20:13,212.0,50,20300
20240116,11:20:21,211.25,100,20300
20240116,11:24:47,213.1,50,20200
20240116,11:26:24,213.8,50,20200
20240116,11:28:27,215.6,100,20200
20240116,11:29:48,212.95,50,20200
20240116,11:30:21,212.7,100,20250
20240116,11:31:11,216.15,200,20250
20240116,11:32:17,216.15,50,20250
20240116,11:32:56,214.6,100,20250
20240116,11:33:11,215.95,50,20300
20240116,11:33:59,214.6,100,20300
20240116,11:34:16,213.55,50,20300
20240116,11:34:40,212.7,400,20300
20240116,11:36:34,213.5,100,20000
20240116,11:37:48,215.45,100,20000
20240116,11:38:41,212.1,50,20000
20240116,11:39:29,213.45,100,19950
20240116,11:40:14,212.85,100,19950
20240116,11:42:55,220.3,100,19800
20240116,11:43:06,221.65,300,19800
20240116,11:43:17,220.65,50,19800
20240116,11:43:26,220.85,50,19800
20240116,11:44:06,217.9,50,19800
20240116,11:45:45,223.0,100,20300
20240116,11:46:23,221.25,50,20300
20240116,11:46:32,222.0,250,20300
20240116,11:46:59,223.35,100,20300
20240116,11:47:27,223.7,50,20300
20240116,11:47:35,224.05,50,20300
20240116,11:48:21,218.65,50,20100
20240116,11:49:03,217.9,50,20100
20240116,11:49:38,216.45,50,20100
20240116,11:49:45,216.0,300,20100
20240116,11:49:54,216.85,550,20100
20240116,11:50:27,216.75,100,20100
20240116,11:53:33,220.85,50,20400
20240116,11:55:05,220.2,50,20450
20240116,11:55:44,218.35,50,20450
20240116,11:56:31,218.35,100,20450
20240116,11:56:55,218.25,150,20450
20240116,11:57:30,215.65,200,20450
20240116,11:59:01,211.2,50,20450
20240116,11:59:10,211.65,50,20450
20240116,11:59:47,210.7,50,20450
20240116,12:00:00,210.5,100,20450
20240116,12:01:24,213.95,50,20350
20240116,12:02:15,213.75,200,20350
20240116,12:07:19,217.65,50,20500
20240116,12:07:55,220.3,200,20500
20240116,12:08:20,221.0,100,20500
20240116,12:08:49,225.0,50,20500
20240116,12:09:00,227.0,50,20500
20240116,12:09:26,227.0,50,20750
20240116,12:10:13,231.4,50,20750
20240116,12:11:27,224.35,150,20750
20240116,12:13:50,226.35,100,20800
20240116,12:14:16,226.0,50,20800
20240116,12:14:32,227.0,50,20800
20240116,12:17:23,227.9,50,20650
20240116,12:17:36,228.85,50,20650
20240116,12:18:16,227.6,50,20650
20240116,12:18:58,229.0,50,20650
20240116,12:19:03,230.0,50,20650
20240116,12:19:14,232.0,50,20650
20240116,12:19:33,234.85,50,20650
20240116,12:20:06,230.25,50,20650
20240116,12:20:44,228.95,50,20650
20240116,12:20:59,229.6,50,20650
20240116,12:22:26,226.55,50,20750
20240116,12:24:09,225.7,50,20700
20240116,12:30:04,224.3,600,20750
20240116,12:30:12,224.7,200,20250
20240116,12:31:54,223.05,100,20250
20240116,12:34:26,226.75,100,20250
20240116,12:35:20,227.65,50,20250
20240116,12:35:36,226.05,50,20250
20240116,12:37:33,228.6,100,20450
20240116,12:38:16,229.0,50,20450
20240116,12:38:26,229.15,50,20450
20240116,12:39:12,229.05,250,20450
20240116,12:39:30,229.0,50,20600
20240116,12:39:38,228.95,100,20600
20240116,12:42:19,228.0,250,20450
20240116,12:42:40,228.0,50,20450
20240116,12:43:01,228.0,100,20450
20240116,12:43:37,230.0,200,20450
20240116,12:45:02,232.0,500,20450
20240116,12:45:25,230.05,200,20250
20240116,12:45:38,230.05,100,20250
20240116,12:46:21,229.5,500,20250
20240116,12:48:13,238.0,200,19650
20240116,12:48:25,237.15,150,19650
20240116,12:48:36,237.2,50,19650
20240116,12:48:57,237.05,50,19650
20240116,12:49:36,238.6,50,19650
20240116,12:49:46,238.0,200,19650
20240116,12:49:47,238.4,50,19650
20240116,12:50:18,237.2,50,19650
20240116,12:50:23,238.85,100,19650
20240116,12:51:00,235.0,50,19650
20240116,12:51:04,236.25,50,19650
20240116,12:51:32,238.85,100,19600
20240116,12:51:43,237.95,50,19600
20240116,12:51:48,238.5,250,19600
20240116,12:52:06,234.4,250,19600
20240116,12:53:33,230.8,100,19600
20240116,12:54:12,229.0,250,19650
20240116,12:55:34,229.0,100,19650
20240116,12:56:19,229.05,200,19650
20240116,12:56:34,230.0,700,19650
20240116,12:59:41,235.0,700,20700
20240116,13:00:10,236.95,50,20700
20240116,13:00:18,237.85,250,20700
20240116,13:00:36,238.25,50,20700
20240116,13:00:46,240.25,300,20700
20240116,13:00:57,241.0,100,20700
20240116,13:01:04,242.05,50,20700
20240116,13:01:08,241.45,100,20700
20240116,13:01:57,237.85,100,20700
20240116,13:03:26,240.0,50,20950
20240116,13:03:47,239.0,100,20950
20240116,13:04:46,241.05,100,20950
20240116,13:05:05,241.5,50,20950
20240116,13:05:22,240.75,50,20950
20240116,13:05:31,240.5,50,20950
20240116,13:06:05,237.65,50,20950
20240116,13:06:27,240.0,50,21150
20240116,13:06:35,242.65,650,21150
20240116,13:06:37,243.3,50,21150
20240116,13:06:51,243.9,50,21150
20240116,13:07:11,241.55,200,21150
20240116,13:08:35,240.5,50,21150
20240116,13:09:44,243.0,50,21150
20240116,13:11:32,242.0,1000,21100
20240116,13:11:55,240.45,50,21100
20240116,13:12:33,239.05,50,21100
20240116,13:12:39,240.0,100,22150
20240116,13:12:40,240.45,300,22150
20240116,13:12:59,245.0,200,22150
20240116,13:13:06,246.5,1200,22150
20240116,13:13:35,245.0,1200,22150
20240116,13:13:41,245.95,50,22150
20240116,13:14:26,247.15,100,22150
20240116,13:14:41,247.35,50,22150
20240116,13:14:57,247.35,50,22150
20240116,13:15:30,247.9,50,22150
20240116,13:16:00,247.9,50,22150
20240116,13:16:10,245.6,50,22150
20240116,13:16:14,245.65,50,22150
20240116,13:16:19,247.85,100,22150
20240116,13:16:20,247.9,100,22150
20240116,13:16:51,241.25,50,22150
20240116,13:18:02,241.15,50,22150
20240116,13:19:11,242.95,100,22150
20240116,13:19:18,243.0,1000,22150
20240116,13:19:27,244.95,50,22150
20240116,13:19:30,245.0,250,22150
20240116,13:19:47,247.0,100,22150
20240116,13:19:52,247.9,50,22150
20240116,13:20:17,247.9,300,22150
20240116,13:21:16,247.9,50,22300
20240116,13:21:18,246.75,50,22300
20240116,13:21:35,246.75,50,22300
20240116,13:21:46,247.0,100,22300
20240116,13:22:12,248.05,100,22300
20240116,13:22:47,248.05,50,22300
20240116,13:23:25,245.0,50,22300
20240116,13:25:10,251.0,200,22250
20240116,13:25:31,251.0,50,22250
20240116,13:25:41,250.55,100,22250
20240116,13:25:58,250.3,150,22250
20240116,13:28:11,249.05,50,22300
20240116,13:28:58,247.55,200,22300
20240116,13:29:23,246.45,50,22300
20240116,13:29:29,246.9,50,22300
20240116,13:29:48,243.25,50,22300
20240116,13:30:03,247.0,50,22300
20240116,13:31:11,247.0,100,22250
20240116,13:32:36,250.15,50,22250
20240116,13:33:11,254.75,50,22250
20240116,13:33:40,260.0,50,22250
20240116,13:33:45,260.4,100,22250
20240116,13:33:47,260.4,100,22250
20240116,13:33:50,262.4,100,22250
20240116,13:34:00,264.55,100,22250
20240116,13:34:01,265.0,400,22250
20240116,13:34:07,265.0,200,22250
20240116,13:34:10,264.6,50,22250
20240116,13:34:17,264.3,50,22250
20240116,13:34:25,267.0,50,22250
20240116,13:34:29,267.0,50,22250
20240116,13:34:30,267.4,100,22250
20240116,13:34:57,267.4,50,22250
20240116,13:34:58,263.95,250,22250
20240116,13:35:19,267.0,100,22250
20240116,13:35:20,267.0,350,22250
20240116,13:35:22,268.0,50,22250
20240116,13:35:51,268.0,50,22250
20240116,13:35:57,268.0,300,22250
20240116,13:36:13,268.15,50,22250
20240116,13:36:34,273.0,50,22200
20240116,13:36:38,274.8,100,22200
20240116,13:36:43,274.8,100,22200
20240116,13:36:46,271.5,200,22200
20240116,13:37:07,273.1,150,22200
20240116,13:37:38,271.45,350,22200
20240116,13:37:40,273.1,50,22200
20240116,13:37:41,273.8,100,22200
20240116,13:38:01,273.9,200,22200
20240116,13:38:56,271.6,100,22200
20240116,13:39:23,269.0,50,22200
20240116,13:39:35,268.15,100,21550
20240116,13:40:09,264.2,100,21550
20240116,13:40:13,262.5,100,21550
20240116,13:40:15,262.0,50,21550
20240116,13:40:21,260.0,100,21550
20240116,13:40:27,257.1,50,21550
20240116,13:40:54,262.0,200,21550
20240116,13:41:19,260.0,150,21550
20240116,13:41:29,260.9,200,21550
20240116,13:42:14,264.05,300,21550
20240116,13:43:58,260.0,50,21400
20240116,13:44:21,255.6,100,21400
20240116,13:45:33,255.6,50,21300
20240116,13:45:35,254.45,100,21300
20240116,13:47:39,244.0,50,21300
20240116,13:47:47,245.7,50,21300
20240116,13:47:58,244.0,100,21300
20240116,13:48:00,246.5,200,21300
20240116,13:48:16,249.05,50,21350
20240116,13:48:35,247.95,300,21350
20240116,13:48:36,249.05,50,21350
20240116,13:49:02,247.9,300,21350
20240116,13:49:49,250.6,50,21350
20240116,13:51:10,257.75,100,21350
20240116,13:51:30,257.6,50,21750
20240116,13:51:32,257.55,50,21750
20240116,13:51:35,255.2,250,21750
20240116,13:52:23,245.0,200,21750
20240116,13:53:03,245.0,50,21750
20240116,13:54:22,245.0,50,21750
20240116,13:59:02,235.9,100,21850
20240116,13:59:54,237.9,550,21850
20240116,14:00:43,241.15,50,22300
20240116,14:00:47,242.15,100,22300
20240116,14:00:56,239.8,600,22300
20240116,14:01:20,236.15,50,22300
20240116,14:01:22,236.0,50,22300
20240116,14:01:29,235.0,200,22300
20240116,14:02:32,242.15,50,22300
20240116,14:02:37,242.4,50,22300
20240116,14:05:22,246.25,200,22500
20240116,14:05:31,247.5,50,22500
20240116,14:05:39,247.55,1000,22500
20240116,14:06:07,248.25,300,22500
20240116,14:06:17,248.95,100,22500
20240116,14:06:47,250.1,50,23550
20240116,14:07:24,243.0,50,23550
20240116,14:07:26,242.25,250,23550
20240116,14:08:04,240.0,100,23550
20240116,14:09:24,239.8,150,23350
20240116,14:09:41,238.8,50,23350
20240116,14:10:05,237.0,50,23350
20240116,14:10:42,238.5,50,23350
20240116,14:10:53,238.85,200,23350
20240116,14:12:39,234.7,100,23500
20240116,14:12:45,233.1,350,23500
20240116,14:13:07,232.35,50,23500
20240116,14:13:08,233.85,50,23500
20240116,14:13:26,229.15,200,23500
20240116,14:13:31,228.6,50,23500
20240116,14:15:58,235.45,50,23150
20240116,14:16:17,237.0,400,23150
20240116,14:16:19,238.5,400,23150
20240116,14:16:43,239.95,50,23150
20240116,14:16:57,239.7,50,23150
20240116,14:17:01,239.25,50,23150
20240116,14:17:42,236.25,150,23150
20240116,14:18:02,235.0,200,23150
20240116,14:18:09,234.4,50,23150
20240116,14:18:12,235.05,100,23150
20240116,14:18:14,233.65,50,23150
20240116,14:19:28,235.3,50,23500
20240116,14:20:39,229.5,50,23500
20240116,14:20:54,230.0,100,23500
20240116,14:23:35,235.0,50,23700
20240116,14:24:10,239.25,50,23700
20240116,14:26:09,240.2,300,23650
20240116,14:26:59,243.4,400,23650
20240116,14:28:09,238.95,400,24000
20240116,14:29:59,235.4,100,24000
20240116,14:30:44,231.05,50,23600
20240116,14:31:00,232.15,150,23600
20240116,14:32:35,237.95,150,23600
20240116,14:35:51,246.05,200,23700
20240116,14:35:59,246.55,100,23700
20240116,14:36:34,251.35,100,23750
20240116,14:36:41,252.8,200,23750
20240116,14:36:46,255.0,350,23750
20240116,14:37:06,252.9,200,23750
20240116,14:37:17,254.15,100,23750
20240116,14:37:22,253.05,100,23750
20240116,14:37:52,247.9,50,23750
20240116,14:38:02,243.8,50,23750
20240116,14:38:11,245.6,50,23750
20240116,14:38:12,244.55,150,23750
20240116,14:40:01,240.2,50,23750
20240116,14:41:33,242.0,700,23900
20240116,14:42:08,239.3,100,23900
20240116,14:42:38,237.7,450,24450
20240116,14:46:28,236.35,200,24000
20240116,14:48:44,238.95,200,24100
20240116,14:49:11,235.85,200,24100
20240116,14:54:52,240.4,50,24200
20240116,14:55:01,238.55,50,24200
20240116,14:55:33,238.55,50,24200
20240116,14:56:55,239.05,50,24200
20240116,15:01:54,237.15,50,24200
20240116,15:05:54,237.4,200,24200
20240116,15:09:36,238.05,200,24300
20240116,15:10:12,237.3,500,24300
20240116,15:10:21,238.55,100,24300
20240116,15:15:43,243.45,250,23700
20240116,15:15:53,244.95,50,23700
20240116,15:16:01,244.85,100,23700
20240116,15:16:10,243.7,750,23700
20240116,15:16:28,245.0,100,23700
20240116,15:16:47,248.05,100,23700
20240116,15:17:17,250.6,100,23700
20240116,15:17:27,249.15,250,23700
20240116,15:17:46,248.7,100,23700
20240116,15:19:45,246.0,50,23200
20240116,15:20:01,248.25,100,23200
20240116,15:20:02,248.8,100,23200
20240116,15:20:05,248.85,200,23200
20240116,15:20:06,248.5,50,23200
20240116,15:20:07,248.55,200,23200
20240116,15:20:08,248.85,200,23200
20240116,15:20:09,249.25,200,23200
20240116,15:20:10,249.3,200,23200
20240116,15:20:11,249.3,200,23200
20240116,15:20:13,249.7,200,23200
20240116,15:20:16,249.7,200,23200
20240116,15:20:17,249.7,200,23200
20240116,15:20:18,250.0,200,23200
20240116,15:20:19,250.2,200,23200
20240116,15:20:21,250.05,200,23200
20240116,15:20:25,248.9,100,23200
20240116,15:20:26,249.7,100,23200
20240116,15:20:27,249.7,200,23200
20240116,15:20:32,250.0,100,23200
20240116,15:20:33,248.45,200,23200
20240116,15:20:58,250.15,150,23200
20240116,15:21:05,249.0,250,23200
20240116,15:21:14,248.0,50,23200
20240116,15:24:20,244.4,50,22250
20240116,15:25:29,244.1,50,22250
20240116,15:25:37,243.05,50,22250
20240116,15:25:46,244.0,200,22250
20240116,15:26:21,244.25,100,22250
20240116,15:26:30,244.45,400,22250
20240116,15:27:21,244.8,50,22250
20240116,15:27:39,245.35,1850,22300
20240116,15:28:05,245.1,550,22300
20240116,15:28:22,243.8,100,22300
20240116,15:28:31,244.35,50,22300
20240116,15:28:40,244.6,350,22300
20240116,15:29:08,245.15,50,22300
20240116,15:29:56,246.15,50,22300
20240117,09:15:00,350.0,1,20600
20240117,09:15:00,350.0,50,20600
20240117,09:15:04,332.1,50,20600
20240117,09:15:09,332.1,50,20600
20240117,09:15:28,362.95,50,20600
20240117,09:15:36,270.4,200,20600
20240117,09:15:40,270.4,100,20600
20240117,09:15:44,261.5,200,20600
20240117,09:15:48,261.5,50,20600
20240117,09:15:58,267.45,50,20600
20240117,09:16:35,316.9,100,20600
20240117,09:16:40,315.1,300,20600
20240117,09:16:45,314.3,400,20600
20240117,09:16:50,301.65,400,20600
20240117,09:16:55,301.5,150,20600
20240117,09:17:00,302.45,250,20600
20240117,09:17:05,293.05,100,20600
20240117,09:17:11,293.8,250,20600
20240117,09:17:21,295.8,50,20600
20240117,09:17:31,305.15,350,20600
20240117,09:17:35,300.85,150,20600
20240117,09:17:40,310.85,200,20600
20240117,09:17:44,304.25,250,19550
20240117,09:17:52,304.9,50,19550
20240117,09:18:01,311.45,100,19550
20240117,09:18:06,312.3,350,19550
20240117,09:18:12,313.6,200,19550
20240117,09:18:17,310.0,50,19550
20240117,09:18:26,310.55,300,19550
20240117,09:18:35,310.8,100,19550
20240117,09:18:39,311.0,150,19550
20240117,09:18:45,318.1,100,19550
20240117,09:19:30,318.1,1750,19550
20240117,09:19:37,326.0,1850,19550
20240117,09:19:45,326.0,150,19550
20240117,09:20:06,324.45,200,19550
20240117,09:20:12,329.85,900,19550
20240117,09:20:19,332.1,100,19550
20240117,09:20:33,333.95,250,19550
20240117,09:20:59,334.1,300,21300
20240117,09:21:15,334.1,400,21300
20240117,09:21:23,330.05,100,21300
20240117,09:21:31,330.05,50,21300
20240117,09:21:47,330.05,50,21300
20240117,09:22:10,331.2,300,21300
20240117,09:22:19,331.75,150,21300
20240117,09:23:03,340.0,100,21300
20240117,09:23:12,342.0,50,21300
20240117,09:23:23,346.8,200,21300
20240117,09:23:44,348.85,350,21300
20240117,09:24:08,346.5,150,20150
20240117,09:24:24,343.4,100,20150
20240117,09:24:54,348.85,50,20150
20240117,09:25:01,349.95,100,20150
20240117,09:25:10,350.95,400,20150
20240117,09:25:30,354.6,100,20150
20240117,09:25:40,358.55,700,20150
20240117,09:25:49,356.95,100,20150
20240117,09:25:58,356.95,50,20150
20240117,09:26:07,360.35,50,20150
20240117,09:26:17,363.45,450,20150
20240117,09:26:27,361.0,50,20150
20240117,09:26:36,361.05,50,20150
20240117,09:26:44,361.4,50,20150
20240117,09:27:02,364.65,300,20800
20240117,09:27:31,364.65,50,20800
20240117,09:27:39,367.0,150,20800
20240117,09:28:14,367.0,50,20800
20240117,09:28:36,355.7,150,20800
20240117,09:28:44,354.2,700,20800
20240117,09:28:51,356.35,100,20800
20240117,09:29:08,353.95,50,20800
20240117,09:29:39,359.55,50,20800
20240117,09:29:46,357.45,100,20800
20240117,09:29:53,360.0,50,20450
20240117,09:30:24,360.1,100,20450
20240117,09:30:40,355.5,450,20450
20240117,09:30:48,353.45,100,20450
20240117,09:31:11,353.45,100,20450
20240117,09:31:37,354.7,50,20450
20240117,09:31:45,356.1,100,20450
20240117,09:31:53,353.35,250,20450
20240117,09:32:01,353.35,100,20450
20240117,09:32:09,351.8,300,20450
20240117,09:32:23,355.25,100,20450
20240117,09:32:37,352.55,100,20450
20240117,09:32:38,351.8,50,20450
20240117,09:32:42,351.45,150,20450
20240117,09:32:51,345.6,150,19650
20240117,09:33:06,343.9,300,19650
20240117,09:33:10,342.1,50,19650
20240117,09:34:10,341.0,150,19650
20240117,09:34:19,336.45,100,19650
20240117,09:34:38,336.9,200,19650
20240117,09:35:14,326.15,250,19650
20240117,09:35:15,325.6,50,19650
20240117,09:35:46,328.0,350,18950
20240117,09:35:54,329.6,100,18950
20240117,09:36:05,332.35,250,18950
20240117,09:36:27,333.2,100,18950
20240117,09:37:09,341.1,200,18950
20240117,09:37:23,339.2,150,18950
20240117,09:37:40,336.15,100,18950
20240117,09:37:49,334.9,250,18950
20240117,09:38:13,335.0,200,18950
20240117,09:39:08,334.05,200,18700
20240117,09:40:26,331.05,100,18700
20240117,09:41:13,332.85,250,18700
20240117,09:42:23,329.8,100,18700
20240117,09:42:24,329.4,150,18750
20240117,09:42:39,330.0,100,18750
20240117,09:43:07,333.15,50,18750
20240117,09:43:17,334.0,100,18750
20240117,09:43:19,333.8,50,18750
20240117,09:43:24,333.2,200,18750
20240117,09:43:29,333.2,50,18750
20240117,09:44:30,335.0,50,18750
20240117,09:44:40,336.35,250,18750
20240117,09:45:00,336.1,200,18750
20240117,09:45:25,333.9,50,19350
20240117,09:45:37,334.1,200,19350
20240117,09:45:52,332.3,50,19350
20240117,09:45:58,331.2,50,19350
20240117,09:46:01,334.0,50,19350
20240117,09:46:09,334.05,50,19350
20240117,09:47:36,329.05,50,19350
20240117,09:48:05,324.4,300,19200
20240117,09:48:56,322.95,350,19200
20240117,09:49:12,322.3,50,19200
20240117,09:49:22,323.85,50,19200
20240117,09:49:27,324.95,50,19200
20240117,09:50:34,323.95,100,19200
20240117,09:51:09,322.95,50,18500
20240117,09:51:33,320.3,50,18500
20240117,09:51:45,320.85,200,18500
20240117,09:52:02,323.8,50,18500
20240117,09:52:05,324.7,400,18500
20240117,09:52:17,331.7,200,18500
20240117,09:52:29,333.2,50,18500
20240117,09:53:22,339.35,250,18500
20240117,09:53:59,338.35,250,19100
20240117,09:55:37,330.95,50,19100
20240117,09:56:45,341.6,50,19100
20240117,09:56:55,343.65,50,19150
20240117,09:57:15,342.35,50,19150
20240117,09:57:25,343.3,100,19150
20240117,09:57:42,342.1,50,19150
20240117,09:58:07,339.4,100,19150
20240117,09:58:25,340.2,50,19150
20240117,09:58:51,337.45,50,19150
20240117,09:58:52,338.7,50,19150
20240117,09:59:34,342.0,50,19150
20240117,09:59:56,343.2,100,19300
20240117,10:00:04,345.7,50,19300
20240117,10:00:52,347.4,100,19300
20240117,10:01:08,346.5,50,19300
20240117,10:02:13,350.25,50,19300
20240117,10:02:25,348.4,150,19300
20240117,10:03:25,344.7,50,19150
20240117,10:05:53,348.6,200,19150
20240117,10:06:41,349.25,250,19200
20240117,10:07:09,356.35,50,19200
20240117,10:07:10,356.35,100,19200
20240117,10:07:20,353.4,200,19200
20240117,10:08:00,348.3,50,19200
20240117,10:09:13,348.3,400,19250
20240117,10:10:43,345.45,100,19250
20240117,10:10:52,346.5,100,19250
20240117,10:11:19,345.6,50,19250
20240117,10:11:38,348.05,200,19250
20240117,10:12:49,344.7,100,19500
20240117,10:13:07,346.5,350,19500
20240117,10:13:35,344.0,50,19500
20240117,10:14:08,342.25,50,19500
20240117,10:14:36,345.4,250,19500
20240117,10:18:27,345.55,300,19500
20240117,10:23:16,353.7,100,19500
20240117,10:23:45,353.0,100,19500
20240117,10:24:47,354.6,50,19650
20240117,10:27:14,364.1,150,19650
20240117,10:27:35,361.8,250,19650
20240117,10:27:45,361.0,450,19650
20240117,10:27:56,361.9,150,19650
20240117,10:28:24,358.2,50,19650
20240117,10:30:11,353.7,50,18950
20240117,10:31:01,350.0,400,18950
20240117,10:32:52,352.5,50,18950
20240117,10:33:56,357.5,150,19000
20240117,10:34:45,358.55,500,19000
20240117,10:35:32,361.8,200,19000
20240117,10:35:52,360.7,200,19000
20240117,10:36:12,360.7,150,18500
20240117,10:36:49,364.0,100,18500
20240117,10:37:22,371.4,400,18500
20240117,10:37:35,369.7,100,18500
20240117,10:37:46,372.35,100,18500
20240117,10:37:57,370.6,1700,18500
20240117,10:38:08,374.75,50,18500
20240117,10:38:14,374.75,50,18500
20240117,10:38:18,375.1,1700,18500
20240117,10:39:09,378.1,50,18000
20240117,10:39:12,378.1,250,18000
20240117,10:39:42,372.4,250,18000
20240117,10:43:38,380.0,250,17850
20240117,10:44:12,380.0,200,17850
20240117,10:44:24,378.1,150,17850
20240117,10:44:34,376.2,50,17850
20240117,10:45:45,383.0,300,17600
20240117,10:46:06,383.0,300,17600
20240117,10:47:04,376.0,50,17600
20240117,10:50:28,373.3,150,17300
20240117,10:51:17,376.85,50,17150
20240117,10:51:46,379.15,50,17150
20240117,10:55:00,376.85,50,17150
20240117,10:55:19,378.6,350,17150
20240117,10:56:10,375.25,50,17150
20240117,10:56:40,377.65,250,17150
20240117,10:57:21,380.45,50,16800
20240117,10:59:49,376.15,50,16800
20240117,11:02:06,377.45,200,16850
20240117,11:14:09,374.3,100,16800
20240117,11:14:19,374.95,400,16800
20240117,11:17:02,385.25,100,16850
20240117,11:17:12,385.25,100,16850
20240117,11:22:03,379.0,50,16800
20240117,11:31:17,387.0,250,16800
20240117,11:31:28,386.4,100,16800
20240117,11:31:37,385.8,250,16800
20240117,11:31:46,385.6,150,16800
20240117,11:32:32,384.6,50,16800
20240117,11:34:07,392.4,1100,16800
20240117,11:34:33,392.4,50,16800
20240117,11:34:44,390.7,100,16800
20240117,11:34:55,388.95,100,16800
20240117,11:40:24,404.4,150,15800
20240117,11:40:45,407.2,100,15800
20240117,11:41:07,416.7,450,15800
20240117,11:41:20,416.7,100,15800
20240117,11:42:06,420.0,50,15800
20240117,11:43:06,434.6,150,15250
20240117,11:43:52,438.75,50,15250
20240117,11:44:03,438.75,400,15250
20240117,11:47:12,433.65,100,15000
20240117,11:48:00,428.35,200,15000
20240117,11:50:08,435.0,100,15150
20240117,11:50:37,433.15,150,15150
20240117,11:53:44,431.3,50,14950
20240117,12:02:55,450.0,100,14950
20240117,12:07:50,469.8,50,14850
20240117,12:14:40,469.8,50,14800
20240117,12:15:37,429.65,300,14800
20240117,12:15:47,431.7,100,14800
20240117,12:17:42,431.6,100,14800
20240117,12:20:10,420.0,50,14400
20240117,12:22:02,422.4,50,14400
20240117,12:25:08,431.95,50,14400
20240117,12:29:47,445.95,50,14350
20240117,12:42:27,445.95,100,14350
20240117,12:43:54,451.0,50,14350
20240117,12:58:32,470.1,300,14350
20240117,13:00:38,470.1,100,13950
20240117,13:01:24,460.55,50,13950
20240117,13:05:00,452.25,200,13850
20240117,13:13:20,470.0,50,13800
20240117,13:13:39,469.3,100,13800
20240117,13:17:33,469.3,50,13750
20240117,13:21:59,475.65,200,13750
20240117,13:37:46,476.1,50,13950
20240117,13:38:20,486.25,50,13950
20240117,13:39:07,492.0,150,13950
20240117,13:42:38,492.0,50,13800
20240117,13:46:45,452.6,50,13750
20240117,13:50:37,443.8,50,13700
20240117,14:05:11,465.0,250,13650
20240117,14:14:36,452.9,50,13650
20240117,14:21:27,472.55,50,13600
20240117,14:22:24,477.15,50,13650
20240117,14:25:05,474.5,100,13650
20240117,14:25:15,470.65,50,13650
20240117,14:30:52,495.0,50,13550
20240117,14:31:53,509.75,100,13550
20240117,14:34:23,509.75,50,13550
20240117,14:35:00,494.35,50,13550
20240117,14:43:02,512.5,100,13550
20240117,14:43:23,518.7,550,13550
20240117,14:44:46,518.7,150,13550
20240117,14:47:29,518.7,100,13500
20240117,14:53:35,516.45,50,13400
20240117,14:54:21,507.15,50,13400
20240117,15:01:40,529.2,200,13400
20240117,15:01:58,529.2,100,13400
20240117,15:05:16,529.2,50,13500
20240117,15:12:11,501.25,100,13500
20240117,15:15:40,504.55,50,13500
20240117,15:20:03,523.1,600,13450
20240117,15:20:13,522.15,600,13450
20240117,15:20:24,524.15,200,13450
20240117,15:20:33,524.6,150,13450
20240117,15:21:11,526.0,150,13450
20240117,15:21:21,525.0,50,13450
20240117,15:24:31,525.2,50,13050
20240117,15:24:43,525.2,150,13050
20240117,15:26:56,516.85,200,13100
20240117,15:27:31,516.55,200,13100
20240117,15:29:36,520.2,100,12800
20240118,09:15:06,600.0,1,12650
20240118,09:15:06,600.0,50,12650
20240118,09:16:55,627.0,300,12650
20240118,09:17:15,648.7,50,12650
20240118,09:17:40,648.7,250,12600
20240118,09:18:30,596.95,150,12600
20240118,09:22:06,596.95,100,12700
20240118,09:23:47,608.7,50,12600
20240118,09:24:48,604.15,50,12600
20240118,09:30:48,617.8,50,12550
20240118,09:30:58,614.65,100,12550
20240118,09:32:54,623.3,500,12600
20240118,09:37:31,662.15,50,12100
20240118,09:45:41,662.15,50,12050
20240118,09:52:47,700.0,100,12000
20240118,09:57:55,735.95,50,11900
20240118,10:00:55,735.95,200,11850
20240118,10:03:33,684.9,150,11850
20240118,10:04:55,702.1,50,11850
20240118,10:05:25,695.7,100,11850
20240118,10:07:07,675.85,200,11750
20240118,10:10:11,610.8,450,11750
20240118,10:14:55,645.15,50,11300
20240118,10:38:38,628.45,100,11300
20240118,10:43:26,585.85,50,11250
20240118,10:47:55,585.85,100,11150
20240118,11:18:09,590.6,250,11050
20240118,11:37:46,575.8,50,11050
20240118,11:47:39,575.8,250,11000
20240118,11:48:46,578.3,50,11000
20240118,11:50:29,579.75,50,11000
20240118,11:51:35,578.25,50,11000
20240118,11:56:30,565.5,400,11000
20240118,12:25:34,512.6,50,10600
20240118,12:42:54,512.6,50,10550
20240118,13:42:26,602.2,50,10550
20240118,15:26:38,518.9,250,10500
20240119,09:22:37,436.6,1,10250
20240119,09:22:37,436.6,100,10250
20240119,09:29:49,422.5,150,10150
20240119,09:42:31,422.5,500,10150
20240119,09:43:32,452.0,150,10150
20240119,09:46:27,453.85,400,10350
20240119,09:47:36,455.2,300,10350
20240119,09:48:08,455.2,600,9650
20240119,09:48:19,451.1,700,9650
20240119,09:48:30,452.1,400,9650
20240119,09:50:43,457.55,400,10750
20240119,09:51:05,458.55,550,10750
20240119,10:06:11,435.25,200,10600
20240119,10:07:29,431.9,400,10600
20240119,10:09:22,441.55,400,10800
20240119,10:09:32,441.15,100,10800
20240119,10:14:42,437.85,250,10800
20240119,10:28:37,414.75,200,10800
20240119,10:28:59,412.65,400,10800
20240119,10:30:38,410.3,150,11400
20240119,10:36:17,410.3,100,11350
20240119,10:45:09,421.85,400,11350
20240119,10:58:44,446.5,50,11350
20240119,10:59:55,448.9,50,11350
20240119,11:05:02,445.4,250,11350
20240119,11:13:31,480.2,350,11350
20240119,11:14:24,483.7,400,11350
20240119,11:16:57,483.7,50,11350
20240119,11:27:59,477.0,450,11350
20240119,11:28:10,476.75,400,11350
20240119,11:30:00,471.9,50,11300
20240119,11:30:20,474.2,100,11300
20240119,11:31:33,469.95,250,11300
20240119,12:24:45,471.1,50,11350
20240119,12:29:20,476.3,650,11350
20240119,13:16:16,425.0,50,11350
20240119,14:39:57,415.0,50,11400
20240119,15:00:45,420.0,50,11400
20240119,15:04:04,427.45,50,11400
20240119,15:05:33,423.1,50,11400
20240119,15:28:01,414.75,50,11400
20240120,09:29:06,380.6,1,11350
20240120,09:29:06,380.6,1000,11350
20240120,09:30:11,385.15,100,12100
20240120,09:32:25,391.1,50,12100
20240120,09:35:45,402.85,50,12150
20240120,09:35:55,402.85,50,12150
20240120,09:40:01,400.35,50,12150
20240120,09:50:54,397.25,50,12150
20240120,09:59:40,423.6,250,12100
20240120,10:03:42,421.6,50,12150
20240120,10:05:08,418.0,100,12150
20240120,10:08:01,415.9,400,12150
20240120,10:10:44,432.0,50,12550
20240120,10:29:47,432.0,50,12550
20240120,10:36:39,390.0,200,12550
20240120,11:03:18,405.7,100,12550
20240120,11:10:01,390.1,100,12550
20240120,12:35:28,432.0,100,12600
20240120,12:35:40,427.55,100,12600
20240120,12:36:20,429.6,100,12600
20240120,12:37:04,440.35,100,12600
20240120,12:37:26,440.35,50,12600
20240120,12:39:58,430.75,50,12600
20240120,13:09:13,414.55,50,12600
20240120,14:43:41,447.95,50,12550
20240120,14:46:28,457.85,50,12500
20240120,14:46:36,457.85,50,12500
20240120,15:08:11,475.5,100,12500
20240120,15:11:42,475.5,100,12600
20240123,09:19:01,322.35,100,12650
20240123,09:19:24,322.6,150,12650
20240123,09:19:55,323.15,100,12650
20240123,09:20:24,322.0,50,12650
20240123,09:20:25,323.0,150,12650
20240123,09:26:48,329.7,250,12400
20240123,09:29:15,330.8,50,12400
20240123,09:30:01,336.55,50,12400
20240123,09:31:05,334.55,50,12400
20240123,09:32:05,334.15,50,12400
20240123,09:32:17,329.95,50,12400
20240123,09:34:14,328.3,50,12450
20240123,09:38:50,338.0,50,12500
20240123,09:39:00,340.0,50,12500
20240123,09:40:41,341.4,50,12500
20240123,09:46:01,320.0,50,12600
20240123,09:48:01,322.0,50,12650
20240123,09:51:02,322.65,50,12600
20240123,09:51:25,323.25,50,12600
20240123,09:59:33,357.8,100,12600
20240123,09:59:49,359.6,100,12650
20240123,10:01:09,379.45,150,12650
20240123,10:01:26,373.95,50,12650
20240123,10:02:17,372.55,100,12650
20240123,10:02:58,379.75,50,12700
20240123,10:04:57,377.4,50,12700
20240123,10:10:06,382.05,50,12700
20240123,10:22:47,401.4,50,12700
20240123,10:23:00,399.0,100,12700
20240123,10:24:11,414.65,50,12700
20240123,10:24:44,418.6,50,12700
20240123,10:25:58,422.5,50,12700
20240123,10:26:07,421.0,150,12700
20240123,10:27:40,427.7,150,12950
20240123,10:27:56,434.95,50,12950
20240123,10:30:11,440.05,50,13100
20240123,10:31:03,436.15,50,13100
20240123,10:32:24,441.9,50,13100
20240123,10:34:53,430.6,50,13100
20240123,10:36:53,435.35,50,13100
20240123,10:39:00,452.2,50,13100
20240123,10:40:05,466.2,150,13100
20240123,10:40:30,474.5,50,13100
20240123,10:41:04,476.6,100,13100
20240123,10:42:52,479.85,50,13250
20240123,10:43:39,490.5,100,13250
20240123,10:44:10,493.65,150,13250
20240123,10:45:03,500.05,50,13250
20240123,10:45:17,490.8,100,13250
20240123,10:45:39,480.4,50,13250
20240123,10:49:03,510.65,50,13200
20240123,10:50:43,512.2,50,13200
20240123,10:51:28,509.3,50,13250
20240123,10:52:20,516.7,100,13250
20240123,10:53:19,485.55,150,13250
20240123,10:54:00,492.9,250,13200
20240123,10:54:37,487.95,50,13200
20240123,10:54:54,481.35,100,13200
20240123,10:56:24,485.0,150,13200
20240123,10:56:54,491.85,50,13150
20240123,11:02:38,488.0,100,13150
20240123,11:05:37,485.95,50,13150
20240123,11:06:29,477.6,100,13100
20240123,11:20:44,499.15,350,13100
20240123,11:33:25,531.2,50,12750
20240123,11:41:07,545.55,50,12750
20240123,11:41:18,548.6,50,12750
20240123,11:42:27,555.9,150,12750
20240123,11:43:08,535.9,100,12750
20240123,11:45:50,569.5,100,12750
20240123,11:48:30,564.3,200,12750
20240123,11:52:53,574.3,50,12750
20240123,11:54:03,581.0,50,12700
20240123,11:58:23,593.6,50,12700
20240123,12:01:46,608.5,100,12700
20240123,12:08:26,647.2,50,12700
20240123,12:08:30,646.35,50,12700
20240123,12:09:02,636.7,50,12700
20240123,12:09:30,644.55,200,12700
20240123,12:09:31,647.55,50,12700
20240123,12:11:14,640.4,50,12700
20240123,12:11:41,643.5,150,12700
20240123,12:11:42,640.7,50,12700
20240123,12:22:54,629.85,50,12700
20240123,12:31:17,625.25,250,12700
20240123,12:32:28,624.15,50,12700
20240123,12:35:29,613.95,50,12500
20240123,12:43:10,627.15,50,12500
20240123,12:56:05,647.0,1000,12500
20240123,13:12:41,675.8,50,11950
20240123,13:14:32,676.95,50,11950
20240123,13:23:07,676.95,1800,11900
20240123,13:23:58,680.0,1200,11900
20240123,13:48:34,669.55,250,12550
20240123,13:48:51,672.95,300,12550
20240123,13:49:39,664.3,450,12550
20240123,13:52:21,710.1,500,13150
20240123,13:54:22,701.9,400,13500
20240123,13:56:52,714.75,300,13500
20240123,13:57:53,713.05,300,14200
20240123,13:58:48,717.35,200,14200
20240123,14:00:15,717.8,400,14700
20240123,14:01:55,719.0,300,14700
20240123,14:02:57,705.35,200,14700
20240123,14:04:31,705.0,100,15550
20240123,14:05:29,699.4,50,15550
20240123,14:08:26,712.3,250,15700
20240123,14:11:02,710.75,200,15950
20240123,14:11:53,703.45,100,15950
20240123,14:13:06,711.0,200,16250
20240123,14:19:02,721.3,250,16450
20240123,14:21:00,728.5,200,16450
20240123,14:22:29,745.65,100,16850
20240123,14:23:07,755.7,100,16850
20240123,14:26:10,770.2,100,16850
20240123,14:27:19,796.75,100,16950
20240123,14:30:05,794.75,50,16950
20240123,14:36:26,785.8,200,17100
20240123,14:36:55,786.05,50,17100
20240123,14:43:33,805.0,50,17350
20240123,14:57:12,810.0,50,17400
20240123,15:17:29,802.6,100,17450
20240123,15:19:00,802.55,100,17400
20240123,15:19:32,810.0,50,17400
20240123,15:20:14,797.15,50,17400
20240123,15:20:18,796.4,150,17400
20240123,15:21:17,796.35,50,17400
20240123,15:24:18,797.2,50,17450
20240123,15:25:10,800.95,200,17450
20240123,15:29:59,800.3,1,17450
20240124,09:45:35,717.7,1,17450
20240124,09:45:35,717.3,500,17450
20240124,10:26:54,631.65,50,17450
20240124,10:39:00,619.3,50,17450
20240124,11:21:07,619.3,250,17450
20240124,11:27:47,619.3,50,17450
20240124,13:19:26,665.0,50,17450
20240124,13:19:34,666.5,50,17450
20240124,13:19:43,660.45,50,17450
20240124,13:19:52,661.35,50,17450
20240124,13:20:08,664.4,50,17450
20240124,13:27:45,675.9,50,17450
20240124,14:00:33,675.0,50,17500
20240124,14:28:01,619.3,250,17450
20240124,14:29:58,610.05,50,17450
20240124,14:30:55,600.0,50,17400
20240124,14:46:22,565.0,200,17350
20240124,14:50:07,565.0,50,17550
20240124,14:56:13,565.0,50,17550
20240124,14:58:59,557.1,100,17550
20240124,15:00:48,530.95,50,17550
20240124,15:02:04,530.95,50,17550
20240124,15:02:38,553.85,50,17550
20240124,15:03:06,580.0,50,17550
20240124,15:05:01,572.1,50,17600
20240124,15:06:17,555.75,50,17600
20240124,15:10:22,563.15,50,17600
20240124,15:11:24,561.4,50,17600
20240124,15:12:03,560.9,50,17600
20240125,09:15:14,598.95,1,17600
20240125,09:15:14,599.0,150,17600
20240125,09:30:10,575.0,50,17600
20240125,09:33:27,575.0,50,17750
20240125,09:33:54,595.0,600,17750
20240125,09:34:09,597.25,200,17750
20240125,09:36:38,612.0,50,18500
20240125,10:11:11,638.0,50,18500
20240125,10:38:07,675.25,50,18500
20240125,10:39:24,675.25,50,18550
20240125,10:56:05,734.55,50,18550
20240125,11:37:39,734.55,50,18550
20240125,11:40:22,626.6,50,18500
20240125,11:46:13,634.9,50,18550
20240125,11:54:39,689.35,50,18500
20240125,12:41:02,685.0,200,18500
20240125,12:42:40,695.0,50,18700
20240125,12:45:06,690.0,750,18700
20240125,13:57:12,699.5,50,19450
20240125,13:57:22,693.05,100,19450
20240125,14:20:57,718.65,50,19550
20240125,14:36:00,720.0,50,19500
20240125,14:55:24,716.0,1000,19550
20240125,15:04:29,680.7,150,20550
20240125,15:12:10,653.65,50,20700
20240125,15:14:24,649.0,50,20650
20240125,15:19:54,648.0,50,20700
20240125,15:24:49,637.6,100,20750
20240125,15:25:59,626.1,50,20750
20240125,15:26:20,623.2,400,20750
20240125,15:26:34,625.8,100,20750
20240129,09:16:13,545.65,1,20650
20240129,09:16:13,545.65,50,20650
20240129,09:16:14,542.45,150,20650
20240129,09:16:35,538.6,50,20650
20240129,09:21:23,488.85,50,20750
20240129,09:24:02,480.1,50,20700
20240129,09:27:02,452.8,50,20650
20240129,09:27:47,452.8,50,20650
20240129,09:28:58,456.95,1000,20650
20240129,09:34:08,463.8,700,21500
20240129,09:35:30,458.8,50,21450
20240129,09:39:32,477.25,100,21400
20240129,09:39:35,478.4,50,21400
20240129,09:41:49,456.8,50,21400
20240129,09:41:50,454.85,50,21400
20240129,09:42:01,456.55,50,21400
20240129,09:44:56,465.15,50,21400
20240129,09:44:58,465.0,200,21450
20240129,09:48:38,465.8,50,21450
20240129,09:49:02,455.0,3000,21450
20240129,09:50:44,455.9,1000,20200
20240129,09:51:15,454.3,50,20200
20240129,09:52:13,458.25,50,20200
20240129,09:53:38,455.0,50,20450
20240129,09:54:06,463.7,50,20450
20240129,09:55:17,463.4,50,20450
20240129,09:55:35,465.3,150,20450
20240129,09:57:42,437.7,700,20600
20240129,09:58:03,437.7,50,20600
20240129,09:58:24,426.8,650,20600
20240129,09:59:41,405.0,100,21450
20240129,10:00:24,401.0,50,21450
20240129,10:00:30,400.65,250,21450
20240129,10:01:05,397.8,50,21450
20240129,10:01:20,397.8,800,21450
20240129,10:01:54,411.4,50,21450
20240129,10:02:00,415.0,750,21450
20240129,10:02:14,408.9,100,23400
20240129,10:02:35,408.15,50,23400
20240129,10:03:41,414.4,50,23400
20240129,10:04:00,408.9,100,23400
20240129,10:07:34,424.05,50,23350
20240129,10:07:41,423.0,50,23350
20240129,10:09:36,423.0,50,23350
20240129,10:10:15,431.75,50,23350
20240129,10:12:36,421.0,50,23400
20240129,10:12:56,417.75,300,23400
20240129,10:14:24,420.65,50,23500
20240129,10:15:37,408.9,300,23500
20240129,10:16:04,414.15,200,23500
20240129,10:18:04,417.55,50,23600
20240129,10:18:09,419.25,50,23600
20240129,10:21:53,410.4,200,23550
20240129,10:23:11,410.75,50,23550
20240129,10:25:03,414.75,50,23650
20240129,10:26:33,403.55,50,23650
20240129,10:27:09,415.6,50,23650
20240129,10:29:45,415.9,50,23550
20240129,10:30:11,410.35,50,23550
20240129,10:30:18,412.8,100,23550
20240129,10:38:02,408.35,50,23700
20240129,10:40:36,406.75,50,23700
20240129,10:41:37,409.0,50,23700
20240129,10:44:07,418.45,50,23700
20240129,10:56:24,406.0,50,23700
20240129,10:56:48,409.45,50,23650
20240129,10:57:19,400.0,3900,23650
20240129,10:57:39,402.3,50,23650
20240129,10:58:11,404.85,150,23650
20240129,10:58:24,407.3,100,23650
20240129,11:03:27,403.3,300,26100
20240129,11:04:26,400.2,50,26100
20240129,11:09:56,400.25,50,26350
20240129,11:10:02,401.95,50,26350
20240129,11:11:12,401.5,150,26350
20240129,11:13:09,400.0,50,26300
20240129,11:13:50,405.05,250,26300
20240129,11:14:03,410.4,50,26300
20240129,11:14:04,412.65,50,26300
20240129,11:14:18,411.15,50,26300
20240129,11:14:59,403.5,2400,26400
20240129,11:15:01,405.2,2400,26400
20240129,11:17:22,401.3,50,26400
20240129,11:18:42,402.1,50,26700
20240129,11:19:44,428.9,200,26700
20240129,11:19:46,429.9,150,26700
20240129,11:20:10,419.05,350,26700
20240129,11:20:24,412.8,50,26950
20240129,11:21:31,430.0,50,26950
20240129,11:21:48,432.0,100,26950
20240129,11:22:02,436.45,100,26950
20240129,11:22:03,435.7,50,26950
20240129,11:22:31,438.0,200,26950
20240129,11:22:41,431.35,100,26950
20240129,11:22:52,430.75,100,26950
20240129,11:23:49,446.55,100,26650
20240129,11:23:53,444.9,50,26650
20240129,11:23:56,446.55,100,26650
20240129,11:24:47,439.3,100,26650
20240129,11:25:06,439.45,150,26650
20240129,11:25:08,438.9,100,26650
20240129,11:25:11,441.0,400,26650
20240129,11:25:20,438.85,50,26650
20240129,11:26:10,428.15,50,26650
20240129,11:26:59,434.75,50,25750
20240129,11:27:45,428.95,100,25750
20240129,11:27:48,429.45,50,25750
20240129,11:28:10,424.2,350,25750
20240129,11:29:02,418.2,100,25750
20240129,11:30:37,391.0,150,25750
20240129,11:30:38,388.5,500,25550
20240129,11:31:04,388.5,400,25550
20240129,11:31:25,402.75,200,25550
20240129,11:31:52,407.2,500,25550
20240129,11:31:54,405.75,400,25550
20240129,11:33:17,422.7,150,25550
20240129,11:39:00,409.8,500,25650
20240129,11:42:05,405.3,50,26150
20240129,11:46:08,398.6,50,26150
20240129,11:46:16,398.8,50,26150
20240129,11:50:16,399.4,50,26250
20240129,11:53:13,396.25,50,26300
20240129,11:53:29,398.95,50,26350
20240129,11:54:10,388.55,50,26350
20240129,11:54:31,385.1,50,26350
20240129,11:54:35,385.05,100,26350
20240129,11:55:14,385.7,50,26350
20240129,11:55:43,389.95,100,26350
20240129,11:56:25,394.5,50,26350
20240129,11:59:28,393.45,50,26300
20240129,12:00:15,394.2,50,26300
20240129,12:01:56,393.3,50,26350
20240129,12:03:22,392.0,300,26350
20240129,12:05:17,391.35,150,26350
20240129,12:06:30,388.95,600,26500
20240129,12:07:34,395.85,50,26500
20240129,12:07:50,392.65,150,26500
20240129,12:09:15,392.65,50,26850
20240129,12:10:02,388.65,250,26850
20240129,12:10:06,388.0,50,26850
20240129,12:13:22,391.85,50,27150
20240129,12:14:05,396.0,300,27150
20240129,12:14:14,395.05,50,27150
20240129,12:14:25,391.85,50,27150
20240129,12:14:54,390.4,50,26950
20240129,12:16:35,385.0,50,26950
20240129,12:17:02,385.0,50,26950
20240129,12:18:05,388.3,50,26850
20240129,12:18:25,388.95,250,26850
20240129,12:23:42,380.4,250,27150
20240129,12:23:47,380.4,50,27150
20240129,12:23:50,382.65,400,27150
20240129,12:25:05,386.45,50,27150
20240129,12:25:10,386.25,250,27150
20240129,12:26:40,396.55,200,27150
20240129,12:26:41,397.65,150,27500
20240129,12:26:55,395.25,350,27500
20240129,12:27:00,398.35,50,27500
20240129,12:27:08,394.1,50,27500
20240129,12:27:33,387.45,150,27500
20240129,12:27:46,393.65,150,27500
20240129,12:30:15,394.9,250,27550
20240129,12:31:06,391.65,50,27550
20240129,12:31:15,388.25,50,27550
20240129,12:35:08,375.0,500,27800
20240129,12:35:13,374.25,250,27800
20240129,12:35:23,374.25,50,27800
20240129,12:35:42,383.55,50,28250
20240129,12:35:53,379.0,100,28250
20240129,12:36:01,377.55,50,28250
20240129,12:36:04,378.75,100,28250
20240129,12:36:06,377.55,200,28250
20240129,12:36:35,377.55,50,28250
20240129,12:38:29,375.45,100,28250
20240129,12:39:03,374.0,100,28250
20240129,12:40:18,372.9,50,28350
20240129,12:40:44,372.9,50,28350
20240129,12:41:56,380.1,50,28350
20240129,12:41:59,380.9,150,28350
20240129,12:45:02,373.65,500,28150
20240129,12:45:23,371.0,150,28150
20240129,12:45:36,366.5,50,28150
20240129,12:46:00,366.5,50,28150
20240129,12:46:20,368.0,50,28150
20240129,12:46:32,366.0,50,28150
20240129,12:47:32,365.85,50,28150
20240129,12:48:10,365.85,50,28300
20240129,12:48:37,368.9,50,28300
20240129,12:49:25,371.1,50,28300
20240129,12:49:34,370.05,50,28300
20240129,12:50:08,370.95,50,28300
20240129,12:50:32,367.75,50,28300
20240129,12:51:32,367.75,50,28450
20240129,12:52:07,364.0,150,28450
20240129,12:52:27,364.0,50,28450
20240129,12:52:39,365.2,50,28450
20240129,12:53:02,370.55,50,28450
20240129,12:53:07,368.95,50,28450
20240129,12:53:17,370.0,50,28450
20240129,12:53:59,371.3,50,28550
20240129,12:55:16,366.4,150,28550
20240129,12:55:19,368.0,150,28550
20240129,12:55:20,368.25,150,28550
20240129,12:55:36,365.2,50,28550
20240129,12:55:49,366.65,150,28550
20240129,12:55:51,367.05,150,28550
20240129,12:55:53,366.5,150,28550
20240129,12:55:54,366.95,150,28550
20240129,12:56:01,367.15,150,28550
20240129,12:56:08,368.0,150,28550
20240129,12:56:11,366.95,150,28550
20240129,12:56:14,367.85,250,28550
20240129,12:56:17,369.85,50,28550
20240129,12:56:17,369.9,50,28550
20240129,12:56:19,370.5,250,28550
20240129,12:56:22,370.15,150,28550
20240129,12:56:23,371.65,150,28550
20240129,12:56:29,370.15,50,28550
20240129,12:56:36,368.0,50,28550
20240129,12:56:39,368.6,50,30100
20240129,12:56:48,369.45,50,30100
20240129,12:56:50,369.25,150,30100
20240129,12:56:57,369.35,150,30100
20240129,12:56:58,369.05,150,30100
20240129,12:57:06,369.05,150,30100
20240129,12:57:07,369.05,250,30100
20240129,12:57:09,368.9,150,30100
20240129,12:57:13,368.45,150,30100
20240129,12:57:15,368.25,50,30100
20240129,12:57:18,368.45,150,30100
20240129,12:57:59,368.2,200,30100
20240129,12:58:02,367.95,150,30100
20240129,12:58:13,367.35,50,30100
20240129,12:58:38,366.0,150,30100
20240129,12:58:46,365.95,50,30100
20240129,12:58:51,365.9,250,30100
20240129,12:58:55,365.0,50,30100
20240129,12:59:03,362.05,50,30100
20240129,12:59:08,362.05,150,30100
20240129,12:59:12,363.35,150,30100
20240129,12:59:14,363.25,150,30100
20240129,13:00:01,360.0,250,30700
20240129,13:00:10,358.0,200,30700
20240129,13:00:23,357.0,50,30700
20240129,13:00:33,353.7,50,30700
20240129,13:00:55,353.7,50,30700
20240129,13:00:57,358.0,100,30700
20240129,13:01:18,354.75,250,30700
20240129,13:01:42,358.55,50,30700
20240129,13:02:24,364.8,250,30700
20240129,13:02:30,366.9,50,30700
20240129,13:02:40,362.7,300,31000
20240129,13:02:49,365.2,50,31000
20240129,13:02:55,364.4,50,31000
20240129,13:03:21,364.4,50,31000
20240129,13:03:32,365.2,100,31000
20240129,13:03:51,362.65,50,31000
20240129,13:06:17,359.8,50,31250
20240129,13:06:19,358.95,250,31250
20240129,13:07:07,361.0,500,31250
20240129,13:07:08,361.65,150,31250
20240129,13:07:33,365.7,50,31250
20240129,13:07:36,366.15,50,31250
20240129,13:07:44,366.95,350,31250
20240129,13:07:59,368.0,350,31250
20240129,13:08:03,367.7,250,31250
20240129,13:08:09,371.1,500,31250
20240129,13:08:20,372.1,250,31250
20240129,13:08:45,379.3,200,30950
20240129,13:08:57,378.6,150,30950
20240129,13:09:01,376.65,50,30950
20240129,13:09:04,375.05,350,30950
20240129,13:09:23,365.0,100,30950
20240129,13:09:26,369.2,50,30950
20240129,13:11:02,372.75,50,30950
20240129,13:11:22,372.75,50,30950
20240129,13:12:55,365.0,50,30900
20240129,13:13:11,365.9,50,30900
20240129,13:13:17,365.25,50,30900
20240129,13:13:32,365.65,250,30900
20240129,13:13:42,370.0,50,30900
20240129,13:14:20,363.0,50,30900
20240129,13:14:32,361.1,50,30900
20240129,13:14:39,361.1,50,30800
20240129,13:14:53,364.35,50,30800
20240129,13:14:54,365.4,50,30800
20240129,13:14:58,365.2,500,30800
20240129,13:15:05,362.9,150,30800
20240129,13:15:19,359.3,50,30800
20240129,13:15:56,369.15,200,30800
20240129,13:16:07,371.0,550,30800
20240129,13:16:35,365.65,50,30800
20240129,13:17:06,368.1,50,30800
20240129,13:19:19,378.0,100,31000
20240129,13:19:34,378.6,50,31000
20240129,13:19:38,379.45,50,31000
20240129,13:19:40,380.0,500,31000
20240129,13:19:54,382.85,50,31000
20240129,13:20:41,379.3,300,30550
20240129,13:20:56,378.75,500,30550
20240129,13:20:58,379.25,250,30550
20240129,13:21:24,377.85,50,30550
20240129,13:22:38,378.85,50,30550
20240129,13:22:43,381.15,200,30550
20240129,13:23:04,381.15,50,30550
20240129,13:23:08,377.85,250,30550
20240129,13:23:47,383.95,100,30700
20240129,13:24:01,385.2,100,30700
20240129,13:24:05,385.25,50,30700
20240129,13:24:08,384.0,50,30700
20240129,13:24:30,386.55,400,30700
20240129,13:24:51,377.55,250,30700
20240129,13:25:01,374.15,350,30700
20240129,13:25:04,371.6,250,30700
20240129,13:25:05,371.45,200,30700
20240129,13:25:20,370.3,650,30700
20240129,13:25:26,370.4,50,30700
20240129,13:25:35,369.6,300,30700
20240129,13:25:39,367.7,350,30700
20240129,13:25:40,367.25,50,30700
20240129,13:25:55,373.2,250,30700
20240129,13:26:02,371.05,1600,30700
20240129,13:26:03,371.2,50,30700
20240129,13:26:08,371.55,600,30700
20240129,13:26:11,370.8,50,30700
20240129,13:26:21,373.2,250,30700
20240129,13:26:34,371.3,50,30700
20240129,13:26:48,370.45,1000,33350
20240129,13:26:52,370.75,100,33350
20240129,13:26:54,370.1,250,33350
20240129,13:27:28,373.55,250,33350
20240129,13:27:34,372.8,100,33350
20240129,13:27:37,373.3,100,33350
20240129,13:27:39,372.7,100,33350
20240129,13:27:43,372.55,100,33350
20240129,13:27:45,372.55,100,33350
20240129,13:27:46,373.45,100,33350
20240129,13:27:48,373.55,50,33350
20240129,13:27:49,374.5,100,33350
20240129,13:27:50,375.6,100,33350
20240129,13:28:11,372.15,350,33350
20240129,13:28:21,373.1,700,33350
20240129,13:28:34,372.75,150,33350
20240129,13:28:36,372.55,150,33350
20240129,13:28:39,374.2,150,33350
20240129,13:28:41,374.5,150,33350
20240129,13:28:42,374.2,150,33350
20240129,13:28:46,373.95,150,33350
20240129,13:28:49,373.85,150,33350
20240129,13:28:52,374.75,150,33350
20240129,13:29:01,375.6,100,33350
20240129,13:29:05,375.6,150,33350
20240129,13:29:30,379.0,150,33350
20240129,13:29:34,379.8,100,33350
20240129,13:29:36,379.7,50,33350
20240129,13:29:38,377.95,800,33350
20240129,13:29:39,377.9,50,33350
20240129,13:29:40,378.2,50,33350
20240129,13:29:43,378.25,50,37200
20240129,13:29:46,377.7,150,37200
20240129,13:29:55,378.5,150,37200
20240129,13:30:14,380.35,100,37200
20240129,13:30:18,380.8,150,37200
20240129,13:30:20,381.35,400,37200
20240129,13:30:21,381.7,150,37200
20240129,13:30:28,382.25,200,37200
20240129,13:30:34,382.75,150,37200
20240129,13:30:35,384.55,600,37200
20240129,13:30:40,385.5,50,37200
20240129,13:30:52,383.55,150,37200
20240129,13:30:56,382.5,200,37200
20240129,13:30:57,380.15,150,37200
20240129,13:31:00,374.85,50,37200
20240129,13:31:02,376.05,400,37200
20240129,13:31:04,376.7,250,37200
20240129,13:31:31,376.8,300,37200
20240129,13:32:01,381.9,250,37200
20240129,13:32:02,381.85,150,37200
20240129,13:32:08,380.2,300,37200
20240129,13:32:12,380.15,250,37200
20240129,13:32:44,378.05,150,39050
20240129,13:32:45,378.55,200,39050
20240129,13:32:52,377.4,50,39050
20240129,13:32:55,376.75,50,39050
20240129,13:32:56,377.4,300,39050
20240129,13:32:59,376.95,150,39050
20240129,13:33:12,377.95,100,39050
20240129,13:33:14,375.5,450,39050
20240129,13:33:16,372.35,200,39050
20240129,13:33:17,372.85,50,39050
20240129,13:33:18,372.7,50,39050
20240129,13:33:19,372.35,150,39050
20240129,13:33:20,372.4,50,39050
20240129,13:33:22,372.75,200,39050
20240129,13:33:26,372.25,200,39050
20240129,13:33:27,372.05,100,39050
20240129,13:33:30,372.35,50,39050
20240129,13:33:41,371.85,50,39050
20240129,13:33:43,372.0,100,39050
20240129,13:33:46,371.55,50,39050
20240129,13:33:47,371.05,450,39050
20240129,13:33:49,371.1,50,39050
20240129,13:33:50,370.7,250,39050
20240129,13:33:55,369.95,50,39050
20240129,13:33:57,369.5,50,39050
20240129,13:33:59,370.9,100,39050
20240129,13:34:02,370.65,250,39050
20240129,13:34:07,369.75,500,39050
20240129,13:34:17,373.8,100,39050
20240129,13:34:29,375.75,50,39050
20240129,13:34:36,376.3,250,39050
20240129,13:34:58,374.1,500,39050
20240129,13:35:02,371.0,300,39050
20240129,13:35:04,372.05,100,39050
20240129,13:35:05,372.3,50,39050
20240129,13:35:12,372.0,100,39050
20240129,13:35:24,370.6,250,39050
20240129,13:35:26,369.25,100,39050
20240129,13:35:29,369.85,100,39050
20240129,13:35:31,369.55,100,39050
20240129,13:35:33,369.1,100,39050
20240129,13:35:44,370.25,100,41850
20240129,13:35:45,370.15,100,41850
20240129,13:35:46,370.5,250,41850
20240129,13:35:51,369.25,100,41850
20240129,13:35:54,368.75,100,41850
20240129,13:35:59,369.6,350,41850
20240129,13:36:01,370.05,250,41850
20240129,13:36:02,369.7,600,41850
20240129,13:36:03,367.2,2100,41850
20240129,13:36:14,367.8,350,41850
20240129,13:36:17,366.6,850,41850
20240129,13:36:22,365.6,250,41850
20240129,13:36:26,366.65,400,41850
20240129,13:36:31,365.45,200,41850
20240129,13:36:40,365.0,50,41850
20240129,13:36:43,363.95,250,41850
20240129,13:36:44,364.75,100,41850
20240129,13:36:46,365.45,300,41850
20240129,13:36:48,364.45,150,41850
20240129,13:36:49,365.35,100,41850
20240129,13:36:53,366.55,550,41850
20240129,13:36:54,366.5,200,41850
20240129,13:36:55,365.9,250,41850
20240129,13:36:56,366.7,600,41850
20240129,13:36:58,366.95,300,41850
20240129,13:37:02,367.7,250,41850
20240129,13:37:06,367.95,250,41850
20240129,13:37:13,367.7,500,41850
20240129,13:37:17,367.5,250,41850
20240129,13:38:00,367.15,300,41850
20240129,13:38:01,367.45,650,41850
20240129,13:38:02,366.35,250,41850
20240129,13:38:59,371.95,50,48700
20240129,13:39:16,373.05,100,48700
20240129,13:40:15,375.25,50,48700
20240129,13:40:37,373.1,50,48700
20240129,13:41:17,368.2,50,48700
20240129,13:41:28,367.5,750,48700
20240129,13:41:44,372.05,250,49450
20240129,13:41:52,371.25,100,49450
20240129,13:43:07,367.5,200,49450
20240129,13:43:10,368.25,650,49450
20240129,13:43:11,368.15,50,49450
20240129,13:43:17,368.65,50,49450
20240129,13:43:22,368.95,250,49450
20240129,13:43:32,365.5,50,49450
20240129,13:43:35,364.85,50,49450
20240129,13:43:36,364.9,50,49450
20240129,13:43:37,365.2,50,49450
20240129,13:43:41,366.1,100,49450
20240129,13:43:43,367.05,100,49450
20240129,13:44:16,368.95,250,49450
20240129,13:48:35,364.35,750,50750
20240129,13:48:36,363.35,100,50750
20240129,13:48:39,365.3,50,50750
20240129,13:49:28,362.6,250,50750
20240129,13:49:35,362.8,50,50750
20240129,13:49:46,358.7,600,50750
20240129,13:49:50,355.35,2150,50750
20240129,13:49:51,355.9,50,50750
20240129,13:49:52,354.95,50,50750
20240129,13:49:58,358.7,100,50750
20240129,13:50:06,356.65,50,50750
20240129,13:50:11,357.5,200,50750
20240129,13:50:15,357.7,300,50750
20240129,13:50:20,359.55,700,50750
20240129,13:50:21,358.45,150,50750
20240129,13:50:24,359.4,850,50750
20240129,13:50:25,359.9,400,50750
20240129,13:50:26,360.5,50,50750
20240129,13:50:45,355.55,50,54300
20240129,13:51:04,357.1,50,54300
20240129,13:51:05,358.8,50,54300
20240129,13:51:14,358.95,500,54300
20240129,13:51:39,355.0,50,54300
20240129,13:51:52,354.0,300,54300
20240129,13:51:53,353.95,250,54300
20240129,13:51:55,352.05,250,54300
20240129,13:51:56,351.05,50,54300
20240129,13:51:59,351.05,250,54300
20240129,13:52:00,351.25,100,54300
20240129,13:52:01,350.6,200,54300
20240129,13:52:03,350.6,50,54300
20240129,13:52:07,351.0,250,54300
20240129,13:52:11,350.55,100,54300
20240129,13:52:13,350.55,200,54300
20240129,13:52:16,352.25,50,54300
20240129,13:52:32,356.2,250,54300
20240129,13:52:43,352.25,300,54300
20240129,13:52:49,353.0,50,54300
20240129,13:52:55,355.95,150,54300
20240129,13:53:01,354.8,50,54300
20240129,13:53:09,352.35,100,54300
20240129,13:53:31,350.0,200,54300
20240129,13:53:38,347.8,100,54300
20240129,13:53:43,347.8,400,54300
20240129,13:53:58,350.95,250,55950
20240129,13:54:08,352.5,100,55950
20240129,13:54:37,355.85,50,55950
20240129,13:55:05,353.25,500,55950
20240129,13:55:24,351.8,50,55950
20240129,13:56:05,350.85,250,55950
20240129,13:56:31,356.0,500,55950
20240129,13:57:00,354.75,250,55300
20240129,13:57:14,355.6,250,55300
20240129,13:57:44,354.75,250,55300
20240129,13:57:51,355.6,50,55300
20240129,13:58:40,355.25,250,55300
20240129,13:58:48,352.95,500,55300
20240129,13:58:52,353.95,250,55300
20240129,13:59:01,351.75,250,55300
20240129,13:59:06,351.0,50,55300
20240129,13:59:21,350.7,500,55300
20240129,13:59:42,350.1,250,55300
20240129,13:59:46,350.9,500,55500
20240129,14:00:03,350.1,250,55500
20240129,14:00:07,350.1,4750,55500
20240129,14:00:08,350.65,350,55500
20240129,14:00:35,351.85,250,55500
20240129,14:00:57,349.4,50,55500
20240129,14:00:59,349.2,500,55500
20240129,14:01:01,350.35,250,55500
20240129,14:01:07,350.5,250,55500
20240129,14:01:08,350.35,350,55500
20240129,14:01:31,348.0,100,55500
20240129,14:01:37,341.35,350,55500
20240129,14:01:38,340.35,150,55500
20240129,14:01:39,340.2,50,55500
20240129,14:01:52,340.2,150,55500
20240129,14:02:01,344.3,100,55500
20240129,14:02:10,344.3,50,55500
20240129,14:02:13,343.65,250,55500
20240129,14:02:14,343.35,250,55500
20240129,14:02:32,345.9,500,55500
20240129,14:02:40,345.75,100,55500
20240129,14:02:48,343.45,250,62100
20240129,14:02:49,342.85,250,62100
20240129,14:02:53,345.55,250,62100
20240129,14:03:01,344.85,250,62100
20240129,14:03:08,344.55,50,62100
20240129,14:03:19,340.55,500,62100
20240129,14:03:27,341.55,250,62100
20240129,14:03:37,344.4,50,62100
20240129,14:03:38,345.45,250,62100
20240129,14:03:41,345.45,250,62100
20240129,14:03:44,347.1,150,62100
20240129,14:03:52,346.9,250,62100
20240129,14:04:16,347.6,150,62100
20240129,14:04:18,346.7,500,62100
20240129,14:04:24,343.4,50,62100
20240129,14:04:29,345.05,250,62100
20240129,14:04:32,343.7,250,62100
20240129,14:04:34,344.45,50,62100
20240129,14:04:56,347.9,150,62100
20240129,14:05:05,349.05,150,62100
20240129,14:05:10,350.2,250,62100
20240129,14:05:11,350.75,50,62100
20240129,14:05:13,349.85,150,62100
20240129,14:05:26,352.55,50,62100
20240129,14:05:33,351.1,250,62100
20240129,14:05:36,349.8,500,62100
20240129,14:05:48,347.85,50,63700
20240129,14:06:48,347.0,100,63700
20240129,14:06:52,347.3,250,63700
20240129,14:07:36,350.05,50,63700
20240129,14:08:02,350.55,900,63700
20240129,14:08:05,350.65,500,63700
20240129,14:08:06,350.5,250,63700
20240129,14:08:17,351.75,250,63700
20240129,14:08:24,351.4,250,63700
20240129,14:09:57,352.8,2550,65050
20240129,14:09:59,352.85,500,65050
20240129,14:10:00,352.9,2500,65050
20240129,14:10:04,352.25,250,65050
20240129,14:10:06,351.65,300,65050
20240129,14:10:08,350.0,200,65050
20240129,14:10:12,351.35,250,65050
20240129,14:10:15,351.7,250,65050
20240129,14:10:36,348.3,500,65050
20240129,14:10:38,349.9,500,65050
20240129,14:10:41,348.85,300,65050
20240129,14:10:48,353.5,250,65050
20240129,14:11:09,351.95,250,65050
20240129,14:11:14,351.85,250,65050
20240129,14:11:15,351.6,300,65050
20240129,14:11:37,349.0,250,65050
20240129,14:11:43,350.95,250,65050
20240129,14:11:52,350.85,500,65500
20240129,14:11:53,351.25,550,65500
20240129,14:11:57,351.4,250,65500
20240129,14:12:16,351.9,850,65500
20240129,14:12:17,351.85,250,65500
20240129,14:12:22,351.85,250,65500
20240129,14:12:24,352.25,250,65500
20240129,14:12:46,356.25,300,65500
20240129,14:13:01,356.25,50,65500
20240129,14:13:05,358.3,150,65500
20240129,14:13:11,358.45,450,65500
20240129,14:13:38,356.2,250,65500
20240129,14:13:45,357.45,250,65500
20240129,14:13:49,358.45,50,65500
20240129,14:13:57,359.85,500,65500
20240129,14:13:59,361.4,150,65500
20240129,14:14:09,363.0,50,65500
20240129,14:14:14,366.4,100,65500
20240129,14:14:17,365.4,50,65500
20240129,14:14:20,365.15,150,65500
20240129,14:14:22,363.9,250,65500
20240129,14:14:24,364.1,300,65500
20240129,14:14:31,360.0,50,65500
20240129,14:14:35,359.75,50,65500
20240129,14:14:46,358.95,250,65500
20240129,14:14:48,360.0,200,69000
20240129,14:14:53,362.5,250,69000
20240129,14:15:00,361.15,400,69000
20240129,14:15:27,364.75,50,69000
20240129,14:15:38,362.7,150,69000
20240129,14:15:44,363.15,200,69000
20240129,14:15:55,361.9,200,69000
20240129,14:16:22,369.15,50,69000
20240129,14:16:33,365.8,200,69000
20240129,14:16:36,364.65,350,69000
20240129,14:17:03,371.7,50,69000
20240129,14:17:04,370.9,100,69000
20240129,14:17:39,361.25,50,69000
20240129,14:17:41,360.05,50,69000
20240129,14:17:46,361.5,250,69000
20240129,14:17:57,360.0,100,69000
20240129,14:18:03,356.85,200,69550
20240129,14:18:09,353.85,50,69550
20240129,14:18:25,352.9,50,69550
20240129,14:18:29,353.1,200,69550
20240129,14:19:02,355.8,50,69550
20240129,14:19:03,357.45,50,69550
20240129,14:19:04,358.4,50,69550
20240129,14:19:44,355.65,250,69550
20240129,14:20:00,356.0,100,69550
20240129,14:20:05,354.5,100,69550
20240129,14:20:20,355.85,50,69550
20240129,14:21:21,354.5,150,69450
20240129,14:22:10,358.5,500,69450
20240129,14:22:17,361.6,200,69450
20240129,14:22:23,361.75,50,69450
20240129,14:22:31,359.05,250,69450
20240129,14:22:39,359.05,250,69450
20240129,14:22:56,358.7,250,69450
20240129,14:23:09,361.0,250,69450
20240129,14:23:13,358.95,50,69450
20240129,14:23:24,361.5,500,69450
20240129,14:23:33,358.0,450,69450
20240129,14:23:58,355.15,50,70350
20240129,14:24:01,355.05,250,70350
20240129,14:24:15,356.85,150,70350
20240129,14:24:22,357.65,350,70350
20240129,14:24:37,351.95,250,70350
20240129,14:27:11,354.55,50,70650
20240129,14:27:14,355.25,750,70650
20240129,14:27:16,354.4,300,70650
20240129,14:27:17,355.35,50,70650
20240129,14:27:18,354.9,250,70650
20240129,14:27:20,355.35,350,70650
20240129,14:27:21,356.35,250,70650
20240129,14:27:25,357.1,250,70650
20240129,14:27:26,356.05,350,70650
20240129,14:27:27,356.4,750,70650
20240129,14:27:28,356.4,100,70650
20240129,14:27:34,353.55,100,70650
20240129,14:27:35,354.5,50,70650
20240129,14:28:12,360.2,500,70650
20240129,14:28:13,360.1,250,70650
20240129,14:28:18,358.9,50,70650
20240129,14:28:19,359.95,250,70650
20240129,14:28:45,357.7,50,70650
20240129,14:29:02,357.9,50,70650
20240129,14:29:18,359.35,250,70650
20240129,14:29:20,358.8,250,70650
20240129,14:29:21,358.4,50,70650
20240129,14:30:43,362.4,50,73350
20240129,14:30:47,365.15,50,73350
20240129,14:30:49,366.0,50,73350
20240129,14:31:02,361.95,50,73350
20240129,14:31:04,361.8,50,73350
20240129,14:31:22,366.0,50,73350
20240129,14:31:27,368.2,150,73350
20240129,14:31:30,371.4,250,73350
20240129,14:32:11,363.45,50,73350
20240129,14:32:22,367.8,50,73350
20240129,14:32:34,371.5,50,73350
20240129,14:32:41,374.95,50,73350
20240129,14:32:42,374.4,50,73350
20240129,14:33:09,370.0,1000,73450
20240129,14:33:11,370.5,50,73450
20240129,14:34:15,370.25,50,73450
20240129,14:35:04,367.6,250,73450
20240129,14:35:36,366.4,250,73450
20240129,14:35:59,362.2,50,73800
20240129,14:36:20,360.1,50,73800
20240129,14:36:23,360.45,50,73800
20240129,14:36:43,360.45,250,73800
20240129,14:37:01,357.55,50,73800
20240129,14:37:03,357.25,50,73800
20240129,14:37:42,354.3,50,73800
20240129,14:38:05,354.0,100,73800
20240129,14:38:07,353.05,250,73800
20240129,14:38:14,353.8,50,73800
20240129,14:38:17,352.85,50,73800
20240129,14:38:35,351.0,250,73800
20240129,14:38:40,347.85,250,73800
20240129,14:38:41,347.35,50,73800
20240129,14:38:42,347.35,100,73800
20240129,14:38:44,347.55,750,73800
20240129,14:38:58,345.75,250,74700
20240129,14:39:02,345.2,50,74700
20240129,14:39:18,340.7,400,74700
20240129,14:39:18,339.6,50,74700
20240129,14:39:21,339.6,300,74700
20240129,14:39:27,345.65,50,74700
20240129,14:40:11,343.7,50,74700
20240129,14:40:12,343.6,200,74700
20240129,14:40:13,343.7,150,74700
20240129,14:40:16,343.0,700,74700
20240129,14:40:19,343.05,250,74700
20240129,14:40:22,343.0,50,74700
20240129,14:40:26,341.2,50,74700
20240129,14:40:29,341.3,200,74700
20240129,14:40:41,335.65,50,74700
20240129,14:40:45,335.25,1000,74700
20240129,14:41:02,335.25,250,74700
20240129,14:41:03,342.75,250,74700
20240129,14:41:40,343.15,50,74700
20240129,14:41:41,344.4,400,74700
20240129,14:41:53,342.3,150,75050
20240129,14:42:01,340.0,100,75050
20240129,14:42:19,341.2,50,75050
20240129,14:42:24,338.75,50,75050
20240129,14:42:41,339.45,50,75050
20240129,14:44:12,347.3,50,75050
20240129,14:45:29,349.0,50,75050
20240129,14:45:38,348.4,150,75050
20240129,14:45:54,348.95,400,75050
20240129,14:45:55,348.45,50,75050
20240129,14:46:06,342.25,200,75050
20240129,14:46:08,342.0,250,75050
20240129,14:46:16,340.0,100,75050
20240129,14:46:37,333.9,1550,75050
20240129,14:46:39,333.75,50,75050
20240129,14:47:00,333.75,200,75050
20240129,14:47:09,338.4,250,75050
20240129,14:47:27,340.05,250,75050
20240129,14:47:41,344.45,50,75050
20240129,14:47:46,345.0,50,75050
20240129,14:48:01,345.65,150,73450
20240129,14:48:10,344.45,50,73450
20240129,14:49:19,344.1,50,73450
20240129,14:50:49,344.25,250,73450
20240129,14:51:17,342.7,50,73650
20240129,14:52:28,341.95,500,73650
20240129,14:52:29,340.65,400,73650
20240129,14:52:36,338.8,200,73650
20240129,14:53:03,342.6,50,73650
20240129,14:53:16,338.0,50,73650
20240129,14:53:39,338.4,500,73650
20240129,14:53:44,339.85,150,73650
20240129,14:53:51,340.85,150,73650
20240129,14:54:14,341.0,50,75200
20240129,14:54:20,343.0,50,75200
20240129,14:54:57,343.1,50,75200
20240129,14:56:02,346.8,300,75200
20240129,14:56:07,347.45,300,75200
20240129,14:56:08,347.4,250,75200
20240129,14:56:11,345.0,50,75200
20240129,14:56:32,344.6,50,75200
20240129,14:56:42,344.95,300,75200
20240129,14:56:59,344.4,900,75200
20240129,14:57:10,345.4,100,75550
20240129,14:57:13,344.6,350,75550
20240129,14:57:22,341.25,100,75550
20240129,14:57:33,344.25,250,75550
20240129,14:57:34,344.2,250,75550
20240129,14:57:52,348.6,100,75550
20240129,14:58:16,351.6,250,75550
20240129,14:58:17,354.0,100,75550
20240129,14:58:18,356.0,200,75550
20240129,14:58:19,357.5,50,75550
20240129,14:58:20,359.8,150,75550
20240129,14:58:21,360.7,100,75550
20240129,14:58:22,363.5,200,75550
20240129,14:58:26,362.9,50,75550
20240129,14:58:31,364.75,700,75550
20240129,14:58:33,366.7,50,75550
20240129,14:58:45,376.05,250,75550
20240129,14:58:46,378.3,250,75550
20240129,14:58:47,379.0,100,75550
20240129,14:58:50,379.5,50,75550
20240129,14:58:58,379.8,150,75550
20240129,14:59:03,380.0,50,75550
20240129,14:59:06,373.95,150,75550
20240129,14:59:08,372.75,150,75550
20240129,14:59:20,366.95,150,75550
20240129,14:59:30,364.7,200,75550
20240129,14:59:53,366.9,150,75550
20240129,14:59:56,369.5,100,75600
20240129,15:00:01,369.9,500,75600
20240129,15:00:04,364.35,150,75600
20240129,15:00:18,365.05,150,75600
20240129,15:00:19,364.5,400,75600
20240129,15:00:23,362.9,150,75600
20240129,15:00:26,364.5,100,75600
20240129,15:00:32,369.25,150,75600
20240129,15:00:43,375.0,50,75600
20240129,15:00:48,378.0,100,75600
20240129,15:00:54,381.0,50,75600
20240129,15:01:08,379.2,500,75600
20240129,15:01:09,381.8,150,75600
20240129,15:01:18,378.6,50,75600
20240129,15:01:40,369.45,150,75600
20240129,15:01:57,365.45,50,75600
20240129,15:02:13,360.0,50,75600
20240129,15:02:23,344.0,250,75600
20240129,15:02:24,341.4,200,75600
20240129,15:02:25,341.95,550,75600
20240129,15:02:39,354.55,50,75600
20240129,15:03:27,361.35,50,74750
20240129,15:03:59,370.15,250,74750
20240129,15:04:02,372.0,100,74750
20240129,15:04:08,369.85,150,74750
20240129,15:05:04,369.85,50,74750
20240129,15:05:55,361.2,100,74850
20240129,15:07:12,358.6,100,74850
20240129,15:07:17,354.8,250,74850
20240129,15:07:47,351.95,100,74850
20240129,15:07:57,349.3,250,74850
20240129,15:08:54,354.3,50,74850
20240129,15:09:05,349.35,250,74850
20240129,15:09:08,349.25,50,74650
20240129,15:09:26,350.1,100,74650
20240129,15:09:37,348.15,50,74650
20240129,15:10:03,347.25,1300,74650
20240129,15:10:04,343.65,100,74650
20240129,15:10:05,341.0,100,74650
20240129,15:10:07,338.4,600,74650
20240129,15:10:22,339.85,100,74650
20240129,15:10:26,340.85,50,74650
20240129,15:10:31,343.35,50,74650
20240129,15:10:57,347.95,100,74650
20240129,15:10:59,348.1,50,74650
20240129,15:11:03,351.95,50,74650
20240129,15:11:07,354.9,150,74650
20240129,15:11:09,354.8,100,74650
20240129,15:11:10,355.0,550,74650
20240129,15:11:12,352.35,100,74650
20240129,15:11:13,353.5,50,74650
20240129,15:11:31,352.4,50,74650
20240129,15:11:32,351.75,50,74650
20240129,15:11:35,350.3,50,74650
20240129,15:11:38,349.05,100,74650
20240129,15:12:10,352.5,150,73450
20240129,15:12:13,351.95,50,73450
20240129,15:12:17,351.05,50,73450
20240129,15:14:46,351.05,50,73450
20240129,15:15:00,353.65,150,73350
20240129,15:15:02,354.6,100,73350
20240129,15:15:03,350.6,100,73350
20240129,15:15:10,350.5,350,73350
20240129,15:15:15,350.85,50,73350
20240129,15:15:18,349.65,50,73350
20240129,15:15:39,351.3,450,73350
20240129,15:15:40,351.25,100,73350
20240129,15:15:41,351.15,350,73350
20240129,15:15:42,351.0,200,73350
20240129,15:15:55,347.6,50,73350
20240129,15:16:14,351.85,600,73350
20240129,15:16:18,351.55,100,73350
20240129,15:16:57,352.7,50,73350
20240129,15:17:03,355.0,100,73350
20240129,15:17:36,354.65,450,73350
20240129,15:17:40,352.75,50,73350
20240129,15:18:12,356.4,150,72300
20240129,15:18:22,355.4,150,72300
20240129,15:18:23,356.6,1000,72300
20240129,15:18:27,354.0,1000,72300
20240129,15:18:29,354.1,50,72300
20240129,15:18:34,351.0,150,72300
20240129,15:18:35,351.85,150,72300
20240129,15:18:36,352.1,50,72300
20240129,15:18:39,349.55,300,72300
20240129,15:18:41,350.1,150,72300
20240129,15:18:42,350.55,100,72300
20240129,15:18:43,350.95,150,72300
20240129,15:18:45,350.9,50,72300
20240129,15:18:58,348.6,200,72300
20240129,15:18:59,348.1,100,72300
20240129,15:19:00,348.0,900,72300
20240129,15:19:01,346.75,150,72300
20240129,15:19:04,345.35,300,72300
20240129,15:19:08,344.55,150,72300
20240129,15:19:13,345.95,100,72300
20240129,15:19:21,346.35,250,72300
20240129,15:19:22,347.1,50,72300
20240129,15:19:23,347.05,150,72300
20240129,15:19:24,346.4,250,72300
20240129,15:19:25,345.65,150,72300
20240129,15:19:26,345.3,150,72300
20240129,15:19:28,344.35,150,72300
20240129,15:19:30,343.8,200,72300
20240129,15:19:32,343.1,150,72300
20240129,15:19:33,342.9,150,72300
20240129,15:19:34,342.1,300,72300
20240129,15:19:35,341.95,400,72300
20240129,15:19:46,338.4,800,72300
20240129,15:19:49,340.75,450,72300
20240129,15:19:51,340.2,300,72300
20240129,15:19:59,339.6,150,72300
20240129,15:19:59,340.95,300,72300
20240129,15:20:00,340.85,150,72300
20240129,15:20:01,341.75,150,72300
20240129,15:20:02,340.1,850,72300
20240129,15:20:06,340.25,300,72300
20240129,15:20:31,338.85,100,72300
20240129,15:20:33,338.1,50,72300
20240129,15:20:41,338.0,100,72300
20240129,15:20:42,338.0,600,72300
20240129,15:20:44,336.0,50,72300
20240129,15:20:48,335.0,150,72300
20240129,15:20:56,333.9,250,72300
20240129,15:21:02,335.45,250,69050
20240129,15:21:09,335.55,50,69050
20240129,15:21:10,335.45,250,69050
20240129,15:21:14,334.05,500,69050
20240129,15:21:17,333.0,100,69050
20240129,15:21:18,331.95,50,69050
20240129,15:21:20,331.85,200,69050
20240129,15:21:23,331.65,500,69050
20240129,15:21:23,330.65,250,69050
20240129,15:21:24,330.65,150,69050
20240129,15:21:29,328.9,150,69050
20240129,15:21:32,328.9,250,69050
20240129,15:21:41,329.85,50,69050
20240129,15:21:41,329.95,50,69050
20240129,15:21:46,329.0,50,69050
20240129,15:22:09,325.0,750,69050
20240129,15:22:10,325.0,50,69050
20240129,15:22:12,325.55,450,69050
20240129,15:22:14,325.0,750,69050
20240129,15:22:17,323.85,300,69050
20240129,15:22:21,323.85,50,69050
20240129,15:22:30,324.7,50,69050
20240129,15:22:36,325.2,150,69050
20240129,15:22:41,324.5,150,69050
20240129,15:22:42,324.35,50,69050
20240129,15:22:51,322.95,500,69050
20240129,15:22:54,322.4,350,69050
20240129,15:22:55,320.85,250,69050
20240129,15:22:58,320.25,250,69050
20240129,15:23:03,320.2,50,69050
20240129,15:23:04,320.2,100,69050
20240129,15:23:10,319.75,150,69050
20240129,15:23:12,318.55,550,69050
20240129,15:23:27,316.8,50,69050
20240129,15:23:33,315.95,50,69050
20240129,15:23:37,314.5,150,69050
20240129,15:23:40,314.5,50,69050
20240129,15:23:45,314.95,200,69050
20240129,15:23:46,315.45,450,69050
20240129,15:23:52,316.5,500,69050
20240129,15:24:07,315.4,100,67700
20240129,15:24:08,315.05,100,67700
20240129,15:24:09,315.5,50,67700
20240129,15:24:12,315.95,100,67700
20240129,15:24:16,318.55,50,67700
20240129,15:24:31,319.8,250,67700
20240129,15:24:33,322.0,50,67700
20240129,15:24:36,322.0,50,67700
20240129,15:24:38,322.2,50,67700
20240129,15:24:46,320.5,50,67700
20240129,15:24:50,318.7,50,67700
20240129,15:25:08,318.25,50,67700
20240129,15:25:13,320.65,50,67700
20240129,15:25:15,319.55,450,67700
20240129,15:25:19,319.0,250,67700
20240129,15:25:21,319.65,250,67700
20240129,15:25:31,320.4,50,67700
20240129,15:25:36,320.6,50,67700
20240129,15:25:45,317.4,50,67700
20240129,15:25:51,318.75,50,67700
20240129,15:26:09,317.6,1150,67700
20240129,15:26:11,317.25,250,67700
20240129,15:26:13,318.1,100,67700
20240129,15:26:18,315.9,250,67700
20240129,15:26:36,314.25,1500,67700
20240129,15:26:37,314.25,200,67700
20240129,15:26:39,315.0,250,67700
20240129,15:27:06,315.0,350,66750
20240129,15:27:10,316.4,750,66750
20240129,15:27:12,315.8,50,66750
20240129,15:27:55,316.25,100,66750
20240129,15:28:02,316.8,100,66750
20240129,15:28:29,318.65,50,66750
20240129,15:28:29,317.95,100,66750
20240129,15:28:32,318.25,200,66750
20240129,15:28:34,318.7,500,66750
20240129,15:28:37,318.1,50,66750
20240129,15:28:42,316.2,50,66750
20240129,15:28:59,315.25,50,66750
20240129,15:29:04,314.65,150,66750
20240129,15:29:06,312.55,550,66750
20240129,15:29:35,312.25,100,66750
20240129,15:29:45,312.25,500,66750
20240129,15:29:50,312.0,50,66750
20240129,15:29:58,310.05,50,66750
20240130,09:15:02,279.3,1,66750
20240130,09:15:02,279.3,1000,66750
20240130,09:15:03,285.0,1550,66700
20240130,09:15:06,289.85,150,66700
20240130,09:15:07,290.0,100,66700
20240130,09:15:08,290.0,950,66700
20240130,09:15:09,289.6,100,66700
20240130,09:15:10,290.95,300,66700
20240130,09:15:12,290.95,550,66700
20240130,09:15:14,285.6,100,66700
20240130,09:15:16,280.7,350,66700
20240130,09:15:17,275.8,350,66700
20240130,09:15:18,272.9,400,66700
20240130,09:15:20,272.25,350,66700
20240130,09:15:21,271.4,2500,66700
20240130,09:15:25,275.65,100,66700
20240130,09:15:26,275.05,50,66700
20240130,09:15:28,285.15,550,66700
20240130,09:15:30,283.15,550,66700
20240130,09:15:31,283.3,50,66700
20240130,09:15:32,282.5,250,66700
20240130,09:15:33,283.2,100,66700
20240130,09:15:34,285.0,700,66700
20240130,09:15:36,281.25,50,66700
20240130,09:15:37,283.0,200,66700
20240130,09:15:38,284.75,350,66700
20240130,09:15:40,286.6,300,66700
20240130,09:15:42,286.65,250,66700
20240130,09:15:44,284.4,50,66700
20240130,09:15:45,284.1,50,66700
20240130,09:15:50,287.9,50,66700
20240130,09:15:54,288.3,150,66700
20240130,09:16:01,285.7,200,66700
20240130,09:16:02,284.45,750,66700
20240130,09:16:03,282.15,450,66700
20240130,09:16:06,281.95,50,66700
20240130,09:16:08,280.5,200,66700
20240130,09:16:10,281.55,300,66700
20240130,09:16:12,282.75,400,66700
20240130,09:16:13,284.4,100,66700
20240130,09:16:14,283.9,150,66700
20240130,09:16:15,284.8,400,66700
20240130,09:16:16,283.9,50,66700
20240130,09:16:17,284.3,350,66700
20240130,09:16:18,283.05,50,66700
20240130,09:16:19,283.0,50,66700
20240130,09:16:22,285.35,50,66700
20240130,09:16:23,285.85,50,66700
20240130,09:16:25,284.05,50,66700
20240130,09:16:26,285.3,400,66700
20240130,09:16:29,283.95,1250,66700
20240130,09:16:30,286.55,500,66700
20240130,09:16:41,286.6,1800,66700
20240130,09:16:42,286.75,100,66700
20240130,09:16:43,288.2,50,66700
20240130,09:16:45,286.75,50,66700
20240130,09:16:52,288.75,150,66700
20240130,09:16:56,288.5,50,66700
20240130,09:17:05,290.4,50,66700
20240130,09:17:07,294.25,500,66700
20240130,09:17:09,294.25,100,66700
20240130,09:17:10,293.1,100,66700
20240130,09:17:11,292.8,100,66700
20240130,09:17:12,293.0,50,66700
20240130,09:17:15,292.8,500,66500
20240130,09:17:19,291.05,50,66500
20240130,09:17:20,291.1,50,66500
20240130,09:17:22,292.4,50,66500
20240130,09:17:26,292.45,300,66500
20240130,09:17:27,291.95,50,66500
20240130,09:17:43,296.2,100,66500
20240130,09:17:44,295.05,250,66500
20240130,09:17:54,297.05,50,66500
20240130,09:18:01,297.05,50,66500
20240130,09:18:03,296.55,150,66500
20240130,09:18:06,297.8,450,66500
20240130,09:18:06,297.8,50,66500
20240130,09:18:10,300.1,100,66500
20240130,09:18:16,301.35,1750,66500
20240130,09:18:16,301.0,50,66500
20240130,09:18:17,302.0,1100,66500
20240130,09:18:19,301.0,150,66500
20240130,09:18:20,301.25,50,66500
20240130,09:18:26,296.3,450,66500
20240130,09:18:28,294.5,450,66500
20240130,09:18:30,293.25,200,66500
20240130,09:18:39,291.85,50,66500
20240130,09:18:41,290.7,50,66500
20240130,09:18:43,289.1,150,66500
20240130,09:18:44,289.85,50,66500
20240130,09:18:49,291.75,250,66500
20240130,09:18:51,291.8,50,66500
20240130,09:18:53,289.8,150,66500
20240130,09:18:56,288.8,50,66500
20240130,09:18:57,286.3,50,66500
20240130,09:19:02,286.0,50,66500
20240130,09:19:04,286.8,200,66500
20240130,09:19:06,292.2,150,66500
20240130,09:19:06,291.15,50,66500
20240130,09:19:12,292.1,100,66500
20240130,09:19:36,288.5,50,66500
20240130,09:19:40,288.3,50,66500
20240130,09:19:41,289.85,50,66500
20240130,09:19:41,289.65,50,66500
20240130,09:19:44,289.95,150,66500
20240130,09:19:45,290.3,50,66500
20240130,09:19:49,288.95,300,66500
20240130,09:19:50,289.5,50,66500
20240130,09:19:52,288.9,100,66500
20240130,09:19:53,286.85,200,66500
20240130,09:19:56,289.5,50,66500
20240130,09:19:57,285.25,150,66500
