date,time,tick_price,volume,open_interest
20240116,09:51:11,31.45,200,2150
20240116,09:51:31,30.9,250,2150
20240116,09:51:41,29.85,1000,2150
20240116,09:51:50,29.45,350,2150
20240116,09:52:18,30.25,50,2150
20240116,09:52:27,29.25,400,2150
20240116,09:53:06,29.25,100,2150
20240116,09:53:44,30.35,50,2150
20240116,09:54:37,30.15,100,2150
20240116,09:55:59,30.0,50,2150
20240116,09:58:33,30.0,50,2200
20240116,10:02:05,29.75,50,2250
20240116,10:02:14,29.95,550,2250
20240116,10:02:42,29.95,500,2250
20240116,10:02:51,30.45,50,2250
20240116,10:03:10,30.4,150,2500
20240116,10:03:50,30.85,50,2500
20240116,10:04:11,31.0,50,2500
20240116,10:05:40,30.4,100,2500
20240116,10:09:03,30.25,100,2700
20240116,10:12:48,30.5,50,2750
20240116,10:13:05,30.25,150,2750
20240116,10:13:58,30.35,50,2750
20240116,10:14:25,30.55,100,2750
20240116,10:14:34,30.35,50,2750
20240116,10:14:43,30.35,50,2750
20240116,10:16:50,30.5,50,3150
20240116,10:19:28,30.45,650,3200
20240116,10:19:37,30.45,350,3200
20240116,10:19:46,30.55,700,3200
20240116,10:19:55,30.6,600,3200
20240116,10:20:12,31.0,3850,3200
20240116,10:20:21,30.8,100,3200
20240116,10:20:30,30.85,50,3200
20240116,10:20:39,31.05,450,3200
20240116,10:21:23,31.05,50,8900
20240116,10:21:59,31.55,1800,8900
20240116,10:22:43,30.7,3000,8900
20240116,10:23:18,30.9,100,8900
20240116,10:23:27,30.8,100,8900
20240116,10:24:23,30.3,250,12700
20240116,10:24:33,30.3,250,12700
20240116,10:25:01,30.05,100,12700
20240116,10:25:18,29.8,100,12700
20240116,10:25:35,29.75,150,12700
20240116,10:26:11,29.95,50,12700
20240116,10:27:11,29.8,100,13350
20240116,10:27:20,29.8,50,13350
20240116,10:27:53,29.9,50,13350
20240116,10:28:59,29.95,300,13350
20240116,10:31:03,30.2,50,13500
20240116,10:32:09,30.2,150,13500
20240116,10:32:17,30.25,150,13500
20240116,10:32:50,30.0,600,13500
20240116,10:33:30,30.0,300,13350
20240116,10:33:39,30.0,50,13350
20240116,10:34:15,29.95,50,13350
20240116,10:34:26,29.9,50,13350
20240116,10:35:02,30.25,50,13350
20240116,10:36:02,30.45,50,13500
20240116,10:37:15,29.95,500,13500
20240116,10:38:10,30.05,150,13500
20240116,10:38:28,30.0,150,13500
20240116,10:39:03,30.15,50,13850
20240116,10:40:05,30.15,500,13850
20240116,10:40:35,30.35,50,13850
20240116,10:40:55,30.2,150,13850
20240116,10:41:15,29.95,100,13850
20240116,10:41:33,30.0,100,13850
20240116,10:42:10,29.9,50,14150
20240116,10:42:19,30.0,50,14150
20240116,10:42:28,30.4,50,14150
20240116,10:43:47,30.9,500,14150
20240116,10:44:14,30.4,50,14150
20240116,10:47:15,31.35,1800,14350
20240116,10:48:34,31.2,50,16050
20240116,10:49:00,30.8,250,16050
20240116,10:50:16,30.8,50,16050
20240116,10:53:50,30.75,100,16200
20240116,10:53:59,30.75,100,16200
20240116,10:54:08,30.75,100,16200
20240116,10:54:51,30.85,50,16200
20240116,10:55:59,30.9,150,16200
20240116,10:56:51,30.85,100,16200
20240116,10:58:54,31.4,750,15950
20240116,11:00:24,30.55,50,16700
20240116,11:00:32,30.6,300,16700
20240116,11:01:06,30.55,50,16700
20240116,11:01:38,30.55,1800,16700
20240116,11:01:46,30.45,350,16700
20240116,11:01:55,30.3,750,16700
20240116,11:02:10,30.35,150,16700
20240116,11:02:19,30.4,500,16700
20240116,11:03:24,30.25,700,18950
20240116,11:03:39,30.2,400,18950
20240116,11:03:47,30.2,500,18950
20240116,11:03:55,30.2,250,18950
20240116,11:04:36,30.4,50,18950
20240116,11:06:53,30.5,50,20600
20240116,11:07:24,30.55,50,20600
20240116,11:09:14,30.4,100,20650
20240116,11:09:22,30.4,50,20650
20240116,11:12:53,30.9,50,20650
20240116,11:14:08,30.5,50,20650
20240116,11:15:06,30.45,150,20600
20240116,11:18:26,30.2,50,20700
20240116,11:19:23,30.25,50,20700
20240116,11:19:33,30.0,50,20700
20240116,11:20:40,30.0,50,20700
20240116,11:21:22,30.0,100,20700
20240116,11:21:42,29.9,100,20700
20240116,11:26:11,29.9,500,20900
20240116,11:26:29,29.75,50,20900
20240116,11:27:00,29.7,50,20900
20240116,11:31:54,29.2,300,21450
20240116,11:38:45,29.2,150,21550
20240116,11:40:42,30.45,1050,21450
20240116,11:40:57,30.65,250,21450
20240116,11:41:05,30.9,1300,21450
20240116,11:42:10,30.5,100,23800
20240116,11:42:40,30.5,100,23800
20240116,11:43:00,30.1,200,23800
20240116,11:43:10,30.2,100,23800
20240116,11:43:30,30.2,50,23800
20240116,11:46:27,29.7,50,23550
20240116,11:46:53,29.3,150,23550
20240116,11:47:02,29.25,300,23550
20240116,11:47:48,29.25,500,23550
20240116,11:51:49,29.9,150,23300
20240116,11:51:55,30.05,150,23300
20240116,11:52:02,29.95,1900,23300
20240116,11:52:50,29.75,50,23300
20240116,11:53:28,29.7,100,23300
20240116,11:53:36,29.75,50,23300
20240116,11:53:44,29.85,50,23300
20240116,11:54:14,29.9,50,24450
20240116,11:54:30,29.85,100,24450
20240116,11:54:45,29.6,50,24450
20240116,11:55:00,29.55,50,24450
20240116,11:56:18,29.7,50,24450
20240116,11:56:26,29.5,200,24450
20240116,11:56:34,29.45,50,24450
20240116,11:57:13,29.65,50,24700
20240116,11:57:21,29.8,100,24700
20240116,11:57:37,29.75,50,24700
20240116,11:57:53,29.8,50,24700
20240116,11:58:09,29.8,350,24700
20240116,11:58:55,30.15,200,24700
20240116,11:59:32,30.0,100,24700
20240116,11:59:41,29.95,50,24700
20240116,12:00:18,29.75,100,24800
20240116,12:00:27,29.8,50,24800
20240116,12:01:01,29.7,50,24800
20240116,12:08:53,28.8,50,24800
20240116,12:14:59,28.8,50,24800
20240116,12:15:07,29.5,50,24750
20240116,12:16:03,29.4,50,24750
20240116,12:17:01,29.5,100,24750
20240116,12:17:39,29.45,50,24750
20240116,12:18:18,29.45,50,24650
20240116,12:25:09,29.6,50,24600
20240116,12:26:12,29.45,50,24600
20240116,12:26:29,29.45,50,24600
20240116,12:28:11,29.55,100,24600
20240116,12:35:39,29.55,50,24600
20240116,12:40:55,29.35,50,24650
20240116,12:44:05,29.0,200,24650
20240116,12:46:07,29.35,50,24650
20240116,12:46:30,29.35,100,24650
20240116,12:47:55,29.0,100,24650
20240116,12:51:19,28.5,300,24650
20240116,12:53:03,28.5,100,24650
20240116,12:54:03,29.25,150,24650
20240116,12:54:20,29.1,150,24650
20240116,12:54:53,29.4,50,24650
20240116,12:55:10,29.35,100,24650
20240116,12:57:15,29.4,100,24600
20240116,12:57:30,29.35,200,24600
20240116,12:57:39,29.25,50,24600
20240116,12:57:47,29.3,50,24600
20240116,12:58:21,29.15,100,24600
20240116,12:59:24,29.4,100,24600
20240116,13:03:54,28.7,100,24850
20240116,13:04:56,28.45,50,24850
20240116,13:05:29,28.4,100,24850
20240116,13:09:02,28.2,50,24950
20240116,13:12:42,28.05,350,25000
20240116,13:13:26,27.35,50,25000
20240116,13:13:38,27.15,50,25000
20240116,13:13:49,27.15,50,25000
20240116,13:14:09,26.9,50,25000
20240116,13:14:20,26.8,50,25000
20240116,13:14:59,26.8,50,25000
20240116,13:17:07,27.55,100,25250
20240116,13:18:28,27.3,50,25200
20240116,13:19:22,27.45,50,25200
20240116,13:19:49,27.3,250,25200
20240116,13:20:07,27.0,250,25200
20240116,13:22:11,27.25,50,25550
20240116,13:22:20,27.3,100,25550
20240116,13:30:47,27.45,50,25650
20240116,13:35:05,25.7,50,25700
20240116,13:35:49,25.0,1650,25700
20240116,13:36:35,24.75,50,26700
20240116,13:37:50,24.75,50,26700
20240116,13:38:43,24.75,100,26700
20240116,13:38:53,24.75,50,26700
20240116,13:40:26,25.4,350,26650
20240116,13:41:06,25.65,50,26650
20240116,13:45:41,26.3,600,27000
20240116,13:45:59,26.65,50,27000
20240116,13:47:06,27.75,50,27000
20240116,13:47:45,27.6,100,27000
20240116,13:49:32,27.6,250,27050
20240116,13:49:51,27.6,250,27050
20240116,13:51:33,26.0,200,27300
20240116,13:53:01,27.05,50,27300
20240116,13:53:20,26.95,50,27300
20240116,13:54:06,26.75,50,27300
20240116,13:54:32,26.8,200,27400
20240116,13:56:55,27.1,150,27400
20240116,13:57:51,27.05,100,27650
20240116,13:59:11,27.6,100,27650
20240116,13:59:39,27.15,100,27650
20240116,14:02:06,27.45,50,27800
20240116,14:02:25,27.15,50,27800
20240116,14:02:43,27.1,50,27800
20240116,14:03:30,27.15,50,27850
20240116,14:05:24,27.0,300,27850
20240116,14:07:06,26.65,50,27900
20240116,14:07:25,26.65,50,27900
20240116,14:11:35,27.55,100,27950
20240116,14:11:43,27.55,50,27950
20240116,14:12:00,27.5,50,27950
20240116,14:12:08,27.45,50,27950
20240116,14:13:13,27.9,150,27950
20240116,14:13:45,28.2,550,27950
20240116,14:13:56,28.0,250,27950
20240116,14:14:06,28.0,50,27950
20240116,14:19:51,27.9,50,28250
20240116,14:30:01,27.3,50,28250
20240116,14:30:10,27.35,100,28250
20240116,14:30:19,27.35,50,28250
20240116,14:30:29,27.35,50,28250
20240116,14:32:16,27.5,200,28350
20240116,14:35:25,27.2,100,28550
20240116,14:36:07,26.6,100,28550
20240116,14:36:17,26.55,200,28550
20240116,14:36:29,26.3,250,28400
20240116,14:36:40,26.15,50,28400
20240116,14:37:02,25.7,150,28400
20240116,14:37:23,25.75,50,28400
20240116,14:44:09,27.25,50,28350
20240116,14:46:32,27.2,100,28350
20240116,14:46:42,27.5,350,28350
20240116,14:46:51,27.5,100,28350
20240116,14:47:00,27.5,250,28350
20240116,14:48:19,27.35,50,28350
20240116,14:49:05,27.5,50,29000
20240116,14:56:58,26.75,150,29050
20240116,14:59:02,27.4,50,29000
20240116,14:59:39,27.45,100,29000
20240116,15:00:07,27.4,200,29000
20240116,15:01:12,27.1,150,29150
20240116,15:01:48,27.1,200,29150
20240116,15:02:07,27.25,50,29150
20240116,15:03:28,27.35,50,29150
20240116,15:04:23,27.45,200,29200
20240116,15:04:59,27.35,50,29200
20240116,15:05:07,27.35,250,29200
20240116,15:05:16,27.3,250,29200
20240116,15:05:48,27.3,100,29200
20240116,15:06:06,27.4,250,29200
20240116,15:06:24,27.4,650,29200
20240116,15:06:42,27.5,200,30350
20240116,15:06:51,27.3,450,30350
20240116,15:08:54,27.1,50,30350
20240116,15:09:30,27.1,200,30350
20240116,15:09:48,27.0,600,30800
20240116,15:09:57,27.0,400,30800
20240116,15:10:53,27.0,350,30800
20240116,15:12:12,27.0,250,30800
20240116,15:13:06,26.9,150,31800
20240116,15:13:33,26.9,350,31800
20240116,15:14:00,26.9,500,31800
20240116,15:14:09,26.8,350,31800
20240116,15:14:52,26.85,950,31800
20240116,15:15:18,26.85,50,31800
20240116,15:15:28,26.8,250,31800
20240116,15:15:37,27.0,200,33250
20240116,15:15:47,27.1,150,33250
20240116,15:17:21,26.65,50,33250
20240116,15:17:59,26.45,500,33250
20240116,15:18:09,26.4,50,33250
20240116,15:18:18,26.4,500,33250
20240116,15:19:13,26.3,750,34300
20240116,15:20:16,26.65,200,34300
20240116,15:20:25,26.55,150,34300
20240116,15:20:33,26.55,50,34300
20240116,15:24:40,26.8,400,35200
20240116,15:25:15,26.8,450,35200
20240116,15:25:40,26.8,50,35200
20240116,15:27:34,26.85,150,35200
20240116,15:27:51,26.75,300,35250
20240116,15:28:00,26.75,200,35250
20240116,15:29:12,27.05,50,35250
20240116,15:29:38,26.65,50,35250
20240116,15:29:50,27.05,1000,35250
20240117,09:17:41,26.75,1,34800
20240117,09:17:41,26.75,100,34800
20240117,09:19:32,22.35,650,34900
20240117,09:20:14,17.05,50,34900
20240117,09:30:03,17.05,150,34800
20240117,09:30:19,22.25,150,34800
20240117,09:31:22,22.2,50,34800
20240117,09:34:05,22.0,700,34850
20240117,09:34:13,22.0,400,34850
20240117,09:34:23,22.75,100,34850
20240117,09:35:13,23.0,50,34850
20240117,09:36:49,23.6,1800,34300
20240117,09:37:35,23.45,200,34300
20240117,09:37:43,23.7,100,34300
20240117,09:38:00,23.7,50,34300
20240117,09:38:08,23.8,50,34300
20240117,09:38:16,23.55,50,34300
20240117,09:38:32,23.55,50,34300
20240117,09:38:55,23.5,50,34950
20240117,09:39:03,23.6,250,34950
20240117,09:39:11,23.7,400,34950
20240117,09:39:18,23.7,50,34950
20240117,09:39:28,23.5,400,34950
20240117,09:39:37,23.75,150,34950
20240117,09:41:39,23.75,200,34950
20240117,09:41:47,23.8,100,34950
20240117,09:44:16,24.25,50,35950
20240117,09:45:30,23.55,100,36000
20240117,09:47:36,24.0,150,36000
20240117,09:47:54,23.8,200,36000
20240117,09:48:13,23.85,50,35850
20240117,09:48:30,23.7,350,35850
20240117,09:50:07,23.55,50,35850
20240117,09:52:13,23.15,100,35900
20240117,09:53:31,23.2,100,35900
20240117,09:53:40,23.55,100,35900
20240117,09:54:39,23.4,50,35800
20240117,09:54:55,23.25,50,35800
20240117,09:56:49,22.6,150,35800
20240117,09:59:01,23.4,150,35800
20240117,09:59:11,22.1,250,35800
20240117,09:59:27,22.3,100,35800
20240117,10:07:34,22.0,50,35700
20240117,10:12:53,22.1,500,35750
20240117,10:13:01,21.95,50,35750
20240117,10:14:18,21.95,50,35750
20240117,10:15:12,22.75,50,35900
20240117,10:26:36,22.45,50,35950
20240117,10:32:55,22.45,100,36000
20240117,10:33:41,22.5,100,36000
20240117,10:34:10,22.0,50,36000
20240117,10:50:13,21.5,50,36050
20240117,10:50:22,21.5,200,36050
20240117,10:53:17,21.5,50,36100
20240117,10:55:24,22.15,1700,36100
20240117,10:55:33,22.1,550,36100
20240117,11:00:50,21.85,50,36450
20240117,11:01:41,21.9,50,36450
20240117,11:04:40,22.15,50,36550
20240117,11:10:31,22.8,950,36550
20240117,11:16:25,22.4,50,35700
20240117,11:21:10,23.0,250,35700
20240117,11:21:40,23.0,100,35700
20240117,11:23:22,23.0,250,35700
20240117,11:29:55,22.05,50,35900
20240117,11:32:26,22.35,50,35900
20240117,11:37:11,22.1,100,35950
20240117,11:38:10,22.2,50,35950
20240117,11:38:28,21.8,150,35950
20240117,11:38:40,21.8,100,35950
20240117,11:41:25,21.8,100,35750
20240117,11:43:32,21.6,50,35750
20240117,11:44:17,22.0,150,35750
20240117,11:45:43,22.55,50,35850
20240117,11:46:22,22.8,50,35850
20240117,11:46:48,22.75,250,35850
20240117,11:46:57,22.45,100,35850
20240117,11:47:07,22.35,50,35850
20240117,11:47:17,21.95,350,35850
20240117,11:47:27,22.0,50,35850
20240117,11:47:45,22.0,950,35850
20240117,11:52:31,22.2,450,36350
20240117,11:53:38,23.2,250,36350
20240117,11:53:48,23.3,50,36350
20240117,11:56:18,22.95,50,36450
20240117,12:01:50,23.0,50,36500
20240117,12:02:28,22.85,50,36500
20240117,12:03:00,22.65,100,36500
20240117,12:05:50,23.05,50,36500
20240117,12:06:01,23.15,50,36500
20240117,12:06:13,23.25,100,36500
20240117,12:06:25,23.25,150,36500
20240117,12:06:36,23.3,100,36500
20240117,12:07:06,23.5,150,36500
20240117,12:08:12,22.85,50,36500
20240117,12:08:22,22.8,50,36500
20240117,12:12:24,22.6,50,36700
20240117,12:19:26,23.65,50,36750
20240117,12:20:24,23.1,50,36750
20240117,12:35:06,23.5,50,36750
20240117,12:38:05,23.0,50,36800
20240117,12:41:36,23.0,400,36800
20240117,12:43:59,23.15,400,37000
20240117,12:48:01,23.15,50,36800
20240117,12:50:56,23.85,700,36800
20240117,12:51:31,23.5,450,37300
20240117,12:53:07,23.15,50,37300
20240117,13:00:32,23.0,50,37750
20240117,13:01:18,23.05,450,37750
20240117,13:04:13,22.85,1450,37950
20240117,13:07:23,22.95,100,37950
20240117,13:10:57,23.0,50,37950
20240117,13:11:26,23.1,300,37950
20240117,13:11:35,23.05,150,37950
20240117,13:11:54,23.1,400,37950
20240117,13:12:04,23.1,1000,37950
20240117,13:12:14,23.25,100,37950
20240117,13:12:23,23.3,150,36300
20240117,13:12:33,23.3,200,36300
20240117,13:12:54,23.35,550,36300
20240117,13:13:04,23.15,550,36300
20240117,13:13:23,23.3,100,36300
20240117,13:14:31,22.95,100,36300
20240117,13:17:09,23.0,50,36300
20240117,13:17:18,23.1,50,36300
20240117,13:24:26,23.5,50,36300
20240117,13:29:05,23.6,50,36300
20240117,13:29:23,23.45,50,36300
20240117,13:30:28,23.35,50,36350
20240117,13:30:47,23.45,250,36350
20240117,13:33:11,23.45,50,36350
20240117,13:35:47,23.35,200,36650
20240117,13:37:41,23.3,550,36600
20240117,13:38:01,23.2,150,36600
20240117,13:38:24,23.45,300,36600
20240117,13:40:02,23.45,50,36800
20240117,13:42:01,23.4,50,36800
20240117,13:45:35,23.5,200,36800
20240117,13:47:35,23.9,100,36800
20240117,13:48:38,24.05,50,36900
20240117,13:51:41,24.2,450,36950
20240117,13:52:10,24.1,50,36950
20240117,13:52:57,24.2,50,36950
20240117,13:54:12,24.1,50,36950
20240117,13:58:21,24.15,50,37200
20240117,14:06:14,24.35,100,37250
20240117,14:08:05,24.0,100,37250
20240117,14:11:07,23.6,50,37350
20240117,14:16:56,23.75,100,37350
20240117,14:17:13,23.7,500,37350
20240117,14:17:42,23.3,50,37350
20240117,14:18:42,23.05,100,37950
20240117,14:21:49,23.05,200,37850
20240117,14:25:46,22.9,200,37850
20240117,14:28:13,22.9,400,38050
20240117,14:32:39,22.2,100,38450
20240117,14:36:24,22.55,50,38350
20240117,14:41:33,22.45,400,38350
20240117,14:41:45,22.4,100,38350
20240117,14:42:32,22.45,250,38350
20240117,14:46:53,22.2,1150,39000
20240117,14:47:52,22.2,400,39000
20240117,14:49:35,22.4,200,39050
20240117,14:50:07,22.2,300,39050
20240117,14:51:08,22.5,50,39050
20240117,14:51:18,22.5,550,39050
20240117,14:51:27,22.5,50,39050
20240117,14:51:48,22.5,100,39600
20240117,14:51:57,22.5,100,39600
20240117,14:52:07,22.45,50,39600
20240117,14:52:25,22.45,50,39600
20240117,14:52:34,22.45,50,39600
20240117,14:52:43,22.45,50,39600
20240117,14:53:01,22.3,1000,39600
20240117,14:53:57,22.3,500,39600
20240117,14:54:06,22.3,1050,39600
20240117,15:00:14,22.25,50,39650
20240117,15:00:25,22.2,50,39650
20240117,15:02:02,22.25,50,39650
20240117,15:02:37,22.25,250,39650
20240117,15:04:21,22.25,150,39750
20240117,15:06:39,22.45,50,39900
20240117,15:11:55,22.45,50,39950
20240117,15:12:05,22.5,200,39950
20240117,15:13:07,22.5,350,40000
20240117,15:14:27,22.55,300,40000
20240117,15:20:07,21.95,300,40650
20240117,15:20:18,22.0,1300,40650
20240117,15:20:28,21.95,50,40650
20240117,15:20:37,21.9,50,40650
20240117,15:20:46,21.7,400,40650
20240117,15:21:43,22.0,50,40650
20240117,15:22:09,21.95,50,40650
20240117,15:22:28,22.0,150,40650
20240117,15:22:58,22.0,200,40650
20240117,15:26:31,21.6,50,41050
20240117,15:26:59,21.6,50,41050
20240117,15:28:10,21.2,100,41050
20240117,15:28:37,21.6,100,41050
20240117,15:29:21,21.6,100,41050
20240118,09:16:49,20.0,1,41050
20240118,09:16:49,20.0,750,41050
20240118,09:17:09,17.65,500,41050
20240118,09:17:27,18.4,150,41050
20240118,09:21:28,18.4,200,41050
20240118,09:23:31,19.75,50,41050
20240118,09:23:42,19.2,50,41050
20240118,09:25:35,19.2,300,40900
20240118,09:26:38,19.2,50,40900
20240118,09:28:56,19.0,400,40950
20240118,09:29:05,19.0,100,40950
20240118,09:29:16,19.0,50,40950
20240118,09:29:35,18.75,350,40950
20240118,09:29:44,18.75,50,40400
20240118,09:30:22,18.75,50,40400
20240118,09:30:32,18.4,250,40400
20240118,09:31:12,18.5,500,40400
20240118,09:31:22,18.5,400,40400
20240118,09:31:45,18.85,100,40400
20240118,09:32:05,18.95,400,40400
20240118,09:32:58,18.6,150,41050
20240118,09:33:08,18.15,100,41050
20240118,09:34:42,18.8,500,41050
20240118,09:34:51,18.85,250,41050
20240118,09:39:31,18.45,200,40650
20240118,09:40:12,18.45,150,40650
20240118,09:41:25,18.75,50,40650
20240118,09:42:37,18.35,50,40350
20240118,09:43:57,18.4,50,40350
20240118,09:44:27,18.35,50,40350
20240118,09:44:37,18.15,50,40350
20240118,09:45:06,18.2,500,40250
20240118,09:46:42,18.1,50,40250
20240118,09:46:53,18.05,300,40250
20240118,09:47:05,18.0,1350,40250
20240118,09:47:17,18.0,450,40250
20240118,09:47:28,18.0,50,40250
20240118,09:47:40,17.85,100,40250
20240118,09:48:02,17.95,250,40950
20240118,09:48:23,18.0,1300,40950
20240118,09:48:58,18.25,50,40950
20240118,09:49:21,18.2,100,40950
20240118,09:50:00,18.05,50,40950
20240118,09:50:10,18.15,100,40950
20240118,09:50:53,17.7,50,40600
20240118,09:51:27,17.65,250,40600
20240118,09:51:38,17.7,50,40600
20240118,09:51:58,17.65,550,40600
20240118,09:52:08,17.65,350,40600
20240118,09:54:50,17.2,200,40800
20240118,09:55:33,17.2,500,40800
20240118,09:57:02,17.55,300,40950
20240118,09:57:49,17.55,50,40950
20240118,09:59:27,17.55,250,40950
20240118,09:59:47,17.7,100,40400
20240118,10:00:07,17.95,150,40400
20240118,10:00:17,17.9,150,40400
20240118,10:00:28,17.7,50,40400
20240118,10:00:59,17.7,50,40400
20240118,10:01:23,17.9,50,40400
20240118,10:01:44,17.5,50,40400
20240118,10:03:37,17.7,50,40050
20240118,10:06:29,18.4,50,40050
20240118,10:10:29,17.0,850,40100
20240118,10:10:53,16.95,200,40100
20240118,10:11:37,16.45,100,40100
20240118,10:11:49,16.45,200,40900
20240118,10:12:00,17.1,350,40900
20240118,10:12:22,16.95,350,40900
20240118,10:12:54,17.0,450,40900
20240118,10:13:05,17.0,50,40900
20240118,10:13:15,17.2,250,40900
20240118,10:13:25,17.2,200,40900
20240118,10:14:07,17.1,300,40900
20240118,10:15:08,17.75,300,39900
20240118,10:17:17,17.45,300,39900
20240118,10:17:47,17.35,300,39900
20240118,10:17:57,17.15,50,39500
20240118,10:18:18,17.1,50,39500
20240118,10:18:28,17.05,350,39500
20240118,10:19:27,17.05,50,39500
20240118,10:19:56,17.1,50,39500
20240118,10:20:06,17.1,50,39500
20240118,10:21:08,17.15,50,39150
20240118,10:21:19,17.25,250,39150
20240118,10:22:01,17.2,300,39150
20240118,10:22:12,17.2,300,39150
20240118,10:23:46,17.2,1000,39150
20240118,10:24:49,17.0,50,38600
20240118,10:25:40,15.75,750,38600
20240118,10:26:12,16.05,50,38600
20240118,10:26:23,15.85,200,38600
20240118,10:26:45,15.8,150,38600
20240118,10:27:08,15.8,100,39150
20240118,10:27:18,15.7,50,39150
20240118,10:27:29,15.6,650,39150
20240118,10:27:40,15.6,100,39150
20240118,10:27:50,15.6,100,39150
20240118,10:28:10,15.5,1050,39150
20240118,10:29:02,15.5,100,39150
20240118,10:29:13,15.75,50,39150
20240118,10:29:44,15.75,50,39150
20240118,10:29:55,15.75,50,39900
20240118,10:30:05,15.75,50,39900
20240118,10:30:25,15.7,50,39900
20240118,10:30:46,15.75,50,39900
20240118,10:31:38,15.5,50,39900
20240118,10:34:53,15.7,50,40050
20240118,10:35:15,15.55,500,40050
20240118,10:35:25,15.55,250,40050
20240118,10:39:44,16.0,500,39800
20240118,10:41:40,16.7,50,39800
20240118,10:43:41,16.4,100,39850
20240118,10:45:22,16.75,1000,39850
20240118,10:46:36,16.8,1250,39850
20240118,10:46:57,16.8,1000,39850
20240118,10:47:08,17.05,50,39850
20240118,10:48:12,17.15,550,40750
20240118,10:48:24,16.85,200,40750
20240118,10:48:36,17.1,500,40750
20240118,10:48:47,17.0,50,40750
20240118,10:49:11,17.05,50,40750
20240118,10:49:22,16.9,100,40750
20240118,10:49:33,16.9,50,40750
20240118,10:49:55,17.0,100,40750
20240118,10:50:48,17.0,300,40750
20240118,10:51:10,17.15,50,40850
20240118,10:51:34,17.15,50,40850
20240118,10:51:47,17.3,1000,40850
20240118,10:52:00,17.15,50,40850
20240118,10:52:13,17.15,250,40850
20240118,10:53:27,17.0,150,40850
20240118,10:53:47,16.95,650,40850
20240118,10:53:57,16.8,50,40450
20240118,10:59:34,16.75,100,40400
20240118,11:02:21,16.55,50,40400
20240118,11:04:12,16.9,350,40350
20240118,11:05:12,17.1,50,40350
20240118,11:05:51,17.4,1650,40350
20240118,11:06:01,17.45,250,39300
20240118,11:06:11,17.75,3250,39300
20240118,11:06:22,17.75,350,39300
20240118,11:08:05,17.7,250,39300
20240118,11:08:46,17.75,50,39300
20240118,11:09:19,18.25,350,39500
20240118,11:09:32,17.5,550,39500
20240118,11:09:45,17.75,50,39500
20240118,11:09:57,17.75,50,39500
20240118,11:10:21,17.7,50,39500
20240118,11:10:32,17.6,150,39500
20240118,11:10:43,17.55,50,39500
20240118,11:10:53,17.4,50,39500
20240118,11:11:14,17.5,150,39500
20240118,11:11:24,17.8,550,39500
20240118,11:12:38,17.5,100,39950
20240118,11:12:49,17.5,900,39950
20240118,11:18:13,17.5,200,40400
20240118,11:23:35,17.6,250,40600
20240118,11:27:36,17.4,250,40800
20240118,11:36:59,17.3,50,40600
20240118,11:40:28,17.1,50,40600
20240118,11:43:42,16.75,50,40600
20240118,11:43:52,16.75,50,40600
20240118,11:44:02,16.8,100,40600
20240118,11:44:11,16.8,100,40600
20240118,11:44:21,16.8,50,40600
20240118,11:44:31,16.8,200,40600
20240118,11:44:41,16.8,50,40600
20240118,11:44:51,16.8,50,40600
20240118,11:45:00,16.75,100,40600
20240118,11:45:10,16.75,100,40900
20240118,11:45:48,17.0,50,40900
20240118,11:46:37,17.0,100,40900
20240118,11:47:15,16.9,50,40900
20240118,11:47:24,16.9,50,40900
20240118,11:47:34,16.85,150,40900
20240118,11:47:43,16.8,50,40900
20240118,11:47:52,16.8,200,40900
20240118,11:52:16,16.8,100,40950
20240118,11:53:20,17.35,50,40950
20240118,11:53:40,17.35,50,40950
20240118,11:54:10,17.5,150,40850
20240118,11:54:50,17.25,50,40850
20240118,11:55:48,17.2,50,40850
20240118,11:56:07,17.0,200,40850
20240118,11:57:04,17.55,50,40850
20240118,11:57:47,17.5,100,41100
20240118,11:58:32,17.5,100,41100
20240118,12:00:34,17.7,150,41000
20240118,12:01:05,17.75,50,41000
20240118,12:01:49,18.0,500,41000
20240118,12:03:14,17.85,50,40550
20240118,12:05:51,17.9,50,40550
20240118,12:06:43,18.1,100,40600
20240118,12:07:49,18.45,50,40600
20240118,12:08:02,18.6,300,40600
20240118,12:08:15,18.65,450,40600
20240118,12:08:26,18.5,50,40600
20240118,12:09:38,18.3,100,40100
20240118,12:10:21,18.55,100,40100
20240118,12:15:00,18.5,550,40100
20240118,12:15:56,18.5,100,40100
20240118,12:24:05,19.2,50,40100
20240118,12:24:55,19.35,150,40100
20240118,12:25:17,19.6,600,40100
20240118,12:26:12,19.8,250,40100
20240118,12:27:38,19.9,100,40050
20240118,12:27:49,19.9,150,40050
20240118,12:28:11,19.9,1000,40050
20240118,12:28:34,19.9,200,40050
20240118,12:28:46,19.95,50,40050
20240118,12:28:56,19.85,200,40050
20240118,12:29:07,19.9,200,40050
20240118,12:29:18,19.75,200,40050
20240118,12:29:29,19.7,250,40050
20240118,12:30:03,19.6,50,40050
20240118,12:31:46,19.45,250,40000
20240118,12:31:57,19.4,250,40000
20240118,12:33:34,19.35,50,40050
20240118,12:33:57,19.4,100,40050
20240118,12:34:09,19.35,350,40050
20240118,12:34:33,19.4,50,40050
20240118,12:34:44,19.35,1150,40050
20240118,12:37:09,18.4,300,40700
20240118,12:37:20,18.35,50,40700
20240118,12:40:47,17.7,2500,40550
20240118,12:40:58,17.9,100,40550
20240118,12:41:19,17.9,1000,40550
20240118,12:41:40,17.75,50,40550
20240118,12:41:51,17.75,100,40550
20240118,12:42:47,17.7,50,40400
20240118,12:43:23,17.5,50,40400
20240118,12:43:34,17.6,100,40400
20240118,12:43:45,17.7,50,40400
20240118,12:43:56,17.65,200,40400
20240118,12:44:18,17.55,50,40400
20240118,12:44:32,17.55,50,40400
20240118,12:45:59,17.6,50,40100
20240118,12:46:21,18.1,250,40100
20240118,12:46:53,18.05,50,40100
20240118,12:47:14,18.05,50,40100
20240118,12:47:46,18.0,250,40100
20240118,12:49:15,18.0,300,40100
20240118,12:50:00,18.05,400,40100
20240118,12:53:03,18.1,50,39500
20240118,12:53:24,18.3,50,39500
20240118,12:53:46,18.4,150,39500
20240118,12:53:57,18.55,50,39500
20240118,12:54:20,18.5,200,39350
20240118,12:55:35,18.95,150,39350
20240118,12:55:46,18.75,50,39350
20240118,12:56:29,18.7,300,39350
20240118,12:58:14,18.7,250,38750
20240118,12:58:57,18.75,100,38750
20240118,12:59:40,18.7,100,38750
20240118,13:00:37,18.7,250,38450
20240118,13:04:36,18.95,50,38450
20240118,13:13:28,18.95,100,38500
20240118,13:21:15,18.85,100,38600
20240118,13:24:02,18.55,50,38600
20240118,13:40:56,18.9,50,38650
20240118,13:41:06,18.45,50,38650
20240118,13:42:20,18.45,100,38650
20240118,13:42:42,18.45,50,38650
20240118,13:48:53,18.4,50,38700
20240118,13:49:22,18.5,250,38700
20240118,13:49:52,18.5,200,38700
20240118,13:52:59,18.3,650,38750
20240118,13:53:09,18.3,50,38750
20240118,13:54:14,18.35,50,38750
20240118,13:54:58,18.4,200,38650
20240118,13:55:30,18.7,100,38650
20240118,13:57:26,18.65,50,38650
20240118,14:02:31,18.75,50,38500
20240118,14:03:12,19.0,50,38500
20240118,14:03:31,18.85,50,38500
20240118,14:04:09,18.65,50,38450
20240118,14:06:16,18.8,50,38450
20240118,14:12:35,19.2,50,38500
20240118,14:12:46,19.25,50,38500
20240118,14:15:27,19.2,50,38550
20240118,14:18:00,19.2,50,38550
20240118,14:19:11,19.0,300,38500
20240118,14:20:20,18.8,150,38500
20240118,14:20:41,18.8,600,38500
20240118,14:20:50,19.25,50,38500
20240118,14:23:15,19.0,50,38800
20240118,14:28:58,18.85,100,38850
20240118,14:41:05,18.6,450,38750
20240118,14:41:37,18.6,200,38750
20240118,14:42:35,18.15,300,38750
20240118,14:46:54,18.0,50,38550
20240118,14:48:17,18.0,300,38550
20240118,14:48:58,18.0,450,38600
20240118,14:49:08,18.0,150,38600
20240118,14:49:17,18.0,300,38600
20240118,14:49:27,18.0,50,38600
20240118,14:49:36,18.0,150,38600
20240118,14:52:22,18.25,50,38600
20240118,14:52:33,18.25,50,38600
20240118,14:56:40,18.2,200,38600
20240118,14:56:50,18.5,500,38600
20240118,14:57:32,18.3,100,38600
20240118,14:57:43,18.3,50,38600
20240118,14:57:53,18.1,50,38600
20240118,14:58:03,18.3,100,38600
20240118,14:58:24,18.3,50,38600
20240118,14:59:25,18.2,50,38600
20240118,15:00:36,18.2,50,38600
20240118,15:02:06,17.65,150,38600
20240118,15:02:36,17.35,150,38600
20240118,15:03:33,17.3,50,38600
20240118,15:04:50,16.95,250,38650
20240118,15:05:28,17.1,100,38650
20240118,15:08:18,17.05,50,38650
20240118,15:13:24,17.0,300,38650
20240118,15:13:35,16.95,250,38650
20240118,15:15:27,16.9,50,38650
20240118,15:18:29,16.4,50,38750
20240118,15:18:38,16.5,750,38750
20240118,15:18:47,16.45,100,38750
20240118,15:18:56,16.4,50,38750
20240118,15:19:06,16.35,250,38750
20240118,15:19:42,16.15,50,38750
20240118,15:20:44,16.2,50,38750
20240118,15:20:54,16.2,250,38750
20240118,15:22:19,16.15,50,39650
20240118,15:22:30,16.15,250,39650
20240118,15:23:38,16.15,400,39650
20240118,15:23:50,16.15,250,39650
20240118,15:24:02,16.15,50,39650
20240118,15:25:27,16.15,100,40600
20240118,15:25:49,16.2,100,40600
20240118,15:27:26,16.0,1750,40600
20240118,15:27:36,16.1,450,41900
20240118,15:27:46,16.05,50,41900
20240118,15:28:07,16.15,50,41900
20240118,15:28:17,16.15,100,41900
20240118,15:28:27,16.15,50,41900
20240118,15:28:47,16.15,100,41900
20240118,15:28:58,16.2,400,41900
20240118,15:29:40,16.15,50,41900
20240119,09:16:38,16.9,1,43050
20240119,09:16:38,16.9,100,43050
20240119,09:16:47,16.15,50,43050
20240119,09:17:10,16.15,50,43050
20240119,09:17:18,16.85,50,43050
20240119,09:17:25,16.85,50,43050
20240119,09:17:45,17.7,550,43150
20240119,09:18:01,17.15,50,43150
20240119,09:19:13,17.65,250,43150
20240119,09:20:15,16.85,450,43150
20240119,09:20:35,16.7,1800,43050
20240119,09:20:45,16.15,400,43050
20240119,09:22:33,15.05,150,43050
20240119,09:23:59,14.1,150,45150
20240119,09:24:09,13.85,350,45150
20240119,09:24:30,13.85,100,45150
20240119,09:24:39,14.0,100,45150
20240119,09:24:48,14.1,200,45150
20240119,09:25:08,14.1,200,45150
20240119,09:25:18,14.1,50,45150
20240119,09:26:36,14.85,50,45150
20240119,09:26:45,14.9,100,45150
20240119,09:27:05,14.95,50,45150
20240119,09:27:34,14.9,50,45150
20240119,09:34:07,14.65,100,45050
20240119,09:36:17,14.7,1450,45100
20240119,09:37:39,14.55,250,45100
20240119,09:38:38,14.7,100,45100
20240119,09:40:45,14.5,500,45750
20240119,09:41:16,14.45,250,45750
20240119,09:46:21,14.45,300,46400
20240119,09:50:03,14.35,50,46500
20240119,09:50:13,14.15,100,46500
20240119,09:57:17,14.3,300,46650
20240119,09:58:07,14.0,1250,46650
20240119,09:58:37,14.3,100,46650
20240119,10:02:44,14.75,50,47000
20240119,10:08:58,14.65,50,47000
20240119,10:09:17,14.65,50,47000
20240119,10:10:50,14.6,750,47000
20240119,10:11:11,14.65,200,47000
20240119,10:14:18,14.65,100,47000
20240119,10:14:46,14.65,50,46950
20240119,10:19:24,14.8,50,46950
20240119,10:21:53,14.7,200,46950
20240119,10:23:00,14.6,300,46950
20240119,10:23:09,14.9,50,46950
20240119,10:23:18,15.05,100,46950
20240119,10:23:47,15.1,100,46950
20240119,10:23:56,15.0,100,47600
20240119,10:24:28,15.05,300,47600
20240119,10:24:48,15.1,300,47600
20240119,10:26:31,14.65,50,47600
20240119,10:27:19,14.65,50,48200
20240119,10:28:56,14.9,100,48200
20240119,10:29:26,15.1,150,48200
20240119,10:29:35,15.1,200,48200
20240119,10:29:55,15.25,150,48150
20240119,10:30:07,15.25,100,48150
20240119,10:35:28,15.5,100,48150
20240119,10:35:46,15.45,100,48150
20240119,10:36:05,15.25,150,48150
20240119,10:36:24,15.2,250,48150
20240119,10:37:38,15.35,100,48150
20240119,10:38:44,15.1,50,48250
20240119,10:39:02,15.2,100,48250
20240119,10:40:32,14.9,150,48250
20240119,10:41:08,15.3,200,48250
20240119,10:41:17,15.2,200,48250
20240119,10:42:19,15.25,250,48400
20240119,10:42:54,15.15,200,48400
20240119,10:43:20,15.15,50,48400
20240119,10:44:12,15.15,100,48400
20240119,10:46:00,15.1,50,48500
20240119,10:47:34,15.1,200,48500
20240119,10:47:53,15.1,200,48700
20240119,10:48:30,15.05,50,48700
20240119,10:50:26,14.95,50,48700
20240119,10:56:34,15.1,50,48900
20240119,10:57:57,15.0,150,48950
20240119,10:58:08,15.1,850,48950
20240119,10:58:48,15.0,100,48950
20240119,11:01:05,15.0,50,49900
20240119,11:03:16,14.75,50,49900
20240119,11:04:58,14.95,100,49900
20240119,11:08:36,14.8,100,49900
20240119,11:10:06,14.55,100,49900
20240119,11:10:39,14.8,200,49900
20240119,11:11:00,15.0,200,49900
20240119,11:11:10,14.6,1000,49900
20240119,11:11:50,14.5,300,49900
20240119,11:12:51,14.5,500,50250
20240119,11:13:31,14.5,100,50250
20240119,11:14:48,14.4,550,50250
20240119,11:15:17,14.5,50,50600
20240119,11:15:37,14.75,50,50600
20240119,11:17:21,14.45,50,50600
20240119,11:18:29,14.4,50,50650
20240119,11:18:39,14.35,100,50650
20240119,11:18:48,14.35,50,50650
20240119,11:18:58,14.3,200,50650
20240119,11:22:16,14.75,200,50750
20240119,11:22:44,14.7,200,50750
20240119,11:25:39,14.65,200,50900
20240119,11:25:58,14.7,200,50900
20240119,11:26:57,14.65,200,51300
20240119,11:27:52,14.7,200,51300
20240119,11:28:11,14.7,500,51300
20240119,11:29:16,14.7,50,51300
20240119,11:38:43,14.7,100,52250
20240119,11:41:10,14.7,200,52250
20240119,11:41:20,14.7,200,52250
20240119,11:44:46,14.7,750,52550
20240119,11:45:07,14.7,400,53300
20240119,11:47:52,14.7,50,53300
20240119,11:50:06,14.4,50,53300
20240119,11:53:46,14.4,50,53350
20240119,12:05:20,14.5,200,53350
20240119,12:08:01,14.5,50,53550
20240119,12:08:28,14.45,100,53550
20240119,12:10:32,14.8,100,53500
20240119,12:10:41,14.85,50,53500
20240119,12:12:02,14.85,500,53450
20240119,12:13:26,14.6,150,53450
20240119,12:18:20,14.6,50,54000
20240119,12:22:26,14.35,50,54000
20240119,12:22:35,14.3,150,54000
20240119,12:23:40,14.3,50,54000
20240119,12:35:27,14.4,50,54050
20240119,12:35:35,14.45,50,54050
20240119,12:36:18,14.4,100,54000
20240119,12:37:40,14.35,50,54000
20240119,12:40:17,14.25,50,54000
20240119,12:57:18,14.7,50,54050
20240119,13:01:02,14.65,50,54000
20240119,13:03:13,14.85,50,54050
20240119,13:07:44,14.7,100,54000
20240119,13:09:43,14.55,50,54050
20240119,13:15:45,14.8,400,54050
20240119,13:16:11,14.7,50,54050
20240119,13:16:20,14.6,50,54050
20240119,13:16:28,14.6,50,54050
20240119,13:16:36,14.6,50,54050
20240119,13:16:44,14.6,50,54050
20240119,13:17:31,14.7,1000,54050
20240119,13:18:30,14.95,100,55300
20240119,13:18:38,15.0,100,55300
20240119,13:19:22,15.0,100,55300
20240119,13:21:26,15.0,200,55450
20240119,13:21:43,15.0,200,55450
20240119,13:21:51,14.85,250,55450
20240119,13:22:34,14.85,50,55450
20240119,13:22:58,14.85,50,55450
20240119,13:25:10,14.85,200,56050
20240119,13:25:54,14.65,50,56050
20240119,13:29:06,14.55,100,56100
20240119,13:30:15,14.45,100,56100
20240119,13:31:13,14.4,1000,56100
20240119,13:32:20,14.5,50,56100
20240119,13:33:09,14.5,100,56100
20240119,13:36:22,14.4,50,56650
20240119,13:39:01,14.45,50,56650
20240119,13:40:44,14.5,150,56650
20240119,13:40:54,14.55,350,56650
20240119,13:41:03,14.55,100,56650
20240119,13:47:21,14.75,400,56600
20240119,13:47:30,14.75,1000,56600
20240119,13:47:40,14.8,750,56600
20240119,13:47:49,14.75,400,56600
20240119,13:47:58,14.85,1450,56600
20240119,13:48:06,14.75,300,55650
20240119,13:48:16,14.8,800,55650
20240119,13:48:25,14.85,300,55650
20240119,13:48:36,14.8,350,55650
20240119,13:48:46,14.8,200,55650
20240119,13:49:04,14.75,50,55650
20240119,13:50:00,14.65,200,55650
20240119,13:50:36,14.75,100,55650
20240119,13:50:46,14.75,150,55650
20240119,13:50:55,14.8,50,55650
20240119,13:51:04,14.75,900,55650
20240119,13:51:13,14.8,150,55850
20240119,13:53:04,14.8,50,55850
20240119,13:53:13,14.9,350,55850
20240119,13:55:18,14.9,50,56100
20240119,13:55:27,14.7,250,56100
20240119,14:05:31,14.85,50,56100
20240119,14:06:53,14.95,50,56100
20240119,14:07:02,15.0,50,56100
20240119,14:07:49,14.85,100,56100
20240119,14:08:07,14.95,50,56100
20240119,14:10:38,14.8,450,56200
20240119,14:11:12,14.75,50,56200
20240119,14:13:13,15.0,50,56200
20240119,14:13:22,15.0,50,56200
20240119,14:13:31,15.0,50,56200
20240119,14:13:40,14.95,50,56200
20240119,14:14:08,15.0,50,56200
20240119,14:14:36,15.0,50,56200
20240119,14:14:54,15.0,200,56200
20240119,14:15:58,14.85,50,56000
20240119,14:19:08,14.65,450,56000
20240119,14:22:09,14.85,100,56000
20240119,14:30:16,14.95,100,55950
20240119,14:30:25,14.9,50,55950
20240119,14:34:41,15.0,50,56000
20240119,14:35:18,15.0,50,56000
20240119,14:35:54,15.0,50,56000
20240119,14:36:20,14.9,200,56050
20240119,14:45:20,15.35,1700,56250
20240119,14:57:30,14.95,50,57800
20240119,14:58:44,15.05,50,57800
20240119,15:00:21,14.1,250,57800
20240119,15:00:51,14.65,200,57750
20240119,15:01:13,14.5,250,57750
20240119,15:04:17,14.75,1750,57900
20240119,15:04:44,14.75,50,57900
20240119,15:05:47,14.85,50,57900
20240119,15:06:14,14.7,50,57900
20240119,15:07:35,14.75,50,57100
20240119,15:10:05,14.95,50,57100
20240119,15:14:18,15.0,50,57050
20240119,15:15:27,15.1,50,57050
20240119,15:17:54,14.9,50,57050
20240119,15:18:02,14.9,150,57050
20240119,15:20:03,14.85,50,57050
20240119,15:21:10,14.85,50,57050
20240119,15:21:43,14.75,200,57050
20240119,15:21:59,14.85,250,57050
20240119,15:22:16,14.75,150,57050
20240119,15:22:49,14.55,250,57050
20240119,15:24:57,14.65,100,56400
20240119,15:25:41,14.7,1050,56400
20240119,15:29:08,15.15,50,55400
20240120,09:20:14,14.5,1,55400
20240120,09:20:14,14.5,50,55400
20240120,09:20:32,14.45,50,55400
20240120,09:23:23,15.25,500,55350
20240120,09:23:40,14.2,400,55750
20240120,09:26:04,14.15,150,55750
20240120,09:28:42,14.15,50,55350
20240120,09:28:59,15.05,100,55350
20240120,09:29:08,15.1,150,55350
20240120,09:30:11,14.15,250,55350
20240120,09:30:21,14.15,200,55350
20240120,09:33:11,14.5,100,55400
20240120,09:34:19,14.45,250,55400
20240120,09:34:44,14.55,50,55400
20240120,09:38:43,15.05,50,55000
20240120,09:39:55,14.9,100,55000
20240120,09:41:37,14.5,200,55000
20240120,09:41:47,14.3,400,55000
20240120,09:42:43,14.4,250,55000
20240120,09:45:42,14.6,50,55150
20240120,09:50:37,14.9,200,55150
20240120,09:50:46,14.95,100,54950
20240120,09:52:08,14.95,50,54950
20240120,09:56:24,14.95,150,54850
20240120,09:58:42,14.95,350,54850
20240120,09:59:30,14.7,50,54850
20240120,09:59:43,14.7,50,54850
20240120,10:00:45,14.95,50,55250
20240120,10:01:51,14.7,50,55250
20240120,10:02:19,14.7,50,55250
20240120,10:02:30,14.65,50,55250
20240120,10:03:25,14.85,100,55350
20240120,10:03:42,14.85,50,55350
20240120,10:05:07,14.6,100,55350
20240120,10:05:54,14.5,50,55300
20240120,10:07:07,14.25,50,55300
20240120,10:11:31,14.45,150,55250
20240120,10:12:31,14.5,50,55250
20240120,10:16:20,14.5,100,55200
20240120,10:18:12,14.5,50,55250
20240120,10:19:04,14.3,50,55250
20240120,10:26:54,14.4,50,55300
20240120,10:27:02,14.8,50,55300
20240120,10:27:11,14.75,200,55300
20240120,10:28:01,14.75,200,55300
20240120,10:28:10,14.85,200,55300
20240120,10:29:10,14.8,700,55300
20240120,10:30:36,14.85,200,56100
20240120,10:30:53,14.9,500,56100
20240120,10:32:13,14.8,50,56100
20240120,10:32:32,14.8,200,56100
20240120,10:32:58,13.6,550,56850
20240120,10:34:10,13.6,100,56850
20240120,10:34:19,14.15,300,56850
20240120,10:36:03,14.3,50,56800
20240120,10:36:20,14.3,50,56800
20240120,10:36:37,14.15,100,56800
20240120,10:37:21,14.45,100,56800
20240120,10:50:59,14.9,50,56850
20240120,10:52:04,14.9,100,56850
20240120,10:52:13,14.85,100,56850
20240120,10:52:22,14.85,100,56850
20240120,10:59:50,15.0,100,56850
20240120,10:59:59,15.0,100,56850
20240120,11:00:07,15.0,50,56850
20240120,11:02:41,14.65,150,56850
20240120,11:02:49,14.65,100,56850
20240120,11:24:54,14.7,100,56950
20240120,11:25:19,14.75,200,56950
20240120,11:25:54,14.75,50,56950
20240120,11:28:00,14.7,500,57050
20240120,11:28:08,14.7,50,57050
20240120,11:31:41,14.7,250,57600
20240120,11:32:14,14.7,50,57600
20240120,11:32:22,14.7,50,57600
20240120,11:33:02,14.7,50,57950
20240120,11:33:19,14.8,50,57950
20240120,12:03:26,14.75,250,58000
20240120,12:03:42,14.8,50,58000
20240120,12:11:10,14.75,250,58000
20240120,12:22:43,14.75,50,57750
20240120,12:25:47,14.5,1050,57800
20240120,12:27:13,14.55,50,57850
20240120,12:30:24,14.65,50,57900
20240120,12:30:33,14.75,250,57900
20240120,12:30:42,14.8,150,57900
20240120,12:31:24,14.8,50,57900
20240120,12:35:23,14.2,150,57450
20240120,12:35:45,14.5,100,57450
20240120,12:36:36,14.45,100,57250
20240120,12:38:46,14.2,250,57250
20240120,12:40:35,14.25,50,57350
20240120,12:42:03,14.0,1800,57350
20240120,12:42:13,14.0,1150,57450
20240120,12:42:23,13.9,250,57450
20240120,12:42:44,13.75,650,57450
20240120,12:43:42,13.75,650,57450
20240120,12:43:53,13.7,200,57450
20240120,12:44:03,13.7,550,57450
20240120,12:44:13,13.7,50,57450
20240120,12:44:31,13.7,150,57450
20240120,12:47:02,14.05,100,59300
20240120,12:47:12,14.0,100,59300
20240120,12:48:30,14.1,1000,59300
20240120,12:48:50,14.1,200,59300
20240120,12:49:39,13.8,500,59300
20240120,12:49:58,13.7,1200,59300
20240120,12:50:08,13.6,150,59300
20240120,12:50:18,13.7,350,59300
20240120,12:50:27,13.25,2200,59300
20240120,12:50:36,13.7,1900,59300
20240120,12:50:45,13.3,1850,59300
20240120,12:50:54,13.3,1900,59300
20240120,12:51:03,13.25,1800,59300
20240120,12:51:12,13.15,1800,67300
20240120,12:51:21,13.1,1800,67300
20240120,12:51:30,13.0,1800,67300
20240120,12:51:38,13.0,450,67300
20240120,12:51:47,13.0,2750,67300
20240120,12:52:14,13.35,150,67300
20240120,12:52:39,13.0,1600,67300
20240120,12:52:48,13.25,350,67300
20240120,12:52:57,13.3,100,67300
20240120,12:53:06,13.0,850,67300
20240120,12:53:15,13.0,500,67300
20240120,12:53:24,13.0,500,67300
20240120,12:53:33,12.9,500,67300
20240120,12:53:42,12.75,450,67300
20240120,12:53:51,12.6,1300,67300
20240120,12:54:08,12.55,700,67300
20240120,12:54:34,12.55,500,74350
20240120,12:54:50,12.7,800,74350
20240120,12:54:59,12.65,300,74350
20240120,12:56:11,12.75,50,74350
20240120,12:56:40,12.75,300,74350
20240120,12:57:08,12.9,1650,74350
20240120,12:57:28,12.7,150,72350
20240120,12:57:48,12.65,150,72350
20240120,12:58:44,12.65,50,72350
20240120,12:59:12,12.6,100,72350
20240120,12:59:22,12.6,1000,72350
20240120,13:00:12,12.6,250,72350
20240120,13:01:12,12.65,200,72350
20240120,13:09:42,12.75,350,72800
20240120,13:13:00,12.6,50,72600
20240120,13:13:46,12.55,150,72600
20240120,13:24:02,12.75,50,72550
20240120,13:25:48,12.65,350,72600
20240120,13:27:49,12.7,50,72650
20240120,13:27:58,12.7,500,72650
20240120,13:29:38,12.6,300,72650
20240120,13:30:04,12.6,150,72650
20240120,13:30:13,12.75,150,72650
20240120,13:30:22,12.8,50,72750
20240120,13:30:31,12.8,50,72750
20240120,13:32:28,12.7,50,72750
20240120,13:33:03,12.65,150,72750
20240120,13:36:43,12.55,150,72900
20240120,13:37:00,12.55,50,72900
20240120,13:48:07,12.3,200,72900
20240120,13:50:04,12.3,100,73050
20240120,13:50:13,12.35,50,73050
20240120,13:53:33,12.3,200,73200
20240120,13:54:08,12.25,50,73200
20240120,13:54:41,12.25,250,73400
20240120,13:54:49,12.3,600,73400
20240120,13:55:07,12.3,1000,73400
20240120,13:55:42,12.5,100,73400
20240120,13:55:50,12.5,50,73400
20240120,13:55:59,12.5,100,73400
20240120,13:56:09,12.45,50,73400
20240120,13:59:59,12.3,200,74050
20240120,14:05:19,12.45,100,74250
20240120,14:09:44,12.25,550,74250
20240120,14:10:26,12.15,50,74250
20240120,14:10:35,12.1,250,74250
20240120,14:10:44,12.1,150,74250
20240120,14:14:50,12.15,450,74750
20240120,14:17:02,12.35,150,74650
20240120,14:17:11,12.4,200,74650
20240120,14:17:40,12.45,50,74650
20240120,14:17:49,12.5,600,74650
20240120,14:29:57,12.25,300,74650
20240120,14:32:41,12.45,50,74950
20240120,14:43:24,12.15,450,74950
20240120,14:43:45,12.1,250,74950
20240120,14:43:55,11.65,1250,74950
20240120,14:44:05,11.85,100,74950
20240120,14:44:14,11.85,150,74950
20240120,14:44:23,11.45,850,74950
20240120,14:44:32,11.25,350,74950
20240120,14:45:00,11.25,50,74950
20240120,14:45:09,11.4,50,74950
20240120,14:45:28,11.4,350,77000
20240120,14:45:50,11.35,50,77000
20240120,14:46:09,11.4,250,77000
20240120,14:46:29,11.4,100,77000
20240120,14:47:00,11.35,100,77000
20240120,14:47:39,11.4,50,77000
20240120,14:48:07,11.45,150,77000
20240120,14:48:16,11.4,50,77000
20240120,14:48:25,11.35,200,77250
20240120,14:48:35,11.3,500,77250
20240120,14:48:54,11.25,300,77250
20240120,14:49:04,11.4,400,77250
20240120,14:49:31,11.4,100,77250
20240120,14:50:37,11.3,50,77250
20240120,14:51:18,11.45,50,77250
20240120,14:51:38,11.45,50,78050
20240120,14:51:47,11.4,400,78050
20240120,14:52:05,11.3,50,78050
20240120,14:52:46,11.35,100,78050
20240120,14:54:33,11.15,100,78400
20240120,14:56:43,11.15,200,78400
20240120,14:57:01,11.15,150,78400
20240120,14:57:34,11.15,550,78550
20240120,14:58:27,11.1,200,78550
20240120,14:58:45,11.05,600,78550
20240120,15:00:13,11.05,50,78550
20240120,15:00:31,11.0,1000,78550
20240120,15:00:41,11.0,100,80950
20240120,15:01:01,11.0,400,80950
20240120,15:01:11,11.0,50,80950
20240120,15:01:35,10.95,450,80950
20240120,15:01:45,10.95,700,80950
20240120,15:02:05,10.95,200,80950
20240120,15:02:15,11.0,100,80950
20240120,15:02:24,11.0,250,80950
20240120,15:03:03,11.0,300,80950
20240120,15:03:14,11.0,100,80950
20240120,15:03:31,10.95,50,81600
20240120,15:03:40,11.0,50,81600
20240120,15:03:50,10.6,1600,81600
20240120,15:03:58,10.6,250,81600
20240120,15:04:17,10.8,100,81600
20240120,15:04:27,10.85,100,81600
20240120,15:04:44,10.85,250,81600
20240120,15:05:22,10.9,150,81600
20240120,15:05:39,11.0,50,81600
20240120,15:07:01,10.95,400,82900
20240120,15:07:27,10.9,50,82900
20240120,15:07:55,10.95,150,82900
20240120,15:08:58,11.3,150,82900
20240120,15:10:08,11.15,850,83050
20240120,15:10:38,11.1,50,83050
20240120,15:11:06,11.1,250,83050
20240120,15:14:41,11.0,50,82850
20240120,15:16:31,11.2,50,82850
20240120,15:18:42,11.0,250,82850
20240120,15:20:02,11.15,250,82850
20240120,15:21:30,11.3,50,82850
20240120,15:27:17,11.35,150,82650
20240120,15:27:26,11.3,600,82650
20240120,15:28:38,11.25,100,82050
20240120,15:29:05,11.15,200,82050
20240120,15:29:16,11.0,150,82050
20240123,09:15:37,12.5,550,81950
20240123,09:16:05,13.8,100,81950
20240123,09:16:50,13.1,350,81950
20240123,09:17:10,12.6,200,81950
20240123,09:17:18,13.15,50,81950
20240123,09:17:32,12.25,50,81950
20240123,09:17:45,13.2,150,82050
20240123,09:18:26,13.2,50,82050
20240123,09:18:36,13.1,50,82050
20240123,09:18:53,13.05,50,82050
20240123,09:19:03,13.05,350,82050
20240123,09:19:17,12.9,1150,82050
20240123,09:19:31,12.95,1400,82050
20240123,09:19:39,12.75,250,82050
20240123,09:19:51,12.7,200,82050
20240123,09:19:59,12.65,1200,82050
20240123,09:20:04,12.65,900,82050
20240123,09:20:22,12.7,50,82050
20240123,09:20:35,12.35,100,82050
20240123,09:21:06,12.55,50,86300
20240123,09:21:10,12.4,500,86300
20240123,09:21:21,12.5,200,86300
20240123,09:21:56,12.35,50,86300
20240123,09:22:06,12.3,350,86300
20240123,09:22:35,12.4,50,86300
20240123,09:23:08,12.5,450,86300
20240123,09:23:19,12.5,50,86300
20240123,09:23:50,12.5,100,87000
20240123,09:25:03,12.4,100,87000
20240123,09:25:48,12.25,200,87000
20240123,09:26:04,12.45,150,87000
20240123,09:26:13,12.45,200,87000
20240123,09:26:33,12.3,100,87000
20240123,09:26:51,12.4,50,87000
20240123,09:27:35,12.05,1450,87000
20240123,09:28:48,12.3,750,87000
20240123,09:29:07,12.15,50,87000
20240123,09:29:13,12.15,250,87000
20240123,09:29:36,12.05,50,87000
20240123,09:30:39,12.25,300,88500
20240123,09:30:48,12.3,200,88500
20240123,09:30:58,12.3,300,88500
20240123,09:31:37,12.35,200,88500
20240123,09:34:37,12.3,300,88500
20240123,09:35:10,12.15,1300,88500
20240123,09:36:34,12.1,150,88600
20240123,09:36:39,12.05,300,88600
20240123,09:37:28,12.0,50,88600
20240123,09:38:54,12.0,100,88800
20240123,09:39:10,11.95,100,88800
20240123,09:41:55,11.8,200,88700
20240123,09:43:01,12.1,100,88700
20240123,09:43:11,12.2,100,88700
20240123,09:43:23,12.3,50,88700
20240123,09:43:26,12.35,50,88700
20240123,09:43:35,12.35,50,88700
20240123,09:44:36,12.35,550,88700
20240123,09:45:12,12.2,100,89050
20240123,09:45:13,12.35,50,89050
20240123,09:48:35,12.0,3250,89100
20240123,09:49:06,12.35,150,89100
20240123,09:49:43,12.2,150,89100
20240123,09:49:49,12.2,50,89100
20240123,09:50:01,12.1,200,89100
20240123,09:50:16,12.2,50,89100
20240123,09:50:17,12.2,50,89100
20240123,09:50:46,12.3,50,92550
20240123,09:51:22,12.35,100,92550
20240123,09:51:40,12.3,50,92550
20240123,09:52:35,12.35,200,92550
20240123,09:52:49,12.2,50,92550
20240123,09:53:09,12.2,550,92550
20240123,09:53:36,12.35,250,92550
20240123,09:53:51,12.1,250,92800
20240123,09:54:24,12.05,350,92800
20240123,09:55:05,12.1,50,92800
20240123,09:55:22,12.05,300,92800
20240123,09:55:37,12.05,100,92800
20240123,09:55:39,12.05,50,92800
20240123,09:56:15,11.9,250,92800
20240123,09:56:22,11.95,50,92800
20240123,09:57:29,11.8,300,92550
20240123,09:58:09,12.0,50,92550
20240123,09:58:42,12.25,500,92550
20240123,09:59:46,11.75,350,92300
20240123,10:02:27,11.4,200,92300
20240123,10:02:51,11.35,50,92300
20240123,10:03:40,11.4,100,92300
20240123,10:04:00,11.35,400,92300
20240123,10:04:11,11.3,50,92300
20240123,10:09:12,10.9,50,92350
20240123,10:09:24,10.6,2700,92350
20240123,10:09:34,10.45,550,92350
20240123,10:09:44,10.5,200,92350
20240123,10:09:54,10.6,100,92350
20240123,10:10:42,10.65,50,92350
20240123,10:14:03,10.55,250,92050
20240123,10:14:07,10.5,400,92050
20240123,10:14:25,10.65,500,92050
20240123,10:14:38,10.65,150,92050
20240123,10:14:57,10.55,200,92600
20240123,10:15:05,10.45,400,92600
20240123,10:15:20,10.55,50,92600
20240123,10:16:16,10.65,50,92600
20240123,10:18:51,10.8,150,93250
20240123,10:22:15,10.4,50,93100
20240123,10:23:23,10.55,50,93100
20240123,10:23:58,10.5,50,93150
20240123,10:24:03,10.3,100,93150
20240123,10:24:21,10.3,100,93150
20240123,10:24:36,10.6,300,93150
20240123,10:25:04,10.45,750,93150
20240123,10:25:27,10.45,100,93150
20240123,10:26:00,10.65,50,93150
20240123,10:26:12,10.45,200,93150
20240123,10:26:21,10.45,400,93150
20240123,10:26:43,10.4,1050,93150
20240123,10:28:50,10.2,250,91350
20240123,10:30:45,10.3,50,91100
20240123,10:31:47,10.3,50,91100
20240123,10:32:15,10.3,50,91100
20240123,10:33:45,10.2,50,91100
20240123,10:37:24,10.45,50,91100
20240123,10:37:59,10.45,50,91100
20240123,10:41:11,10.55,50,91050
20240123,10:41:34,10.1,350,91050
20240123,10:42:33,9.85,50,91000
20240123,10:43:03,9.9,1400,91000
20240123,10:43:30,9.75,50,91000
20240123,10:44:12,9.9,100,91000
20240123,10:44:31,10.05,50,91000
20240123,10:45:08,10.05,2350,89600
20240123,10:46:09,9.8,150,89600
20240123,10:47:24,9.95,50,89600
20240123,10:48:01,9.95,50,87250
20240123,10:48:13,10.0,150,87250
20240123,10:48:41,10.0,1800,87250
20240123,10:48:58,9.75,100,87250
20240123,10:49:48,9.8,100,87250
20240123,10:50:04,9.85,150,87250
20240123,10:50:19,9.85,1800,87250
20240123,10:50:51,9.9,50,87250
20240123,10:51:00,9.75,2150,84150
20240123,10:52:24,9.85,50,84150
20240123,10:52:36,9.85,950,84150
20240123,10:52:50,9.85,400,84150
20240123,10:53:56,10.0,150,82250
20240123,10:59:36,10.0,500,82200
20240123,11:00:16,10.0,250,81700
20240123,11:00:31,10.0,250,81700
20240123,11:01:14,10.0,50,81700
20240123,11:03:48,10.4,50,81600
20240123,11:04:01,10.35,50,81600
20240123,11:05:03,10.45,50,81600
20240123,11:05:43,10.55,50,81600
20240123,11:06:35,10.4,350,81650
20240123,11:09:03,10.25,50,81550
20240123,11:09:37,10.4,100,81550
20240123,11:09:47,10.15,50,81550
20240123,11:09:51,10.15,50,81550
20240123,11:10:48,10.4,100,81550
20240123,11:10:53,10.4,150,81550
20240123,11:12:50,10.35,50,81550
20240123,11:13:00,10.45,100,81550
20240123,11:13:05,10.55,200,81550
20240123,11:14:08,10.4,450,81550
20240123,11:15:15,10.6,50,81600
20240123,11:15:25,10.6,50,81600
20240123,11:15:40,10.6,100,81600
20240123,11:16:30,10.7,1850,81600
20240123,11:16:37,10.8,2000,81600
20240123,11:16:45,10.85,1400,81600
20240123,11:18:03,10.7,100,82900
20240123,11:18:56,10.75,100,82900
20240123,11:19:41,10.8,100,82900
20240123,11:20:19,10.85,50,82900
20240123,11:21:50,10.8,1800,82750
20240123,11:21:57,10.75,200,82750
20240123,11:23:04,10.75,50,82750
20240123,11:25:45,10.85,250,81600
20240123,11:26:06,11.0,600,81600
20240123,11:26:16,11.0,250,81600
20240123,11:26:21,11.05,200,81600
20240123,11:26:36,11.1,600,81600
20240123,11:26:37,11.05,200,81600
20240123,11:28:00,11.0,300,81500
20240123,11:29:28,11.15,650,81500
20240123,11:29:31,11.15,100,81500
20240123,11:29:43,11.15,50,81500
20240123,11:30:44,11.1,50,81100
20240123,11:31:17,11.1,600,81100
20240123,11:31:23,11.05,100,81100
20240123,11:31:58,11.2,50,81100
20240123,11:32:15,11.2,750,81100
20240123,11:34:29,11.35,1000,82000
20240123,11:35:25,11.35,250,82000
20240123,11:35:32,11.3,100,82000
20240123,11:35:44,11.3,200,82000
20240123,11:40:03,11.4,50,82600
20240123,11:41:48,11.2,1650,82600
20240123,11:42:15,11.45,50,81600
20240123,11:42:20,11.0,250,81600
20240123,11:42:43,10.4,1800,81600
20240123,11:42:51,9.8,600,81600
20240123,11:42:59,9.25,250,81600
20240123,11:43:10,9.2,950,81600
20240123,11:43:20,9.5,350,81600
20240123,11:43:29,9.55,100,81600
20240123,11:43:39,9.6,600,81600
20240123,11:43:52,10.05,500,81600
20240123,11:43:55,9.85,150,81600
20240123,11:44:30,10.15,300,81600
20240123,11:44:32,10.2,250,81600
20240123,11:44:50,10.2,1350,81600
20240123,11:44:52,10.2,150,81600
20240123,11:45:18,10.25,50,79600
20240123,11:45:28,10.25,200,79600
20240123,11:45:40,10.2,1700,79600
20240123,11:46:00,10.05,250,79600
20240123,11:46:20,10.1,50,79600
20240123,11:48:24,10.5,350,79950
20240123,11:48:30,10.7,50,79950
20240123,11:49:14,10.7,50,79950
20240123,11:49:34,10.95,50,79950
20240123,11:51:48,10.9,250,79600
20240123,11:53:15,11.1,50,79600
20240123,11:53:21,10.95,100,79600
20240123,11:53:38,10.95,250,79600
20240123,11:53:46,11.0,100,79600
20240123,11:53:59,11.0,350,79600
20240123,11:54:10,11.05,850,79350
20240123,11:54:30,10.95,150,79350
20240123,11:55:00,10.95,150,79350
20240123,11:55:31,10.95,450,79350
20240123,11:55:57,10.9,700,79350
20240123,11:57:04,10.9,100,78550
20240123,11:57:11,10.95,200,78550
20240123,11:57:24,10.95,250,78550
20240123,11:57:44,11.1,300,78550
20240123,11:57:49,10.9,100,78550
20240123,11:59:03,11.05,50,78550
20240123,12:00:10,11.05,200,78350
20240123,12:00:23,11.15,50,78350
20240123,12:01:01,10.95,600,78350
20240123,12:01:22,11.05,300,78350
20240123,12:01:58,11.1,1050,78350
20240123,12:02:45,11.0,50,78350
20240123,12:03:32,11.05,50,76850
20240123,12:04:07,10.7,500,76850
20240123,12:04:13,10.55,100,76850
20240123,12:04:26,10.55,300,76850
20240123,12:04:57,10.35,50,76850
20240123,12:06:22,9.95,50,77400
20240123,12:06:30,9.8,150,77400
20240123,12:06:54,9.9,100,77400
20240123,12:07:01,9.95,50,77400
20240123,12:07:56,9.7,50,77400
20240123,12:08:28,9.75,100,77400
20240123,12:09:33,10.0,150,77600
20240123,12:09:42,10.0,50,77600
20240123,12:09:57,10.0,150,77600
20240123,12:11:16,10.0,100,77600
20240123,12:12:36,10.25,50,77750
20240123,12:14:39,10.1,50,77750
20240123,12:14:56,10.25,50,77750
20240123,12:15:18,10.3,600,77700
20240123,12:15:37,10.5,50,77700
20240123,12:16:50,10.5,250,77700
20240123,12:16:57,10.6,250,77700
20240123,12:17:49,11.15,100,77700
20240123,12:18:13,10.75,50,77700
20240123,12:18:33,10.6,200,77700
20240123,12:18:43,10.7,50,77700
20240123,12:20:15,11.05,50,77700
20240123,12:21:40,11.1,50,77650
20240123,12:22:03,10.8,50,77650
20240123,12:24:22,10.75,50,77600
20240123,12:25:48,10.5,100,77600
20240123,12:25:52,10.8,50,77600
20240123,12:27:52,11.6,250,77550
20240123,12:27:53,11.25,50,77550
20240123,12:31:23,11.65,50,77750
20240123,12:31:42,11.7,50,77750
20240123,12:32:07,11.35,50,77750
20240123,12:32:29,11.7,50,77750
20240123,12:33:00,11.6,100,77750
20240123,12:35:27,11.25,50,77700
20240123,12:35:51,11.3,100,77700
20240123,12:38:05,11.3,200,77750
20240123,12:38:23,11.3,100,77750
20240123,12:38:38,11.45,100,77750
20240123,12:39:42,11.15,100,77700
20240123,12:45:39,11.4,50,77650
20240123,12:45:44,11.7,250,77650
20240123,12:46:17,11.95,100,77650
20240123,12:52:41,11.8,300,77900
20240123,12:53:03,11.75,50,77900
20240123,12:53:48,11.3,200,77900
20240123,12:56:47,11.75,50,77750
20240123,13:09:01,11.0,1250,77700
20240123,13:09:18,10.95,150,77650
20240123,13:10:13,11.35,400,77650
20240123,13:12:48,11.2,300,77450
20240123,13:12:58,11.5,350,77450
20240123,13:13:11,11.5,250,77450
20240123,13:14:39,11.35,50,77450
20240123,13:15:55,11.05,200,77650
20240123,13:18:36,10.8,300,77800
20240123,13:22:19,11.15,50,77550
20240123,13:22:53,11.25,50,77550
20240123,13:23:14,11.25,50,77550
20240123,13:23:53,11.45,500,77550
20240123,13:28:17,11.55,50,77850
20240123,13:29:10,11.4,50,77850
20240123,13:29:24,11.4,100,77850
20240123,13:29:29,11.45,50,77850
20240123,13:29:46,11.4,500,77850
20240123,13:36:55,11.65,50,78550
20240123,13:39:02,11.75,50,78550
20240123,13:40:07,11.65,300,78550
20240123,13:40:20,11.65,100,78550
20240123,13:41:48,11.35,150,78550
20240123,13:42:04,11.3,50,78550
20240123,13:42:10,11.25,150,78550
20240123,13:42:47,11.15,500,79100
20240123,13:42:51,11.1,550,79100
20240123,13:43:25,11.0,250,79100
20240123,13:49:27,11.2,100,79650
20240123,13:50:35,11.05,50,79650
20240123,13:51:16,11.05,300,79650
20240123,13:51:32,11.1,850,79550
20240123,13:51:41,11.1,100,79550
20240123,13:51:47,11.2,50,79550
20240123,13:52:04,11.1,450,79550
20240123,13:53:50,10.9,50,79550
20240123,13:55:17,10.85,100,79500
20240123,13:59:00,11.05,500,79400
20240123,14:03:06,11.1,300,79900
20240123,14:04:07,11.2,50,79650
20240123,14:08:33,11.45,1000,79700
20240123,14:09:39,11.5,1000,80150
20240123,14:10:14,11.3,50,80150
20240123,14:10:36,11.4,50,80150
20240123,14:12:15,11.4,50,80150
20240123,14:12:34,11.6,500,81100
20240123,14:13:08,11.6,200,81100
20240123,14:14:47,11.6,150,81100
20240123,14:16:09,11.65,100,81700
20240123,14:17:25,11.8,100,81700
20240123,14:19:14,11.15,400,81650
20240123,14:20:21,10.95,50,81650
20240123,14:21:00,11.05,100,81650
20240123,14:24:44,10.85,250,82050
20240123,14:24:55,10.85,100,82050
20240123,14:28:19,10.45,1050,82200
20240123,14:30:04,10.55,50,82200
20240123,14:30:31,10.55,150,82650
20240123,14:30:56,10.55,100,82650
20240123,14:31:23,10.6,50,82650
20240123,14:31:45,10.55,50,82650
20240123,14:32:19,10.45,50,82650
20240123,14:33:03,10.45,50,82650
20240123,14:34:13,10.7,50,83000
20240123,14:34:59,10.45,500,83000
20240123,14:36:04,10.7,250,83000
20240123,14:45:21,9.95,250,83500
20240123,14:45:44,10.0,100,83450
20240123,14:46:21,9.8,50,83450
20240123,14:46:38,9.85,650,83450
20240123,14:46:45,9.8,50,83450
20240123,14:46:57,9.7,50,83450
20240123,14:47:09,9.7,50,83450
20240123,14:47:29,10.2,500,83450
20240123,14:49:38,9.6,50,83850
20240123,14:49:47,9.75,50,83850
20240123,14:50:44,9.95,1050,83850
20240123,14:50:51,10.15,350,83850
20240123,14:53:05,10.35,50,83600
20240123,14:53:39,10.35,50,83600
20240123,14:54:04,10.55,250,83600
20240123,14:56:40,10.55,50,83550
20240123,14:59:36,10.5,50,83550
20240123,15:00:10,10.6,50,83550
20240123,15:00:45,10.3,100,83550
20240123,15:01:21,10.45,50,83550
20240123,15:01:27,10.7,50,83550
20240123,15:02:00,10.55,150,83550
20240123,15:02:46,10.85,400,83550
20240123,15:03:03,11.0,150,83550
20240123,15:03:27,10.85,450,83550
20240123,15:05:31,11.05,50,83050
20240123,15:06:01,10.95,50,83050
20240123,15:06:04,11.05,200,83050
20240123,15:06:49,10.9,50,83000
20240123,15:07:09,11.15,50,83000
20240123,15:09:13,10.95,250,83000
20240123,15:10:25,11.25,50,82800
20240123,15:10:38,11.15,50,82800
20240123,15:14:05,11.35,50,82700
20240123,15:18:50,11.4,50,82700
20240123,15:19:16,11.6,300,82700
20240123,15:20:55,11.65,50,82700
20240123,15:21:11,11.65,50,82700
20240123,15:22:30,11.4,200,82750
20240123,15:22:51,11.65,50,82750
20240123,15:23:02,11.7,250,82750
20240123,15:25:31,11.75,650,82650
20240123,15:25:57,11.85,150,82650
20240123,15:26:07,11.9,100,82650
20240123,15:26:30,11.85,100,82650
20240123,15:26:56,11.9,350,82650
20240123,15:27:41,11.8,100,81650
20240123,15:28:30,12.2,150,81650
20240123,15:28:40,12.25,50,81650
20240123,15:28:51,12.3,250,81650
20240123,15:29:31,12.0,150,81650
20240123,15:29:51,12.15,50,81650
20240123,15:29:59,11.45,1,81250
20240124,09:16:44,11.7,1,81250
20240124,09:16:44,11.7,50,81250
20240124,09:19:01,9.95,200,81250
20240124,09:21:12,9.6,100,81200
20240124,09:21:54,9.6,350,81200
20240124,09:22:18,9.4,50,81200
20240124,09:25:55,9.4,150,81050
20240124,09:26:07,10.85,50,81050
20240124,09:28:07,8.3,400,81050
20240124,09:30:19,8.3,100,80900
20240124,09:30:28,10.75,50,80900
20240124,09:38:42,11.0,100,80750
20240124,09:39:42,10.0,400,80750
20240124,09:40:59,11.1,200,80750
20240124,09:42:10,11.45,100,81150
20240124,09:47:26,10.95,50,81050
20240124,09:49:10,11.7,200,81100
20240124,09:50:20,11.1,100,81100
20240124,09:56:11,12.1,50,81200
20240124,09:56:57,12.2,50,81200
20240124,09:57:44,12.2,100,81200
20240124,10:01:18,12.2,50,81200
20240124,10:02:00,12.0,100,81200
20240124,10:03:26,12.0,100,81350
20240124,10:04:45,11.55,50,81350
20240124,10:05:21,11.45,50,81350
20240124,10:08:59,11.35,50,81500
20240124,10:10:23,8.4,500,81500
20240124,10:10:46,11.0,100,81500
20240124,10:13:05,9.6,100,81500
20240124,10:14:17,9.65,200,81500
20240124,10:14:28,11.4,450,81500
20240124,10:14:38,11.8,100,81500
20240124,10:16:13,11.15,200,81500
20240124,10:23:13,11.35,50,81500
20240124,10:23:52,11.35,50,81500
20240124,10:24:01,11.35,50,81500
20240124,10:24:21,11.35,50,81500
20240124,10:24:40,11.15,200,81500
20240124,10:25:00,10.15,200,81500
20240124,10:27:31,11.1,50,81500
20240124,10:28:59,11.1,50,81500
20240124,10:29:46,11.75,300,81500
20240124,10:30:48,11.0,50,81200
20240124,10:32:10,11.0,50,81200
20240124,10:39:53,11.0,50,81200
20240124,10:44:54,10.0,200,81250
20240124,10:45:15,10.95,100,81150
20240124,10:45:26,10.75,100,81150
20240124,10:45:38,10.9,50,81150
20240124,10:45:59,10.85,150,81150
20240124,10:47:47,10.85,50,81150
20240124,10:50:56,10.55,100,81000
20240124,10:51:26,11.0,50,81000
20240124,10:58:05,10.25,50,81000
20240124,11:04:00,11.25,50,80950
20240124,11:04:19,11.25,50,80950
20240124,11:14:07,11.25,100,80950
20240124,11:16:06,9.1,1800,80900
20240124,11:16:26,10.35,550,80900
20240124,11:16:35,10.4,250,80900
20240124,11:16:45,10.8,550,80900
20240124,11:18:08,10.1,1800,80900
20240124,11:21:37,10.35,250,83350
20240124,11:21:47,10.3,150,83350
20240124,11:22:33,10.05,200,83350
20240124,11:22:42,10.55,250,83350
20240124,11:23:02,10.05,200,83350
20240124,11:23:30,10.15,450,83350
20240124,11:23:39,10.6,800,83350
20240124,11:24:08,10.1,500,82600
20240124,11:25:31,10.1,500,82600
20240124,11:26:01,10.35,100,82600
20240124,11:26:12,10.0,100,82600
20240124,11:26:44,10.3,400,82600
20240124,11:26:55,10.35,50,82600
20240124,11:27:15,10.0,200,82000
20240124,11:28:14,10.05,500,82000
20240124,11:28:52,10.25,400,82000
20240124,11:29:02,10.35,50,82000
20240124,11:29:24,10.35,250,82000
20240124,11:30:52,10.15,250,81500
20240124,11:31:16,10.2,650,81500
20240124,11:32:03,10.15,100,81500
20240124,11:32:15,10.2,450,81500
20240124,11:32:50,10.0,300,81500
20240124,11:35:36,10.05,200,80850
20240124,11:36:08,10.55,100,80850
20240124,11:38:09,10.35,100,80750
20240124,11:40:34,10.3,50,80650
20240124,11:41:27,10.35,50,80650
20240124,11:42:59,10.0,300,80600
20240124,11:47:46,10.65,50,80600
20240124,11:53:01,10.55,50,80600
20240124,11:53:10,10.4,50,80600
20240124,11:53:29,10.35,50,80600
20240124,11:53:47,10.35,100,80600
20240124,11:54:54,10.05,50,80600
20240124,11:55:14,10.05,250,80600
20240124,11:58:25,10.05,100,80650
20240124,12:01:32,10.45,100,80600
20240124,12:02:27,10.55,200,80600
20240124,12:03:34,10.55,100,80300
20240124,12:04:38,10.55,250,80300
20240124,12:05:09,10.6,50,80300
20240124,12:05:19,10.6,50,80300
20240124,12:08:28,10.4,50,80050
20240124,12:08:46,10.4,100,80050
20240124,12:08:55,10.4,100,80050
20240124,12:10:28,10.4,300,80050
20240124,12:12:20,10.15,200,79900
20240124,12:13:36,10.3,50,79900
20240124,12:18:21,10.35,200,79850
20240124,12:20:44,10.45,300,79850
20240124,12:22:01,10.5,750,79850
20240124,12:23:00,10.55,50,79850
20240124,12:27:05,10.7,150,79850
20240124,12:27:15,10.7,50,79850
20240124,12:42:54,11.2,50,79650
20240124,12:48:12,11.15,600,79650
20240124,12:49:10,10.85,850,80100
20240124,12:49:28,10.85,900,80100
20240124,12:54:43,11.1,50,81450
20240124,12:54:54,11.1,50,81450
20240124,12:55:43,11.15,150,81450
20240124,12:56:49,11.1,300,81450
20240124,12:56:58,11.1,50,81450
20240124,12:57:07,11.15,50,81450
20240124,12:57:16,11.15,150,81450
20240124,12:57:26,11.15,150,81450
20240124,12:58:11,11.1,50,80700
20240124,12:58:21,11.1,100,80700
20240124,12:58:53,11.05,50,80700
20240124,12:59:03,11.05,100,80700
20240124,12:59:12,11.0,500,80700
20240124,13:02:15,10.95,50,80550
20240124,13:02:25,11.15,50,80550
20240124,13:02:36,11.25,50,80550
20240124,13:02:46,11.45,50,80550
20240124,13:03:05,11.55,50,80550
20240124,13:04:27,11.5,100,80550
20240124,13:04:38,11.35,50,80550
20240124,13:05:07,11.4,50,80550
20240124,13:06:53,11.1,100,80600
20240124,13:07:04,10.95,50,80600
20240124,13:09:46,11.2,50,80550
20240124,13:10:33,11.2,100,80550
20240124,13:10:43,11.3,50,80550
20240124,13:11:23,11.4,700,80550
20240124,13:11:33,11.6,500,80550
20240124,13:12:04,11.55,50,80550
20240124,13:12:52,11.6,500,80150
20240124,13:13:29,11.6,250,80150
20240124,13:13:58,11.6,50,80150
20240124,13:16:26,11.45,100,80050
20240124,13:17:49,11.55,50,80050
20240124,13:20:13,11.65,50,80150
20240124,13:21:16,11.6,50,80150
20240124,13:21:27,11.7,50,80150
20240124,13:24:24,11.6,50,80100
20240124,13:29:53,11.65,50,80100
20240124,14:01:59,11.65,50,80100
20240124,14:05:22,11.35,100,80050
20240124,14:06:09,11.55,50,80050
20240124,14:06:49,11.75,50,80150
20240124,14:14:02,11.65,100,80200
20240124,14:14:21,11.65,50,80200
20240124,14:15:25,11.7,50,80200
20240124,14:29:41,11.85,50,80350
20240124,14:37:31,12.0,100,80350
20240124,14:38:28,12.15,950,80350
20240124,14:39:04,11.85,50,80350
20240124,14:39:32,11.8,1750,80350
20240124,14:39:42,12.0,800,81600
20240124,14:40:00,11.9,100,81600
20240124,14:40:10,11.85,100,81600
20240124,14:40:20,11.8,400,81600
20240124,14:40:49,11.9,500,81600
20240124,14:41:10,11.95,400,81600
20240124,14:41:22,11.8,50,81600
20240124,14:42:28,11.65,50,81600
20240124,14:43:18,11.7,400,81800
20240124,14:44:54,11.9,50,81800
20240124,14:46:24,11.9,250,81850
20240124,14:47:25,11.65,100,81850
20240124,14:47:35,11.8,50,81850
20240124,14:49:57,11.45,500,81950
20240124,14:50:09,11.35,150,81950
20240124,14:50:40,11.55,50,81950
20240124,14:55:08,11.45,550,81550
20240124,14:55:27,11.5,50,81550
20240124,14:56:25,11.5,500,81550
20240124,15:03:30,11.9,50,80950
20240124,15:03:40,11.9,50,80950
20240124,15:04:00,11.85,100,81000
20240124,15:04:11,11.9,100,81000
20240124,15:06:53,11.8,550,80950
20240124,15:07:03,11.9,1500,80950
20240124,15:07:13,11.85,50,80950
20240124,15:07:23,11.8,250,80950
20240124,15:07:33,11.8,200,80950
20240124,15:07:52,11.65,400,80950
20240124,15:08:02,11.9,50,80950
20240124,15:09:22,11.95,100,80950
20240124,15:13:48,12.0,100,81800
20240124,15:14:15,11.95,50,81800
20240124,15:14:34,12.0,100,81800
20240124,15:14:54,11.95,50,81800
20240124,15:16:49,12.0,50,81800
20240124,15:17:53,12.15,400,81800
20240124,15:18:04,12.05,700,81800
20240124,15:18:15,11.95,50,81800
20240124,15:21:57,12.1,50,81800
20240124,15:22:35,12.0,100,81800
20240124,15:24:54,11.8,250,81900
20240124,15:26:17,11.9,50,81900
20240124,15:26:44,11.85,400,81900
20240124,15:28:22,12.5,550,81900
20240124,15:28:31,13.2,50,81900
20240124,15:28:59,13.2,550,81900
20240125,09:18:51,11.9,1,81200
20240125,09:18:51,11.9,100,81200
20240125,09:22:15,11.95,100,81300
20240125,09:22:35,12.0,50,81300
20240125,09:22:45,12.0,250,81300
20240125,09:23:14,12.5,500,81300
20240125,09:23:43,12.5,100,81300
20240125,09:24:06,12.2,100,81300
20240125,09:24:38,12.2,100,79850
20240125,09:25:20,12.5,200,79850
20240125,09:25:30,12.0,150,79850
20240125,09:25:49,12.0,800,79850
20240125,09:26:08,12.0,100,79850
20240125,09:26:50,11.95,150,79850
20240125,09:27:00,10.9,100,79850
20240125,09:29:08,10.9,50,79100
20240125,09:29:31,12.0,250,79100
20240125,09:29:40,12.0,50,79100
20240125,09:30:11,12.0,150,79100
20240125,09:30:21,12.0,100,79100
20240125,09:30:32,12.0,50,79100
20240125,09:30:42,12.0,50,79100
20240125,09:31:22,11.7,350,79100
20240125,09:32:25,11.35,50,79100
20240125,09:43:24,11.9,50,79400
20240125,09:43:34,11.9,100,79400
20240125,09:43:43,12.1,100,79400
20240125,09:48:01,12.25,100,79300
20240125,09:51:48,12.3,50,79300
20240125,10:04:53,12.3,150,79250
20240125,10:08:52,12.1,50,79300
20240125,10:09:12,11.8,50,79300
20240125,10:10:27,11.85,50,79350
20240125,10:10:37,11.8,50,79350
20240125,10:14:19,12.3,150,79450
20240125,10:16:19,12.05,100,79350
20240125,10:16:54,11.75,150,79350
20240125,10:17:04,11.7,150,79350
20240125,10:22:50,12.15,50,79250
20240125,10:24:30,12.1,50,79200
20240125,10:25:00,12.15,150,79200
20240125,10:25:11,12.15,100,79200
20240125,10:26:26,12.25,50,79200
20240125,10:26:36,12.25,50,79200
20240125,10:26:47,12.2,500,79200
20240125,10:26:57,12.25,100,79200
20240125,10:27:06,12.25,50,79200
20240125,10:27:17,12.3,200,78750
20240125,10:27:37,12.35,50,78750
20240125,10:28:06,12.3,150,78750
20240125,10:30:22,12.3,150,78850
20240125,10:32:23,12.3,300,78850
20240125,10:32:34,12.3,50,78850
20240125,10:32:44,12.3,50,78850
20240125,10:32:54,12.3,100,78850
20240125,10:33:15,12.3,50,78850
20240125,10:35:07,12.3,100,78700
20240125,10:37:26,12.35,200,78750
20240125,10:37:54,12.35,300,78750
20240125,10:38:04,12.5,250,78750
20240125,10:38:15,12.5,150,78750
20240125,10:38:35,12.2,50,78750
20240125,10:38:44,12.2,50,78750
20240125,10:40:09,12.2,400,78500
20240125,10:41:19,12.2,150,78500
20240125,10:47:13,12.2,100,79050
20240125,10:49:07,12.1,350,79150
20240125,10:50:14,12.1,50,79150
20240125,10:54:42,12.2,200,79550
20240125,10:56:25,12.2,100,79550
20240125,11:00:19,12.6,150,79750
20240125,11:00:29,12.6,100,79750
20240125,11:00:52,12.6,150,79750
20240125,11:01:11,12.35,50,79750
20240125,11:01:21,12.35,100,79750
20240125,11:01:41,12.65,250,79750
20240125,11:04:44,12.75,100,79600
20240125,11:05:34,12.75,50,79600
20240125,11:07:21,12.75,100,79700
20240125,11:08:08,12.8,450,79700
20240125,11:08:27,12.95,750,79700
20240125,11:08:37,12.95,150,79700
20240125,11:10:22,12.7,500,80150
20240125,11:11:12,12.7,50,80150
20240125,11:12:33,12.45,50,80700
20240125,11:13:19,12.2,250,80700
20240125,11:13:38,12.4,200,80700
20240125,11:17:19,12.35,100,81150
20240125,11:17:28,12.25,50,81150
20240125,11:18:18,12.35,50,81150
20240125,11:18:41,12.4,100,81150
20240125,11:20:49,12.35,50,81150
20240125,11:22:52,13.05,450,81300
20240125,11:23:04,13.05,250,81300
20240125,11:23:15,12.65,100,81300
20240125,11:23:27,12.55,150,81300
20240125,11:23:48,12.65,50,81300
20240125,11:23:59,12.7,950,81300
20240125,11:24:40,12.75,500,82200
20240125,11:25:21,12.8,550,82200
20240125,11:25:51,12.9,50,82200
20240125,11:26:00,13.0,450,82200
20240125,11:27:09,12.6,200,82200
20240125,11:27:32,12.55,100,83600
20240125,11:27:53,12.45,700,83600
20240125,11:28:03,12.4,150,83600
20240125,11:28:13,12.35,300,83600
20240125,11:29:16,12.45,100,83600
20240125,11:29:26,12.5,50,83600
20240125,11:30:38,12.35,850,84550
20240125,11:32:12,12.5,50,84550
20240125,11:34:31,12.3,300,84600
20240125,11:34:41,12.15,200,84600
20240125,11:35:02,12.05,200,84600
20240125,11:36:45,12.3,100,84450
20240125,11:37:35,12.05,600,84450
20240125,11:37:46,12.35,800,84450
20240125,11:37:56,12.25,50,84450
20240125,11:38:06,12.35,50,84450
20240125,11:38:26,12.4,100,84450
20240125,11:39:22,12.5,50,84450
20240125,11:40:44,12.05,50,83600
20240125,11:46:06,12.2,50,83650
20240125,11:47:59,12.2,50,83650
20240125,11:50:50,12.25,200,83650
20240125,11:51:12,11.8,300,83650
20240125,11:52:36,12.0,100,83750
20240125,11:52:56,11.65,200,83750
20240125,12:00:00,11.9,200,83650
20240125,12:00:09,11.95,50,83650
20240125,12:00:40,11.85,50,83500
20240125,12:01:31,12.15,50,83500
20240125,12:05:31,12.15,300,83450
20240125,12:05:41,11.85,450,83450
20240125,12:05:51,11.95,300,83450
20240125,12:06:20,12.1,50,83450
20240125,12:06:38,12.1,50,82800
20240125,12:06:59,12.1,50,82800
20240125,12:13:35,12.2,50,82700
20240125,12:13:44,12.25,50,82700
20240125,12:15:08,12.3,50,82700
20240125,12:15:48,12.25,50,82700
20240125,12:16:11,12.3,250,82700
20240125,12:16:31,12.5,100,82700
20240125,12:20:45,12.15,100,82900
20240125,12:23:55,12.5,50,82900
20240125,12:31:30,12.45,50,82950
20240125,12:35:42,12.5,150,83000
20240125,12:37:15,12.55,50,83150
20240125,12:37:43,12.6,50,83150
20240125,12:38:29,12.5,1050,83150
20240125,12:38:38,12.55,50,83150
20240125,12:39:16,12.6,100,83150
20240125,12:43:40,12.25,50,83150
20240125,12:44:09,12.2,100,83150
20240125,12:48:28,12.2,50,83150
20240125,12:49:18,12.1,350,83200
20240125,12:52:01,12.25,50,83550
20240125,12:53:22,12.25,50,83550
20240125,12:53:39,12.3,200,83550
20240125,12:53:48,12.25,100,83550
20240125,12:54:07,12.15,200,83550
20240125,12:55:02,12.15,50,83850
20240125,12:55:48,12.0,250,83850
20240125,12:57:02,12.2,350,83850
20240125,12:58:35,12.2,50,84400
20240125,13:00:08,12.2,50,84400
20240125,13:00:30,12.2,250,84400
20240125,13:00:39,12.35,100,84750
20240125,13:01:47,12.3,100,84750
20240125,13:03:02,12.35,400,84750
20240125,13:04:06,12.2,1350,85000
20240125,13:05:11,12.25,150,85000
20240125,13:05:21,12.25,200,85000
20240125,13:05:58,12.2,50,85000
20240125,13:06:56,12.2,50,85450
20240125,13:07:15,12.15,100,85450
20240125,13:09:16,11.8,300,85450
20240125,13:09:44,11.65,100,85600
20240125,13:09:53,11.95,250,85600
20240125,13:10:59,11.8,50,85600
20240125,13:12:12,12.05,100,85600
20240125,13:12:20,12.05,50,85600
20240125,13:12:29,12.25,850,85600
20240125,13:13:44,12.3,300,85500
20240125,13:14:02,12.35,50,85500
20240125,13:14:12,12.35,50,85500
20240125,13:14:51,12.35,100,85500
20240125,13:16:38,12.45,100,86000
20240125,13:16:48,12.45,300,86000
20240125,13:17:07,12.55,100,86000
20240125,13:17:17,12.6,100,86000
20240125,13:17:26,12.55,150,86000
20240125,13:17:36,12.6,50,86000
20240125,13:17:46,12.6,100,86000
20240125,13:18:04,12.6,50,86000
20240125,13:18:23,12.6,100,86000
20240125,13:21:24,12.4,100,86750
20240125,13:22:54,12.45,50,86850
20240125,13:31:58,12.6,1250,86850
20240125,13:32:47,12.6,200,86850
20240125,13:34:18,12.5,50,87600
20240125,13:40:39,12.5,50,87600
20240125,13:41:48,12.35,100,87600
20240125,13:42:14,12.2,50,87600
20240125,13:43:40,12.2,250,87700
20240125,13:50:05,12.2,100,87700
20240125,13:50:15,12.2,250,87700
20240125,13:50:25,12.15,350,87700
20240125,13:50:36,12.2,250,87700
20240125,13:51:06,12.2,200,87700
20240125,13:51:17,12.2,400,87700
20240125,13:52:37,12.55,50,88950
20240125,13:52:55,12.25,150,88950
20240125,14:00:30,12.5,450,89050
20240125,14:01:55,12.45,50,88600
20240125,14:02:50,12.5,100,88600
20240125,14:03:17,12.3,100,88600
20240125,14:03:26,12.35,150,88600
20240125,14:05:51,12.2,200,88500
20240125,14:06:00,12.25,250,88500
20240125,14:06:57,12.45,200,88700
20240125,14:07:16,12.8,50,88700
20240125,14:10:12,11.85,2350,88600
20240125,14:10:31,11.7,5000,88600
20240125,14:10:40,11.5,2850,88600
20240125,14:10:59,11.65,5600,88600
20240125,14:11:16,11.7,350,88600
20240125,14:12:28,11.7,3350,88600
20240125,14:12:37,11.7,1700,88600
20240125,14:13:30,11.75,50,108200
20240125,14:13:40,11.75,50,108200
20240125,14:14:28,11.95,100,108200
20240125,14:14:55,11.95,200,108200
20240125,14:15:14,11.8,800,108200
20240125,14:15:24,11.8,200,108200
20240125,14:19:02,11.7,150,108200
20240125,14:21:15,11.75,50,108200
20240125,14:21:24,11.75,150,108200
20240125,14:21:34,11.75,50,108200
20240125,14:23:12,11.75,150,108200
20240125,14:24:31,11.9,250,108200
20240125,14:24:39,11.8,50,108200
20240125,14:25:57,11.9,600,108600
20240125,14:26:05,11.9,1600,108600
20240125,14:26:13,11.9,1100,108600
20240125,14:26:21,11.9,1450,108600
20240125,14:31:33,12.4,100,113350
20240125,14:32:01,12.4,50,113350
20240125,14:32:19,12.3,250,113350
20240125,14:32:28,12.25,50,113350
20240125,14:34:38,12.5,1800,113450
20240125,14:35:05,12.4,50,113450
20240125,14:36:38,12.55,200,113450
20240125,14:36:56,12.25,1800,113450
20240125,14:37:22,12.45,100,115400
20240125,14:37:31,12.4,50,115400
20240125,14:37:39,12.25,5400,115400
20240125,14:37:48,12.25,1200,115400
20240125,14:37:57,12.2,200,115400
20240125,14:38:05,12.25,50,115400
20240125,14:38:31,12.25,50,115400
20240125,14:38:41,12.2,100,115400
20240125,14:38:51,12.1,2550,115400
20240125,14:39:59,12.05,50,123600
20240125,14:40:53,12.45,1800,123600
20240125,14:41:02,12.25,50,123600
20240125,14:42:32,12.25,250,123600
20240125,14:42:42,12.0,100,123600
20240125,14:43:42,12.05,100,123550
20240125,14:44:23,11.9,100,123550
20240125,14:45:17,12.05,1950,123550
20240125,14:45:26,12.25,50,123550
20240125,14:47:25,12.25,300,123600
20240125,14:47:34,12.2,150,123600
20240125,14:47:43,12.05,950,123600
20240125,14:47:52,12.0,250,123600
20240125,14:48:36,12.05,100,123600
20240125,14:50:20,12.0,100,123850
20240125,14:50:53,12.0,100,123850
20240125,14:51:02,12.15,100,123850
20240125,14:51:37,11.85,100,123850
20240125,14:51:55,11.8,1050,123850
20240125,14:52:30,11.7,400,124900
20240125,14:52:48,11.55,150,124900
20240125,14:52:57,11.5,100,124900
20240125,14:53:32,11.5,600,124900
20240125,14:53:42,11.4,50,124900
20240125,14:54:10,11.4,100,124900
20240125,14:54:57,11.35,50,124900
20240125,14:55:16,11.55,650,123800
20240125,14:55:25,11.55,150,123800
20240125,14:55:35,11.6,50,123800
20240125,14:57:58,11.4,1050,123450
20240125,14:58:50,11.5,50,123450
20240125,14:59:24,11.7,1800,123450
20240125,15:00:08,11.75,100,123450
20240125,15:00:18,11.6,200,123450
20240125,15:00:28,11.55,400,123450
20240125,15:01:08,11.4,50,124650
20240125,15:01:40,11.45,300,124650
20240125,15:02:33,11.5,50,124650
20240125,15:03:02,11.75,400,124650
20240125,15:05:07,11.5,50,124300
20240125,15:05:18,11.45,50,124300
20240125,15:06:24,11.45,200,124300
20240125,15:06:35,11.4,50,124300
20240125,15:06:46,11.6,3250,124300
20240125,15:07:40,11.4,2050,126150
20240125,15:10:32,11.65,1800,125450
20240125,15:11:46,11.4,600,125450
20240125,15:11:57,11.4,200,125450
20240125,15:12:08,11.55,600,125450
20240125,15:12:19,11.6,50,125450
20240125,15:12:53,11.4,1400,125450
20240125,15:13:04,11.4,300,125800
20240125,15:13:47,11.3,200,125800
20240125,15:15:02,11.55,100,125800
20240125,15:15:23,11.45,200,125800
20240125,15:15:54,11.55,400,125800
20240125,15:16:05,11.45,150,126250
20240125,15:16:48,11.6,2350,126250
20240125,15:16:58,11.6,500,126250
20240125,15:17:41,11.55,50,126250
20240125,15:18:55,11.35,1350,126250
20240125,15:19:14,11.45,750,126150
20240125,15:19:47,11.4,150,126150
20240125,15:20:15,11.85,1100,126150
20240125,15:20:44,11.9,50,126150
20240125,15:20:54,12.1,300,126150
20240125,15:21:13,13.0,300,126150
20240125,15:21:22,12.6,200,126150
20240125,15:21:32,12.35,6450,126150
20240125,15:21:53,12.35,250,126150
20240125,15:22:03,12.35,800,125050
20240125,15:22:12,12.35,400,125050
20240125,15:22:21,12.45,1700,125050
20240125,15:22:29,12.5,100,125050
20240125,15:22:38,12.45,300,125050
20240125,15:22:47,12.5,1800,125050
20240125,15:22:58,12.6,1550,125050
20240125,15:23:08,12.5,100,125050
20240125,15:23:38,12.8,900,125050
20240125,15:23:48,13.0,150,125050
20240125,15:24:00,12.8,950,125050
20240125,15:25:18,12.6,50,126000
20240125,15:25:37,12.7,250,126000
20240125,15:26:26,12.35,1050,126000
20240125,15:26:56,12.55,150,126000
20240125,15:27:29,12.45,500,126000
20240125,15:27:53,12.1,950,126000
20240125,15:28:04,12.3,950,126850
20240125,15:28:14,12.15,400,126850
20240125,15:28:25,12.3,300,126850
20240125,15:28:38,12.2,50,126850
20240125,15:28:58,12.2,100,126850
20240125,15:29:38,12.5,100,126850
20240129,09:16:05,12.55,1,126350
20240129,09:16:05,12.4,1000,126350
20240129,09:16:13,12.2,100,126350
20240129,09:17:06,12.2,250,126350
20240129,09:17:29,12.5,250,126350
20240129,09:17:42,12.5,200,126350
20240129,09:17:48,12.4,500,126350
20240129,09:17:55,12.4,150,126350
20240129,09:18:03,12.4,100,126350
20240129,09:18:11,12.4,50,126350
20240129,09:18:21,12.3,150,126350
20240129,09:18:30,12.3,350,126350
20240129,09:18:37,12.4,1400,126350
20240129,09:19:03,12.15,250,126350
20240129,09:19:19,12.1,300,126350
20240129,09:20:08,12.2,50,126350
20240129,09:20:17,12.2,1750,126350
20240129,09:20:25,12.0,550,126350
20240129,09:20:34,12.15,150,126350
20240129,09:20:44,12.2,250,126350
20240129,09:20:54,12.0,400,126350
20240129,09:21:03,12.15,300,126350
20240129,09:21:23,11.7,100,126350
20240129,09:21:34,11.7,150,126350
20240129,09:22:34,11.65,1100,126350
20240129,09:22:43,11.6,300,126350
20240129,09:22:52,11.75,250,126350
20240129,09:23:41,11.85,50,127850
20240129,09:24:29,12.25,200,127850
20240129,09:24:56,12.45,1300,127850
20240129,09:25:05,12.4,150,127850
20240129,09:25:16,12.65,550,127850
20240129,09:25:25,12.5,50,127850
20240129,09:25:35,12.4,50,127850
20240129,09:26:15,12.95,350,128300
20240129,09:26:43,12.5,50,128300
20240129,09:26:52,12.5,450,128300
20240129,09:27:09,12.75,300,128300
20240129,09:27:19,12.7,150,128300
20240129,09:27:38,12.65,100,128300
20240129,09:28:12,12.75,50,128300
20240129,09:28:29,12.65,350,128300
20240129,09:28:47,12.75,100,128300
20240129,09:29:07,12.75,1200,128300
20240129,09:29:16,12.65,750,130500
20240129,09:30:07,12.75,250,130500
20240129,09:30:22,13.0,50,130500
20240129,09:30:31,13.0,100,130500
20240129,09:30:48,13.1,2250,130500
20240129,09:31:19,13.1,100,130500
20240129,09:31:53,13.1,1500,130500
20240129,09:32:11,12.85,50,130500
20240129,09:32:19,13.15,500,134600
20240129,09:32:27,13.15,500,134600
20240129,09:32:51,12.65,100,134600
20240129,09:33:10,12.65,50,134600
20240129,09:33:40,12.55,50,134600
20240129,09:33:56,12.5,150,134600
20240129,09:34:05,12.55,750,134600
20240129,09:36:40,12.9,50,136250
20240129,09:38:43,12.55,50,136300
20240129,09:38:58,12.6,200,136300
20240129,09:39:39,12.6,100,136300
20240129,09:40:36,12.5,150,136300
20240129,09:40:51,12.4,50,136300
20240129,09:41:15,12.3,100,136250
20240129,09:41:31,12.3,100,136250
20240129,09:41:40,12.3,200,136250
20240129,09:41:49,12.45,100,136250
20240129,09:42:40,12.45,500,136250
20240129,09:43:05,12.55,150,136250
20240129,09:43:21,12.4,1350,136250
20240129,09:43:30,12.45,1000,136250
20240129,09:43:39,12.6,500,136250
20240129,09:44:11,12.5,500,136250
20240129,09:44:44,12.6,100,136150
20240129,09:45:07,12.5,100,136150
20240129,09:45:38,12.4,50,136150
20240129,09:45:56,12.45,600,136150
20240129,09:46:03,12.3,150,136150
20240129,09:46:34,12.45,50,136150
20240129,09:47:15,12.3,250,136150
20240129,09:47:55,12.25,50,135700
20240129,09:48:35,12.3,50,135700
20240129,09:48:43,12.15,50,135700
20240129,09:48:59,12.25,350,135700
20240129,09:49:31,12.05,550,135700
20240129,09:49:46,12.05,50,135700
20240129,09:50:09,12.3,200,135700
20240129,09:51:21,12.15,50,135650
20240129,09:52:39,12.15,50,135650
20240129,09:53:42,12.0,250,135550
20240129,09:54:23,11.8,350,135550
20240129,09:54:32,11.85,250,135550
20240129,09:54:49,11.9,750,135550
20240129,09:54:56,11.9,900,135550
20240129,09:55:04,11.95,1350,135550
20240129,09:55:14,11.95,950,135550
20240129,09:55:22,11.9,1650,135550
20240129,09:55:30,11.9,50,135550
20240129,09:55:38,12.1,50,135550
20240129,09:56:26,12.15,100,132000
20240129,09:56:41,12.1,600,132000
20240129,09:56:56,12.15,250,132000
20240129,09:57:04,12.3,200,132000
20240129,09:57:11,12.3,700,132000
20240129,09:57:25,12.2,200,132000
20240129,09:57:40,12.3,550,132000
20240129,09:59:02,12.2,100,132000
20240129,09:59:12,12.25,100,132000
20240129,09:59:41,12.3,100,133250
20240129,10:01:13,12.3,400,133250
20240129,10:01:41,12.3,50,133250
20240129,10:02:48,12.15,50,133500
20240129,10:05:05,12.35,550,133500
20240129,10:05:13,12.3,1450,133500
20240129,10:05:23,12.3,50,133600
20240129,10:05:46,12.35,250,133600
20240129,10:06:29,12.35,50,133600
20240129,10:06:54,12.3,450,133600
20240129,10:07:11,12.2,50,133600
20240129,10:09:31,12.0,100,133800
20240129,10:10:11,12.05,300,133800
20240129,10:10:29,12.1,50,133800
20240129,10:11:00,12.0,1900,133800
20240129,10:11:10,11.7,3100,133800
20240129,10:12:06,11.85,2000,138150
20240129,10:12:38,11.7,1800,138150
20240129,10:13:09,11.9,150,138150
20240129,10:13:25,11.95,100,138150
20240129,10:14:08,12.0,800,138150
20240129,10:15:54,11.85,50,142650
20240129,10:16:43,11.95,50,142650
20240129,10:16:52,11.95,100,142650
20240129,10:17:08,12.0,450,142650
20240129,10:17:16,11.95,200,142650
20240129,10:17:31,11.95,50,143400
20240129,10:18:25,11.95,200,143400
20240129,10:20:01,11.75,50,143400
20240129,10:21:07,11.4,200,143400
20240129,10:21:15,11.4,100,143400
20240129,10:25:46,11.5,50,143300
20240129,10:26:43,11.7,100,143300
20240129,10:27:44,11.7,100,143300
20240129,10:30:41,11.55,200,143250
20240129,10:31:31,11.55,200,143250
20240129,10:32:11,11.45,50,143250
20240129,10:32:19,11.7,50,143250
20240129,10:32:43,11.7,50,143250
20240129,10:34:12,11.75,1300,143250
20240129,10:34:45,11.6,50,143250
20240129,10:34:53,11.75,100,143250
20240129,10:35:01,11.55,200,143250
20240129,10:35:08,11.75,1300,143250
20240129,10:35:17,11.75,1250,143250
20240129,10:35:26,11.75,600,147250
20240129,10:36:32,11.75,500,147250
20240129,10:37:39,11.75,200,147250
20240129,10:37:48,11.75,150,147250
20240129,10:37:58,11.75,550,147250
20240129,10:38:06,11.75,550,147250
20240129,10:38:15,11.75,850,147250
20240129,10:38:57,11.95,50,149550
20240129,10:39:40,12.0,100,149550
20240129,10:39:51,11.95,50,149550
20240129,10:40:01,11.85,300,149550
20240129,10:40:11,11.85,750,149550
20240129,10:40:40,12.0,50,149550
20240129,10:40:59,12.0,200,149550
20240129,10:41:09,12.0,200,149550
20240129,10:41:37,11.9,300,148950
20240129,10:41:45,12.0,100,148950
20240129,10:41:54,12.0,50,148950
20240129,10:42:12,12.0,100,148950
20240129,10:42:22,12.0,50,148950
20240129,10:42:31,12.0,50,148950
20240129,10:42:40,12.0,50,148950
20240129,10:42:49,12.0,100,148950
20240129,10:43:58,11.8,50,148950
20240129,10:46:50,11.95,50,148950
20240129,10:47:32,12.0,50,148900
20240129,10:47:58,12.0,50,148900
20240129,10:48:06,12.0,50,148900
20240129,10:48:23,12.0,50,148900
20240129,10:51:35,11.75,150,148900
20240129,10:53:15,11.85,50,148900
20240129,10:54:10,11.85,350,148800
20240129,10:58:09,12.0,350,148650
20240129,10:58:37,12.0,2500,148650
20240129,10:58:55,12.0,100,148650
20240129,10:59:20,11.95,50,148650
20240129,10:59:37,11.95,700,150950
20240129,10:59:46,12.0,50,150950
20240129,11:00:03,12.0,50,150950
20240129,11:00:20,12.0,50,150950
20240129,11:00:38,11.8,200,150950
20240129,11:01:40,11.8,200,150950
20240129,11:05:06,11.9,250,150400
20240129,11:08:00,11.95,50,150500
20240129,11:08:10,12.0,250,150500
20240129,11:10:13,12.0,100,150750
20240129,11:15:35,12.0,1000,150850
20240129,11:16:02,12.0,200,150850
20240129,11:17:08,11.9,50,150850
20240129,11:18:37,11.9,50,152050
20240129,11:19:50,11.7,50,152050
20240129,11:21:49,11.3,50,152050
20240129,11:23:01,11.1,300,152050
20240129,11:23:47,11.05,200,151950
20240129,11:24:07,11.05,150,151950
20240129,11:24:24,11.35,50,151950
20240129,11:24:52,11.25,50,151950
20240129,11:26:36,11.0,50,151750
20240129,11:26:53,11.0,250,151750
20240129,11:27:18,10.75,850,151750
20240129,11:29:03,11.05,100,151750
20240129,11:32:15,11.4,50,151700
20240129,11:32:25,11.4,100,151700
20240129,11:48:34,11.25,650,151600
20240129,11:50:19,11.0,50,151600
20240129,11:50:44,11.25,50,151400
20240129,11:52:01,11.05,50,151400
20240129,11:52:58,11.0,50,151400
20240129,11:53:41,11.05,150,151300
20240129,11:57:24,11.25,250,151150
20240129,11:58:08,11.3,50,151150
20240129,11:59:28,11.3,1000,151150
20240129,12:01:49,11.2,50,151150
20240129,12:02:45,11.3,800,151150
20240129,12:03:47,11.45,400,151150
20240129,12:04:21,11.4,50,151150
20240129,12:05:55,11.4,350,150950
20240129,12:06:37,11.55,150,150950
20240129,12:11:06,11.15,300,150750
20240129,12:15:42,11.25,100,150550
20240129,12:17:24,11.2,50,150550
20240129,12:17:33,11.2,150,150550
20240129,12:18:27,11.2,50,150450
20240129,12:20:03,11.2,50,150450
20240129,12:20:22,11.3,50,150450
20240129,12:20:53,11.3,50,150500
20240129,12:22:15,11.1,1500,150500
20240129,12:22:33,11.05,300,150500
20240129,12:22:42,11.05,50,150500
20240129,12:22:52,11.05,400,150500
20240129,12:23:11,11.15,50,150500
20240129,12:23:30,10.95,250,150500
20240129,12:24:38,11.2,350,150500
20240129,12:25:31,11.15,150,150500
20240129,12:25:39,11.2,50,150500
20240129,12:25:47,11.25,50,150500
20240129,12:27:20,10.9,50,150850
20240129,12:27:39,11.0,50,150850
20240129,12:28:06,10.95,250,150850
20240129,12:28:14,10.95,200,150850
20240129,12:28:35,10.95,50,150850
20240129,12:28:51,11.05,50,150850
20240129,12:31:45,10.8,400,150650
20240129,12:32:03,10.8,50,150650
20240129,12:32:28,10.75,50,150650
20240129,12:33:01,10.7,100,150650
20240129,12:33:11,10.7,50,150650
20240129,12:34:09,10.8,50,150650
20240129,12:34:18,10.85,100,150650
20240129,12:35:16,10.95,350,150650
20240129,12:35:25,10.9,100,150650
20240129,12:35:52,10.9,100,150500
20240129,12:36:27,10.85,300,150500
20240129,12:37:08,10.85,250,150500
20240129,12:37:34,10.85,250,150500
20240129,12:37:42,10.85,500,150500
20240129,12:39:12,10.8,200,151900
20240129,12:40:06,10.8,200,151900
20240129,12:41:05,10.8,50,151900
20240129,12:41:36,10.8,250,151900
20240129,12:42:35,10.8,300,152100
20240129,12:45:27,10.85,200,152350
20240129,12:46:55,10.9,100,152350
20240129,12:48:55,10.9,100,152650
20240129,12:51:18,10.9,50,152750
20240129,12:52:55,10.9,50,152750
20240129,12:54:31,10.9,250,152850
20240129,12:54:40,10.95,50,152850
20240129,12:55:20,11.0,350,152850
20240129,12:55:54,11.0,350,152850
20240129,12:56:02,10.9,400,152850
20240129,12:56:10,10.9,150,152850
20240129,12:56:44,11.05,300,152500
20240129,12:57:22,10.9,50,152500
20240129,12:57:53,10.9,100,152500
20240129,12:58:01,11.0,100,152500
20240129,12:58:44,11.0,150,152500
20240129,13:03:45,11.15,700,152500
20240129,13:07:41,11.5,100,153000
20240129,13:08:47,11.0,200,153000
20240129,13:10:02,11.0,500,153000
20240129,13:11:14,11.25,500,153000
20240129,13:11:31,11.25,300,153000
20240129,13:13:33,11.15,50,153300
20240129,13:14:01,11.25,50,153300
20240129,13:14:09,11.15,250,153300
20240129,13:17:04,11.15,100,153350
20240129,13:19:50,11.1,150,153350
20240129,13:19:59,11.15,50,153350
20240129,13:20:08,11.15,50,153350
20240129,13:21:00,11.15,100,153350
20240129,13:21:08,11.15,250,153350
20240129,13:25:09,11.0,1100,153450
20240129,13:25:58,11.0,50,153450
20240129,13:26:53,10.95,100,154550
20240129,13:31:05,10.95,50,154550
20240129,13:32:07,10.7,200,154550
20240129,13:34:01,11.25,1800,154300
20240129,13:35:59,11.3,1800,154500
20240129,13:36:51,11.15,200,154500
20240129,13:38:57,11.3,300,154600
20240129,13:39:07,11.3,250,154600
20240129,13:39:32,11.35,200,154600
20240129,13:40:40,11.5,2800,154600
20240129,13:40:48,11.55,250,154600
20240129,13:41:37,11.4,250,154600
20240129,13:45:19,11.65,2000,155300
20240129,13:46:31,11.4,400,155300
20240129,13:49:21,11.5,500,153100
20240129,13:51:20,11.7,1800,152900
20240129,13:51:30,11.7,200,152900
20240129,13:51:56,11.55,100,152900
20240129,13:52:46,11.75,2300,152900
20240129,13:53:12,11.9,500,152900
20240129,13:56:13,11.9,100,149050
20240129,13:56:31,11.85,50,149050
20240129,13:57:41,11.7,1850,149050
20240129,13:57:58,11.9,200,149050
20240129,13:58:06,11.95,1000,149050
20240129,13:58:31,11.9,100,149050
20240129,14:01:12,12.0,50,146100
20240129,14:01:39,12.0,450,146100
20240129,14:02:18,12.1,300,146100
20240129,14:02:27,12.15,50,146100
20240129,14:03:31,12.1,200,146100
20240129,14:04:26,11.9,150,146100
20240129,14:04:35,12.0,250,146100
20240129,14:04:44,12.0,750,146100
20240129,14:05:03,12.0,550,146100
20240129,14:06:31,12.05,50,147350
20240129,14:06:57,12.25,950,147350
20240129,14:07:13,12.45,900,147350
20240129,14:07:40,12.35,50,147350
20240129,14:12:58,12.25,150,147950
20240129,14:13:27,12.25,150,147950
20240129,14:14:14,12.0,1700,147950
20240129,14:15:02,12.1,400,149900
20240129,14:15:11,12.15,1600,149900
20240129,14:16:16,12.0,100,149900
20240129,14:16:37,12.3,1800,149900
20240129,14:18:29,12.35,900,150650
20240129,14:20:00,12.3,50,150650
20240129,14:20:53,12.5,300,150650
20240129,14:21:27,12.25,50,151750
20240129,14:22:36,12.5,50,151750
20240129,14:22:44,12.05,100,151750
20240129,14:27:04,12.4,900,151900
20240129,14:27:48,12.4,900,151900
20240129,14:29:54,12.2,50,151900
20240129,14:31:01,12.5,250,153700
20240129,14:31:10,12.25,100,153700
20240129,14:33:22,11.85,300,153850
20240129,14:35:53,12.0,900,153850
20240129,14:37:21,11.95,200,154650
20240129,14:37:39,12.0,50,154650
20240129,14:39:31,12.0,50,154850
20240129,14:39:49,12.05,300,154850
20240129,14:42:34,12.3,100,155050
20240129,14:44:19,12.4,100,155050
20240129,14:44:29,12.4,300,155050
20240129,14:49:08,12.15,400,154950
20240129,14:51:16,12.05,150,155300
20240129,14:51:41,12.15,150,155300
20240129,14:52:38,11.75,550,155300
20240129,14:54:09,11.35,350,155750
20240129,14:54:35,11.2,50,155750
20240129,14:54:43,11.0,250,155750
20240129,14:56:12,11.4,50,155750
20240129,14:57:39,11.45,150,155400
20240129,14:57:48,11.5,150,155400
20240129,14:58:25,11.2,50,155400
20240129,14:59:01,10.6,1100,155400
20240129,14:59:12,10.75,300,155400
20240129,14:59:52,11.1,250,155400
20240129,15:01:13,10.95,400,155350
20240129,15:02:18,11.3,250,155350
20240129,15:02:29,11.3,100,155350
20240129,15:03:27,11.2,500,155550
20240129,15:03:36,11.3,450,155550
20240129,15:03:45,10.8,300,155550
20240129,15:04:59,10.9,250,155550
20240129,15:05:57,11.2,50,155550
20240129,15:06:26,11.2,250,155600
20240129,15:08:57,11.35,50,155600
20240129,15:09:28,11.25,150,155850
20240129,15:10:32,11.4,50,155850
20240129,15:11:14,11.65,900,155850
20240129,15:13:56,11.35,100,155900
20240129,15:16:23,11.15,1850,155900
20240129,15:16:50,11.25,200,155900
20240129,15:16:59,11.25,200,155900
20240129,15:17:46,11.1,400,155900
20240129,15:18:25,11.35,1650,157550
20240129,15:18:53,11.4,500,157550
20240129,15:19:24,11.45,1000,157550
20240129,15:19:53,11.5,500,157550
20240129,15:20:34,11.75,250,157550
20240129,15:20:54,11.75,50,157550
20240129,15:21:13,11.8,50,159750
20240129,15:21:24,11.55,1000,159750
20240129,15:21:35,11.5,1000,159750
20240129,15:22:35,11.95,900,159750
20240129,15:23:45,11.75,50,159750
20240129,15:24:19,11.75,950,161050
20240129,15:24:50,11.75,150,161050
20240129,15:25:33,12.05,50,161050
20240129,15:25:44,12.1,400,161050
20240129,15:26:03,12.0,300,161050
20240129,15:26:25,12.15,350,161050
20240129,15:26:35,12.15,200,161050
20240129,15:27:06,12.15,350,162700
20240129,15:27:17,12.1,50,162700
20240129,15:27:28,12.15,100,162700
20240129,15:27:39,12.15,550,162700
20240129,15:29:25,11.85,400,162700
20240129,15:29:49,11.5,400,162700
20240129,15:30:01,12.45,100,162700
20240130,09:15:54,12.45,1,163650
20240130,09:15:54,12.35,1,163650
20240130,09:15:54,12.4,300,163650
20240130,09:16:03,12.85,700,163650
20240130,09:16:15,12.5,1950,163650
20240130,09:16:58,12.5,1000,163650
20240130,09:17:08,12.6,250,163650
20240130,09:17:19,12.65,350,163750
20240130,09:17:29,12.65,150,163750
20240130,09:18:22,12.5,1050,163750
20240130,09:18:33,12.65,50,163750
20240130,09:18:52,12.8,700,163750
20240130,09:19:02,12.8,50,163750
20240130,09:19:23,12.8,600,163750
20240130,09:19:33,12.65,200,163750
20240130,09:19:43,12.75,100,163750
20240130,09:19:54,12.7,100,163750
20240130,09:20:05,12.65,500,163750
20240130,09:20:16,12.55,550,163750
20240130,09:20:26,12.6,850,163750
20240130,09:20:37,12.6,200,163750
20240130,09:21:00,12.75,200,163750
20240130,09:21:12,12.7,50,163750
20240130,09:21:24,12.8,250,163750
20240130,09:21:34,12.9,50,163750
20240130,09:21:44,12.9,200,163750
20240130,09:21:54,12.85,150,163750
20240130,09:22:05,12.85,400,163750
20240130,09:22:16,12.95,300,163750
20240130,09:22:27,13.1,6550,163750
20240130,09:22:37,13.05,650,163750
20240130,09:22:47,13.05,50,163750
20240130,09:23:08,13.2,2350,163750
20240130,09:23:19,13.2,100,163750
20240130,09:23:30,13.05,300,165100
20240130,09:23:39,13.1,500,165100
20240130,09:23:49,13.05,450,165100
20240130,09:24:08,13.1,100,165100
20240130,09:24:29,13.1,300,165100
20240130,09:24:39,13.0,1450,165100
20240130,09:24:49,13.0,500,165100
20240130,09:24:59,13.05,50,165100
20240130,09:25:09,13.0,1350,165100
20240130,09:25:19,13.0,8850,165100
20240130,09:25:31,13.05,2400,165100
20240130,09:25:42,12.85,3750,165100
20240130,09:25:54,12.8,550,165100
20240130,09:26:06,12.75,500,165100
20240130,09:26:18,12.65,1950,165100
20240130,09:26:30,12.7,9450,176100
20240130,09:26:41,12.75,2100,176100
20240130,09:26:52,12.7,3750,176100
20240130,09:27:03,12.9,1050,176100
20240130,09:27:13,12.8,550,176100
20240130,09:27:24,12.9,150,176100
20240130,09:27:34,12.8,50,176100
20240130,09:27:44,12.75,100,176100
20240130,09:28:05,12.9,950,176100
20240130,09:28:17,12.9,1200,176100
20240130,09:28:29,12.9,50,176100
20240130,09:29:04,12.7,750,176100
