date,time,tick_price,volume,open_interest
20240201,12:12:44,3.05,5700,9100
20240201,12:13:13,2.95,1600,9100
20240201,12:13:23,2.95,500,9100
20240201,12:13:43,2.9,1450,9100
20240201,12:13:52,2.9,2400,9100
20240201,12:14:02,2.7,4550,9100
20240201,12:14:11,2.85,300,9100
20240201,12:14:31,2.85,300,9100
20240201,12:14:50,2.75,150,9100
20240201,12:15:09,2.8,200,9100
20240201,12:16:40,2.75,50,9100
20240201,12:16:49,2.7,50,9100
20240201,12:16:58,2.5,1200,9100
20240201,12:17:26,2.6,1800,9100
20240201,12:17:35,2.55,200,9100
20240201,12:17:44,2.6,100,9100
20240201,12:18:01,2.55,850,7900
20240201,12:18:19,2.45,1200,7900
20240201,12:18:45,2.45,100,7900
20240201,12:18:55,2.6,200,7900
20240201,12:19:05,2.6,1400,7900
20240201,12:19:24,2.5,750,7900
20240201,12:19:33,2.65,1100,7900
20240201,12:19:42,2.55,1500,7900
20240201,12:20:25,2.6,1050,7900
20240201,12:20:34,2.7,400,7900
20240201,12:20:52,2.7,100,7900
20240201,12:21:36,2.75,100,10150
20240201,12:22:20,2.75,200,10150
20240201,12:22:45,2.8,2300,10150
20240201,12:22:54,2.75,350,10150
20240201,12:23:05,2.8,500,10150
20240201,12:23:23,2.8,100,10150
20240201,12:23:32,2.8,50,10150
20240201,12:23:49,2.85,200,10150
20240201,12:23:58,2.85,500,8350
20240201,12:24:06,2.9,650,8350
20240201,12:24:14,3.0,1100,8350
20240201,12:24:31,2.95,100,8350
20240201,12:25:39,2.85,50,8350
20240201,12:25:56,2.8,650,8350
20240201,12:26:13,2.8,450,8350
20240201,12:26:21,2.8,50,8350
20240201,12:26:47,2.75,200,8350
20240201,12:26:56,2.7,100,8350
20240201,12:27:06,2.7,350,7550
20240201,12:27:52,2.75,50,7550
20240201,12:28:18,2.75,50,7550
20240201,12:28:52,2.8,350,7550
20240201,12:29:17,2.75,50,7550
20240201,12:29:53,2.8,100,7550
20240201,12:30:41,2.85,50,7350
20240201,12:31:16,2.9,50,7350
20240201,12:37:42,2.95,200,7350
20240201,12:40:50,2.8,100,7150
20240201,12:40:58,2.95,200,7150
20240201,12:46:38,2.7,50,7200
20240201,12:48:23,2.65,300,7200
20240201,12:48:41,2.7,100,7200
20240201,12:49:00,2.7,100,7200
20240201,12:49:10,2.7,300,7200
20240201,12:49:59,2.7,50,7200
20240201,12:50:30,2.65,100,7200
20240201,12:51:36,2.7,300,7350
20240201,12:52:38,2.65,450,7350
20240201,12:52:47,3.05,750,7350
20240201,12:53:16,2.7,200,7350
20240201,12:53:54,2.6,150,7350
20240201,12:55:43,2.6,3800,6850
20240201,12:55:52,2.6,600,6850
20240201,12:56:10,2.7,150,6850
20240201,12:56:28,2.7,150,6850
20240201,12:57:04,2.7,300,7100
20240201,12:58:27,2.75,150,7100
20240201,12:58:44,2.55,850,7100
20240201,12:58:53,2.6,250,7100
20240201,12:59:02,2.7,200,7100
20240201,12:59:10,2.75,300,7100
20240201,12:59:36,2.7,50,7100
20240201,13:00:02,2.6,350,6850
20240201,13:00:10,2.7,150,6850
20240201,13:00:27,2.6,50,6850
20240201,13:00:36,2.6,50,6850
20240201,13:00:54,2.7,200,6850
20240201,13:01:04,2.65,350,6850
20240201,13:01:14,2.65,150,6850
20240201,13:02:02,2.6,300,6850
20240201,13:03:38,2.6,650,6550
20240201,13:04:12,2.5,200,6550
20240201,13:04:21,2.45,850,6550
20240201,13:04:29,2.55,650,6550
20240201,13:07:01,2.5,700,8750
20240201,13:07:48,2.4,650,8750
20240201,13:07:56,2.5,100,8750
20240201,13:08:05,2.5,300,8750
20240201,13:08:42,2.55,50,8750
20240201,13:09:38,2.5,200,8350
20240201,13:10:25,2.4,300,8350
20240201,13:11:41,2.5,250,8350
20240201,13:11:57,2.5,100,8350
20240201,13:12:05,2.5,100,8150
20240201,13:12:44,2.45,250,8150
20240201,13:12:59,2.45,200,8150
20240201,13:14:07,2.4,150,8150
20240201,13:14:30,2.4,100,8150
20240201,13:15:16,2.4,200,8850
20240201,13:15:42,2.5,150,8850
20240201,13:21:01,2.55,950,9050
20240201,13:22:14,2.5,300,8700
20240201,13:22:23,2.5,50,8700
20240201,13:22:30,2.5,50,8700
20240201,13:24:19,2.6,1050,8700
20240201,13:25:14,2.6,500,8700
20240201,13:26:49,2.6,200,8700
20240201,13:27:11,2.6,200,7900
20240201,13:27:31,2.6,300,7900
20240201,13:27:47,2.6,50,7900
20240201,13:29:04,2.55,50,7900
20240201,13:30:57,2.5,250,7750
20240201,13:31:12,2.5,200,7750
20240201,13:31:19,2.55,950,7750
20240201,13:38:50,2.8,250,8350
20240201,13:39:03,2.75,250,8350
20240201,13:40:50,2.75,850,8550
20240201,13:40:59,2.75,50,8550
20240201,13:41:14,2.7,400,8550
20240201,13:41:22,2.8,100,8550
20240201,13:41:30,2.75,50,8550
20240201,13:41:52,2.75,50,8550
20240201,13:42:00,2.75,350,8550
20240201,13:42:08,2.75,50,7650
20240201,13:42:16,2.8,100,7650
20240201,13:42:24,2.7,50,7650
20240201,13:42:33,2.7,300,7650
20240201,13:45:11,2.65,50,7650
20240201,13:46:26,2.6,600,7650
20240201,13:47:06,2.6,50,7650
20240201,13:47:38,2.55,50,7650
20240201,13:47:46,2.6,100,7650
20240201,13:48:09,2.55,50,8050
20240201,13:48:18,2.55,250,8050
20240201,13:49:17,2.5,250,8050
20240201,13:49:30,2.5,50,8050
20240201,13:51:33,2.5,300,7950
20240201,13:52:36,2.55,200,7950
20240201,13:52:43,2.6,1900,7950
20240201,13:53:47,2.5,50,7950
20240201,13:54:39,2.5,150,8250
20240201,13:55:29,2.5,500,8250
20240201,13:56:04,2.5,100,8250
20240201,13:57:37,2.5,400,8250
20240201,13:57:44,2.5,2000,8300
20240201,13:57:59,2.5,50,8300
20240201,13:58:20,2.5,450,8300
20240201,13:58:35,2.55,100,8300
20240201,14:00:06,2.4,50,8300
20240201,14:00:13,2.4,50,9550
20240201,14:00:21,2.45,50,9550
20240201,14:00:29,2.4,50,9550
20240201,14:01:50,2.45,50,9550
20240201,14:01:57,2.5,250,9550
20240201,14:02:04,2.45,50,9550
20240201,14:02:30,2.5,50,9550
20240201,14:02:44,2.5,50,9550
20240201,14:04:25,2.45,50,9750
20240201,14:04:57,2.45,400,9750
20240201,14:05:04,2.5,1300,9750
20240201,14:05:44,2.5,350,9750
20240201,14:05:58,2.55,1100,9750
20240201,14:07:24,2.45,150,10850
20240201,14:07:47,2.5,50,10850
20240201,14:07:54,2.5,50,10850
20240201,14:08:01,2.45,50,10850
20240201,14:08:08,2.55,150,10850
20240201,14:08:15,2.5,50,10850
20240201,14:08:21,2.5,50,10850
20240201,14:08:36,2.45,150,10850
20240201,14:08:52,2.45,150,10850
20240201,14:09:00,2.45,250,10850
20240201,14:09:07,2.5,200,10250
20240201,14:09:21,2.5,50,10250
20240201,14:10:40,2.45,100,10250
20240201,14:12:06,2.5,600,10250
20240201,14:12:44,2.5,50,10850
20240201,14:12:52,2.55,100,10850
20240201,14:13:01,2.55,100,10850
20240201,14:13:10,2.55,200,10850
20240201,14:13:18,2.55,700,10850
20240201,14:13:26,2.6,3250,10850
20240201,14:13:49,2.6,50,10850
20240201,14:13:56,2.6,150,10850
20240201,14:14:04,2.75,2000,10850
20240201,14:14:12,2.8,100,10850
20240201,14:14:26,2.75,100,10850
20240201,14:14:41,2.75,100,10850
20240201,14:15:10,2.7,350,10850
20240201,14:15:18,2.75,150,15400
20240201,14:15:25,2.7,600,15400
20240201,14:15:40,2.7,750,15400
20240201,14:16:01,2.65,200,15400
20240201,14:16:07,2.6,1400,15400
20240201,14:16:14,2.55,200,15400
20240201,14:16:21,2.5,250,15400
20240201,14:16:28,2.45,100,15400
20240201,14:16:41,2.5,300,15400
20240201,14:16:47,2.5,100,15400
20240201,14:16:53,2.5,150,15400
20240201,14:17:01,2.5,300,15400
20240201,14:17:22,2.55,100,15400
20240201,14:20:17,2.45,2150,14150
20240201,14:20:53,2.5,350,14150
20240201,14:23:11,2.45,150,15450
20240201,14:23:17,2.5,50,15450
20240201,14:23:34,2.5,50,15450
20240201,14:24:04,2.5,50,15450
20240201,14:25:00,2.6,100,15350
20240201,14:25:13,2.55,50,15350
20240201,14:25:19,2.6,50,15350
20240201,14:25:38,2.6,50,15350
20240201,14:26:03,2.55,50,15350
20240201,14:26:14,2.6,50,15350
20240201,14:26:20,2.55,50,15350
20240201,14:26:55,2.65,150,15350
20240201,14:27:01,2.65,150,15350
20240201,14:27:07,2.7,50,15350
20240201,14:28:08,2.6,300,15650
20240201,14:28:21,2.55,50,15650
20240201,14:28:41,2.55,50,15650
20240201,14:29:17,2.6,50,15650
20240201,14:29:30,2.65,50,15650
20240201,14:29:38,2.65,50,15650
20240201,14:29:46,2.7,100,15650
20240201,14:29:54,2.7,150,15650
20240201,14:30:03,2.6,200,15650
20240201,14:30:25,2.6,50,16300
20240201,14:30:31,2.6,200,16300
20240201,14:31:04,2.6,50,16300
20240201,14:31:18,2.6,150,16300
20240201,14:31:37,2.65,50,16300
20240201,14:32:06,2.6,50,16300
20240201,14:32:12,2.6,100,16300
20240201,14:32:42,2.6,50,16300
20240201,14:33:00,2.6,50,16300
20240201,14:34:00,2.55,50,16650
20240201,14:34:05,2.55,50,16650
20240201,14:34:10,2.55,50,16650
20240201,14:34:21,2.55,50,16650
20240201,14:34:39,2.55,200,16650
20240201,14:34:45,2.55,150,16650
20240201,14:35:08,2.55,150,16650
20240201,14:35:20,2.55,50,16650
20240201,14:36:46,2.5,50,16800
20240201,14:36:53,2.5,50,16800
20240201,14:36:59,2.5,50,16800
20240201,14:37:05,2.5,50,16800
20240201,14:37:11,2.45,100,16800
20240201,14:38:47,2.5,100,16800
20240201,14:39:00,2.45,100,16800
20240201,14:39:11,2.45,50,16800
20240201,14:39:17,2.45,50,16500
20240201,14:39:24,2.45,350,16500
20240201,14:39:38,2.4,300,16500
20240201,14:39:46,2.45,150,16500
20240201,14:39:53,2.4,50,16500
20240201,14:40:00,2.4,150,16500
20240201,14:40:07,2.4,200,16500
20240201,14:40:14,2.45,850,16500
20240201,14:40:32,2.45,50,16500
20240201,14:40:39,2.4,50,16500
20240201,14:41:05,2.4,100,16500
20240201,14:41:22,2.4,100,16500
20240201,14:41:28,2.4,200,16500
20240201,14:42:02,2.35,50,16500
20240201,14:43:45,2.35,50,15200
20240201,14:44:12,2.3,100,15200
20240201,14:45:11,2.3,100,15200
20240201,14:46:14,2.65,600,15050
20240201,14:48:19,2.55,50,14750
20240201,14:48:25,2.65,150,14750
20240201,14:48:32,2.8,600,14750
20240201,14:48:38,2.5,1400,14750
20240201,14:48:58,2.5,350,14750
20240201,14:49:04,2.55,50,14750
20240201,14:49:18,2.5,200,14750
20240201,14:49:25,2.5,550,14750
20240201,14:49:31,2.5,150,14750
20240201,14:49:50,2.45,150,14750
20240201,14:50:41,2.45,200,14750
20240201,14:50:57,2.5,300,14750
20240201,14:51:06,2.5,350,14750
20240201,14:51:15,2.5,600,14800
20240201,14:51:23,2.5,200,14800
20240201,14:51:31,2.5,150,14800
20240201,14:51:39,2.5,450,14800
20240201,14:51:46,2.5,200,14800
20240201,14:51:59,2.55,300,14800
20240201,14:52:07,2.55,150,14800
20240201,14:52:14,2.55,50,14800
20240201,14:52:21,2.55,100,14800
20240201,14:52:28,2.55,50,14800
20240201,14:52:35,2.55,100,14800
20240201,14:52:42,2.55,100,14800
20240201,14:52:48,2.55,100,14800
20240201,14:52:54,2.55,50,14800
20240201,14:53:00,2.55,150,14800
20240201,14:53:06,2.55,50,14800
20240201,14:53:12,2.55,200,14800
20240201,14:53:19,2.55,200,14800
20240201,14:53:31,2.55,250,14800
20240201,14:53:38,2.6,100,14800
20240201,14:53:45,2.6,100,14800
20240201,14:53:56,2.6,150,14800
20240201,14:54:14,2.6,150,14800
20240201,14:55:20,2.6,100,18200
20240201,14:56:12,2.65,100,18200
20240201,14:56:22,2.65,400,18200
20240201,14:56:31,2.6,800,18200
20240201,14:57:13,2.5,1250,18500
20240201,14:57:20,2.5,850,18500
20240201,14:57:34,2.5,450,18500
20240201,14:57:40,2.5,400,18500
20240201,14:57:46,2.5,600,18500
20240201,14:59:01,2.5,1800,18500
20240201,14:59:12,2.5,100,18500
20240201,14:59:32,2.6,900,18500
20240201,14:59:53,2.6,300,18500
20240201,15:00:13,2.55,50,18500
20240201,15:00:36,2.5,50,18500
20240201,15:01:21,2.5,50,18500
20240201,15:01:40,2.5,350,18500
20240201,15:01:46,2.5,1500,18500
20240201,15:02:05,2.5,2250,18500
20240201,15:02:27,2.5,100,18500
20240201,15:02:35,2.55,200,18500
20240201,15:02:42,2.55,200,18500
20240201,15:02:50,2.5,50,18500
20240201,15:02:57,2.5,100,18500
20240201,15:03:35,2.5,1450,18950
20240201,15:04:06,2.45,50,18950
20240201,15:04:23,2.5,50,18950
20240201,15:04:31,2.5,600,18950
20240201,15:04:55,2.4,150,18950
20240201,15:05:18,2.45,100,18950
20240201,15:05:34,2.45,50,18950
20240201,15:05:41,2.45,100,18950
20240201,15:05:48,2.45,100,18950
20240201,15:05:55,2.5,50,18950
20240201,15:07:07,2.55,100,19200
20240201,15:07:29,2.5,50,19200
20240201,15:07:36,2.55,50,19200
20240201,15:07:42,2.45,50,19200
20240201,15:08:57,2.5,300,19200
20240201,15:09:19,2.5,100,19350
20240201,15:09:33,2.5,1200,19350
20240201,15:09:46,2.45,400,19350
20240201,15:10:07,2.45,200,19350
20240201,15:10:14,2.5,1000,19350
20240201,15:10:22,2.5,100,19350
20240201,15:10:29,2.5,50,19350
20240201,15:11:12,2.55,450,19350
20240201,15:11:18,2.55,200,19350
20240201,15:11:26,2.6,100,19350
20240201,15:11:33,2.6,1050,19350
20240201,15:11:47,2.7,150,19350
20240201,15:12:07,2.55,250,19350
20240201,15:12:14,2.55,100,19350
20240201,15:12:21,2.55,250,19200
20240201,15:12:27,2.55,50,19200
20240201,15:12:41,2.6,1850,19200
20240201,15:12:49,2.6,500,19200
20240201,15:12:57,2.55,50,19200
20240201,15:13:04,2.55,100,19200
20240201,15:13:10,2.55,600,19200
20240201,15:13:17,2.5,300,19200
20240201,15:13:25,2.5,400,19200
20240201,15:13:31,2.55,1000,19200
20240201,15:13:38,2.55,250,19200
20240201,15:14:01,2.5,200,19200
20240201,15:14:08,2.5,950,19200
20240201,15:15:05,2.4,1000,19200
20240201,15:15:13,2.55,100,19200
20240201,15:16:14,2.5,100,16550
20240201,15:16:43,2.5,200,16550
20240201,15:17:07,2.5,2000,16550
20240201,15:17:48,2.5,1700,16550
20240201,15:18:03,2.55,500,16550
20240201,15:18:19,2.5,50,17550
20240201,15:18:33,2.5,300,17550
20240201,15:19:02,2.55,1750,17550
20240201,15:19:09,2.55,150,17550
20240201,15:19:18,2.5,350,17550
20240201,15:19:25,2.55,50,17550
20240201,15:19:32,2.5,450,17550
20240201,15:19:39,2.6,650,17550
20240201,15:20:08,2.5,500,17550
20240201,15:20:52,2.55,100,17550
20240201,15:21:32,2.5,100,17050
20240201,15:21:42,2.5,50,17050
20240201,15:21:51,2.5,100,17050
20240201,15:22:08,2.6,2200,17050
20240201,15:22:33,2.55,50,17050
20240201,15:22:41,2.5,50,17050
20240201,15:22:57,2.55,50,17050
20240201,15:23:20,2.6,100,17050
20240201,15:24:06,2.6,100,17050
20240201,15:24:13,2.5,100,17050
20240201,15:24:22,2.6,200,18800
20240201,15:24:57,2.55,50,18800
20240201,15:25:05,2.55,400,18800
20240201,15:25:13,2.5,100,18800
20240201,15:25:33,2.5,100,18800
20240201,15:25:50,2.55,50,18800
20240201,15:26:34,2.55,450,18800
20240201,15:27:06,2.55,50,18800
20240201,15:27:22,2.6,100,19200
20240201,15:27:46,2.65,100,19200
20240201,15:27:52,2.6,100,19200
20240201,15:28:39,2.8,350,19200
20240201,15:29:30,2.95,50,19200
20240201,15:29:45,2.7,500,19200
20240201,15:29:52,3.05,50,19200
20240202,09:15:02,3.15,1,19750
20240202,09:15:02,2.6,1300,19750
20240202,09:15:04,2.55,200,19750
20240202,09:15:05,2.5,100,19750
20240202,09:15:06,2.5,150,19750
20240202,09:15:08,2.6,50,19750
20240202,09:15:12,2.1,100,19750
20240202,09:15:13,2.1,200,19750
20240202,09:15:15,2.05,150,19750
20240202,09:15:17,2.1,100,19750
20240202,09:15:29,2.1,50,19750
20240202,09:15:31,2.1,450,19750
20240202,09:15:32,2.1,50,19750
20240202,09:15:36,2.1,300,19750
20240202,09:15:37,2.0,1300,19750
20240202,09:15:38,2.0,450,19750
20240202,09:15:49,2.0,50,19750
20240202,09:15:52,2.0,800,19750
20240202,09:15:58,1.95,50,19750
20240202,09:16:02,1.95,100,19750
20240202,09:16:04,1.95,400,19750
20240202,09:16:09,1.95,500,19750
20240202,09:16:10,1.95,350,19750
20240202,09:16:20,2.0,700,19750
20240202,09:16:25,2.0,800,19750
20240202,09:16:44,2.0,50,19750
20240202,09:16:56,2.05,250,19750
20240202,09:17:00,2.05,50,19750
20240202,09:17:01,2.05,1700,19750
20240202,09:17:03,2.05,50,19750
20240202,09:17:14,2.05,200,24000
20240202,09:17:28,2.05,500,24000
20240202,09:17:30,2.05,1500,24000
20240202,09:17:40,2.05,900,24000
20240202,09:17:55,2.05,50,24000
20240202,09:17:56,2.05,100,24000
20240202,09:18:10,2.0,100,24000
20240202,09:18:19,2.0,50,24000
20240202,09:18:20,2.0,50,24000
20240202,09:18:33,1.95,200,24000
20240202,09:18:57,1.95,50,24000
20240202,09:19:00,1.9,500,24000
20240202,09:19:05,1.9,700,24000
20240202,09:19:12,1.9,50,24000
20240202,09:20:02,2.0,50,24000
20240202,09:20:05,1.95,850,24000
20240202,09:20:36,1.95,50,26500
20240202,09:20:37,1.95,50,26500
20240202,09:20:38,1.95,50,26500
20240202,09:20:39,1.95,50,26500
20240202,09:20:40,1.95,50,26500
20240202,09:20:41,1.95,50,26500
20240202,09:20:42,1.95,50,26500
20240202,09:20:43,1.95,50,26500
20240202,09:20:44,1.95,50,26500
20240202,09:20:45,1.95,50,26500
20240202,09:20:46,1.95,250,26500
20240202,09:20:47,1.95,200,26500
20240202,09:20:48,1.95,50,26500
20240202,09:20:50,2.0,150,26500
20240202,09:21:06,1.95,50,26500
20240202,09:21:09,1.9,50,26500
20240202,09:21:10,1.9,200,26500
20240202,09:21:11,1.9,200,26500
20240202,09:21:12,1.9,1200,26500
20240202,09:21:15,1.85,150,26500
20240202,09:21:17,1.85,200,26500
20240202,09:21:39,1.85,50,26500
20240202,09:21:48,1.85,600,26500
20240202,09:21:50,1.95,50,26500
20240202,09:22:06,1.9,50,26500
20240202,09:22:11,1.9,300,26500
20240202,09:22:13,1.9,750,26500
20240202,09:22:31,1.9,50,26500
20240202,09:22:32,1.9,50,26500
20240202,09:22:33,1.9,50,26500
20240202,09:22:35,1.9,50,26500
20240202,09:22:36,1.9,600,26500
20240202,09:22:38,1.9,100,26500
20240202,09:22:41,1.95,50,26500
20240202,09:22:42,1.95,50,26500
20240202,09:22:43,1.95,50,26500
20240202,09:22:44,1.95,50,26500
20240202,09:22:45,1.95,50,26500
20240202,09:22:46,1.95,50,26500
20240202,09:22:47,1.95,50,26500
20240202,09:22:48,1.95,50,26500
20240202,09:22:49,1.95,50,26500
20240202,09:22:50,1.95,50,26500
20240202,09:22:51,1.95,50,26500
20240202,09:22:52,1.95,50,26500
20240202,09:22:53,1.95,100,26500
20240202,09:22:57,1.95,50,26500
20240202,09:22:58,1.95,50,26500
20240202,09:22:59,1.95,50,26500
20240202,09:23:00,1.9,150,26500
20240202,09:23:01,1.9,150,26500
20240202,09:23:02,1.9,150,26500
20240202,09:23:03,1.95,50,26500
20240202,09:23:04,1.9,200,26500
20240202,09:23:05,1.9,200,26500
20240202,09:23:06,1.9,200,26500
20240202,09:23:07,1.95,150,26500
20240202,09:23:08,1.9,300,26500
20240202,09:23:09,1.9,300,26500
20240202,09:23:10,1.9,300,26500
20240202,09:23:11,1.95,50,26500
20240202,09:23:12,1.95,200,26500
20240202,09:23:13,1.95,150,26850
20240202,09:23:14,1.95,50,26850
20240202,09:23:15,1.95,50,26850
20240202,09:23:16,1.95,50,26850
20240202,09:23:17,1.95,50,26850
20240202,09:23:18,1.95,50,26850
20240202,09:23:19,1.95,50,26850
20240202,09:23:20,1.95,200,26850
20240202,09:23:21,1.95,200,26850
20240202,09:23:22,1.95,200,26850
20240202,09:23:23,1.95,50,26850
20240202,09:23:24,1.95,50,26850
20240202,09:23:25,1.95,50,26850
20240202,09:23:47,1.95,50,26850
20240202,09:23:50,1.95,1250,26850
20240202,09:23:57,1.95,50,26850
20240202,09:25:47,1.95,250,26850
20240202,09:25:48,1.95,300,26850
20240202,09:25:49,2.0,500,26850
20240202,09:25:50,2.0,250,26850
20240202,09:25:51,2.0,250,26850
20240202,09:25:52,2.0,500,26850
20240202,09:25:54,2.0,400,26850
20240202,09:25:54,2.0,250,26850
20240202,09:25:56,2.0,1150,26850
20240202,09:25:56,2.0,250,26850
20240202,09:25:57,2.0,450,26850
20240202,09:25:58,2.0,200,26850
20240202,09:25:59,2.0,200,26850
20240202,09:26:00,2.0,200,26850
20240202,09:26:01,2.0,200,26850
20240202,09:26:02,2.0,200,26850
20240202,09:26:03,2.0,200,26850
20240202,09:26:05,2.0,400,26850
20240202,09:26:06,2.0,200,26850
20240202,09:26:07,2.0,200,26850
20240202,09:26:08,2.0,200,26850
20240202,09:26:09,2.0,250,26850
20240202,09:26:10,2.0,200,26850
20240202,09:26:12,2.0,400,26850
20240202,09:26:13,2.0,200,26850
20240202,09:26:14,2.0,200,26850
20240202,09:26:15,2.0,200,30050
20240202,09:26:16,2.0,200,30050
20240202,09:26:17,2.0,200,30050
20240202,09:26:18,2.0,200,30050
20240202,09:26:19,2.0,200,30050
20240202,09:26:20,2.0,200,30050
20240202,09:26:21,2.0,200,30050
20240202,09:26:22,2.0,200,30050
20240202,09:26:23,2.0,200,30050
20240202,09:26:24,2.0,200,30050
20240202,09:26:25,2.0,200,30050
20240202,09:26:26,2.0,50,30050
20240202,09:26:27,2.0,50,30050
20240202,09:26:28,2.0,50,30050
20240202,09:26:29,2.0,50,30050
20240202,09:26:30,2.0,200,30050
20240202,09:26:31,2.0,200,30050
20240202,09:26:32,2.0,50,30050
20240202,09:26:33,2.0,50,30050
20240202,09:26:34,2.0,50,30050
20240202,09:26:35,2.0,50,30050
20240202,09:26:36,2.0,50,30050
20240202,09:26:37,2.0,50,30050
20240202,09:26:38,2.0,200,30050
20240202,09:26:39,2.0,200,30050
20240202,09:26:40,2.0,200,30050
20240202,09:26:41,2.0,200,30050
20240202,09:26:44,2.0,50,30050
20240202,09:26:45,2.0,50,30050
20240202,09:26:46,2.0,50,30050
20240202,09:26:47,2.0,50,30050
20240202,09:26:48,2.0,50,30050
20240202,09:26:49,2.0,100,30050
20240202,09:26:50,2.0,50,30050
20240202,09:26:51,2.0,50,30050
20240202,09:26:52,2.0,50,30050
20240202,09:26:53,2.0,50,30050
20240202,09:26:54,2.0,50,30050
20240202,09:26:55,2.0,50,30050
20240202,09:26:56,2.0,50,30050
20240202,09:26:59,2.0,50,30050
20240202,09:27:01,2.0,50,30050
20240202,09:27:41,2.0,50,30050
20240202,09:27:54,2.0,100,30050
20240202,09:27:57,2.0,50,30050
20240202,09:28:01,2.0,100,30050
20240202,09:28:27,2.0,50,30050
20240202,09:28:57,2.0,150,30050
20240202,09:30:04,1.95,550,30050
20240202,09:30:40,1.95,50,35050
20240202,09:30:43,2.0,50,35050
20240202,09:30:44,2.0,50,35050
20240202,09:30:45,2.0,50,35050
20240202,09:30:46,2.0,50,35050
20240202,09:30:47,2.0,50,35050
20240202,09:30:48,2.0,200,35050
20240202,09:30:49,2.0,200,35050
20240202,09:30:50,2.0,200,35050
20240202,09:30:53,2.0,50,35050
20240202,09:30:54,2.0,50,35050
20240202,09:30:55,2.0,50,35050
20240202,09:30:56,2.0,50,35050
20240202,09:30:57,1.95,50,35050
20240202,09:32:06,2.0,300,35050
20240202,09:32:15,2.0,1650,35050
20240202,09:32:41,1.95,900,35700
20240202,09:32:51,1.95,100,35700
20240202,09:32:56,1.9,200,35700
20240202,09:32:57,1.9,200,35700
20240202,09:32:58,1.9,200,35700
20240202,09:32:59,1.9,200,35700
20240202,09:33:00,1.9,200,35700
20240202,09:33:01,1.95,800,35700
20240202,09:33:02,1.95,200,35700
20240202,09:33:03,1.95,200,35700
20240202,09:33:04,1.95,200,35700
20240202,09:33:05,1.95,200,35700
20240202,09:33:06,1.95,200,35700
20240202,09:33:07,1.95,200,35700
20240202,09:33:08,1.95,100,35700
20240202,09:33:09,1.95,50,35700
20240202,09:33:10,1.95,50,35700
20240202,09:33:11,1.95,50,35700
20240202,09:33:12,1.95,50,35700
20240202,09:33:20,1.9,50,35700
20240202,09:33:44,1.9,50,35700
20240202,09:33:45,1.9,50,35700
20240202,09:33:46,1.9,50,35700
20240202,09:34:06,1.95,500,35700
20240202,09:34:12,1.9,50,35700
20240202,09:34:34,1.95,50,35700
20240202,09:35:03,1.95,50,35700
20240202,09:35:12,1.95,50,35700
20240202,09:35:13,1.95,200,35700
20240202,09:35:14,1.95,200,35700
20240202,09:35:15,1.95,200,33700
20240202,09:35:16,1.95,200,33700
20240202,09:35:17,1.95,200,33700
20240202,09:35:18,1.95,200,33700
20240202,09:35:19,1.95,200,33700
20240202,09:35:21,1.95,50,33700
20240202,09:35:22,1.95,50,33700
20240202,09:35:24,1.95,100,33700
20240202,09:35:42,1.95,150,33700
20240202,09:36:02,1.95,50,33700
20240202,09:36:03,1.95,50,33700
20240202,09:36:04,1.95,50,33700
20240202,09:36:05,1.95,50,33700
20240202,09:36:07,1.95,100,33700
20240202,09:36:08,1.95,50,33700
20240202,09:36:09,1.95,50,33700
20240202,09:36:10,1.95,50,33700
20240202,09:36:11,1.95,200,33700
20240202,09:36:14,2.0,200,33700
20240202,09:36:18,2.0,50,33700
20240202,09:36:21,2.0,50,33700
20240202,09:36:24,2.0,50,33700
20240202,09:36:25,2.0,50,33700
20240202,09:36:26,2.0,50,33700
20240202,09:36:27,2.0,200,33700
20240202,09:36:28,2.0,200,33700
20240202,09:36:29,2.0,200,33700
20240202,09:36:31,2.0,900,33700
20240202,09:36:32,2.0,50,33700
20240202,09:36:33,2.0,50,33700
20240202,09:36:34,2.0,50,33700
20240202,09:36:35,2.0,50,33700
20240202,09:36:36,2.0,50,33700
20240202,09:36:37,2.0,50,33700
20240202,09:36:39,2.0,100,33700
20240202,09:36:40,2.0,50,33700
20240202,09:36:41,2.0,50,33700
20240202,09:36:42,2.0,50,33700
20240202,09:36:43,2.0,50,33700
20240202,09:36:45,2.0,100,33700
20240202,09:36:46,2.0,50,33700
20240202,09:36:47,1.95,100,33700
20240202,09:36:48,2.0,50,33700
20240202,09:36:49,2.0,50,33700
20240202,09:36:50,2.0,50,33700
20240202,09:36:51,2.0,50,33700
20240202,09:36:52,2.0,50,33700
20240202,09:36:53,2.0,50,33700
20240202,09:36:54,2.0,50,33700
20240202,09:36:55,2.0,50,33700
20240202,09:36:56,2.0,50,33700
20240202,09:36:58,2.0,50,33700
20240202,09:37:01,2.0,750,33700
20240202,09:37:02,2.0,600,33700
20240202,09:37:03,2.0,300,33700
20240202,09:37:04,2.0,100,33700
20240202,09:37:06,2.0,50,33700
20240202,09:37:27,2.05,50,33700
20240202,09:37:38,2.05,50,33700
20240202,09:37:59,1.95,50,33700
20240202,09:38:14,1.95,500,33700
20240202,09:39:02,2.0,100,39050
20240202,09:39:17,2.0,50,39050
20240202,09:39:58,1.95,600,39050
20240202,09:39:59,2.0,50,39050
20240202,09:40:37,2.0,50,39050
20240202,09:41:03,1.95,3550,39050
20240202,09:41:04,1.95,1450,39050
20240202,09:41:08,1.95,3050,39050
20240202,09:41:18,1.95,150,39050
20240202,09:41:50,1.9,1350,42600
20240202,09:42:09,2.0,50,42600
20240202,09:42:31,2.0,50,42600
20240202,09:42:38,2.0,1800,42600
20240202,09:43:24,1.95,100,42600
20240202,09:43:42,1.95,2000,42600
20240202,09:43:50,1.95,50,42600
20240202,09:43:51,1.95,50,42600
20240202,09:43:54,2.0,50,42600
20240202,09:43:57,2.0,50,42600
20240202,09:43:58,2.0,50,42600
20240202,09:43:59,2.0,50,42600
20240202,09:44:00,2.0,50,42600
20240202,09:44:01,2.0,50,42600
20240202,09:44:02,2.0,50,42600
20240202,09:44:28,1.95,50,42600
20240202,09:45:35,2.0,50,44950
20240202,09:45:42,1.95,50,44950
20240202,09:45:56,2.0,250,44950
20240202,09:47:05,2.0,50,44950
20240202,09:47:10,2.0,100,44950
20240202,09:47:11,2.0,50,44950
20240202,09:47:29,1.95,150,45100
20240202,09:47:30,1.95,300,45100
20240202,09:47:32,1.95,150,45100
20240202,09:47:34,1.95,300,45100
20240202,09:47:35,1.95,150,45100
20240202,09:47:58,2.0,50,45100
20240202,09:48:18,1.95,50,45100
20240202,09:48:36,1.95,50,45100
20240202,09:48:45,1.95,2700,45100
20240202,09:48:47,1.95,750,45100
20240202,09:48:57,1.9,50,45100
20240202,09:48:58,1.95,50,45100
20240202,09:49:04,1.95,50,45100
20240202,09:49:37,1.95,50,45100
20240202,09:50:03,1.9,250,45100
20240202,09:51:24,1.9,50,45200
20240202,09:51:25,1.9,50,45200
20240202,09:51:26,1.9,50,45200
20240202,09:51:27,1.9,50,45200
20240202,09:51:28,1.9,200,45200
20240202,09:51:29,1.9,200,45200
20240202,09:51:30,1.9,200,45200
20240202,09:51:31,1.9,200,45200
20240202,09:51:32,1.9,50,45200
20240202,09:51:33,1.9,100,45200
20240202,09:51:35,1.9,50,45200
20240202,09:51:36,1.9,50,45200
20240202,09:51:37,1.9,50,45200
20240202,09:51:38,1.9,50,45200
20240202,09:51:39,1.9,50,45200
20240202,09:51:40,1.9,50,45200
20240202,09:51:41,1.9,50,45200
20240202,09:51:42,1.9,50,45200
20240202,09:51:43,1.9,50,45200
20240202,09:51:44,1.9,50,45200
20240202,09:51:45,1.9,50,45200
20240202,09:51:47,1.9,50,45200
20240202,09:51:53,1.9,50,45200
20240202,09:51:54,1.9,50,45200
20240202,09:51:56,1.9,50,45200
20240202,09:51:57,1.9,50,45200
20240202,09:51:58,1.9,50,45200
20240202,09:51:59,1.9,50,45200
20240202,09:52:06,1.9,50,45200
20240202,09:52:14,1.9,50,45200
20240202,09:52:15,1.9,50,45200
20240202,09:52:16,1.9,50,45200
20240202,09:52:17,1.9,50,45200
20240202,09:52:18,1.9,50,45200
20240202,09:52:19,1.9,50,45200
20240202,09:52:20,1.9,50,45200
20240202,09:52:21,1.9,50,45200
20240202,09:52:22,1.9,50,45200
20240202,09:52:23,1.9,50,45200
20240202,09:52:24,1.9,50,45200
20240202,09:52:25,1.9,50,45200
20240202,09:52:26,1.9,50,45200
20240202,09:52:27,1.9,100,45200
20240202,09:52:28,1.9,200,45200
20240202,09:52:29,1.9,200,45200
20240202,09:52:30,1.9,200,45200
20240202,09:52:33,1.9,50,45200
20240202,09:52:34,1.9,50,45200
20240202,09:52:35,1.9,50,45200
20240202,09:52:36,1.9,50,45200
20240202,09:52:37,1.9,50,45200
20240202,09:52:38,1.9,50,45200
20240202,09:52:39,1.9,50,45200
20240202,09:52:40,1.9,50,45200
20240202,09:52:41,1.9,50,45200
20240202,09:52:42,1.9,50,45200
20240202,09:52:43,1.9,50,45200
20240202,09:52:44,1.9,50,45200
20240202,09:52:45,1.9,50,45200
20240202,09:52:46,1.9,50,45200
20240202,09:52:47,1.9,50,45200
20240202,09:52:48,1.9,50,45200
20240202,09:52:49,1.9,50,45200
20240202,09:52:50,1.9,50,45200
20240202,09:52:51,1.9,50,45200
20240202,09:52:52,1.9,50,45200
20240202,09:52:53,1.9,50,45200
20240202,09:52:54,1.9,50,45200
20240202,09:52:55,1.9,50,45200
20240202,09:52:56,1.9,50,45200
20240202,09:52:57,1.9,50,45200
20240202,09:52:58,1.9,50,45200
20240202,09:52:59,1.9,50,45200
20240202,09:53:00,1.9,50,45200
20240202,09:53:01,1.9,50,45200
20240202,09:53:02,1.9,50,45200
20240202,09:53:03,1.9,50,45200
20240202,09:53:04,1.9,50,45200
20240202,09:53:05,1.9,50,45200
20240202,09:53:06,1.9,50,45200
20240202,09:53:07,1.9,50,45200
20240202,09:53:08,1.9,50,45200
20240202,09:53:09,1.9,50,45200
20240202,09:53:10,1.9,50,45200
20240202,09:53:11,1.9,50,45200
20240202,09:53:12,1.9,50,45200
20240202,09:53:13,1.9,50,45200
20240202,09:53:14,1.9,100,45200
20240202,09:53:15,1.9,50,45200
20240202,09:53:16,1.9,50,45200
20240202,09:53:17,1.9,200,45200
20240202,09:53:18,1.9,200,42000
20240202,09:53:19,1.9,50,42000
20240202,09:53:20,1.9,50,42000
20240202,09:53:21,1.9,50,42000
20240202,09:53:22,1.9,50,42000
20240202,09:53:23,1.9,50,42000
20240202,09:53:24,1.9,50,42000
20240202,09:53:25,1.9,50,42000
20240202,09:53:26,1.9,50,42000
20240202,09:53:27,1.9,50,42000
20240202,09:53:28,1.9,50,42000
20240202,09:53:29,1.9,50,42000
20240202,09:53:30,1.95,1850,42000
20240202,09:53:31,1.9,50,42000
20240202,09:53:32,1.9,200,42000
20240202,09:53:33,1.9,200,42000
20240202,09:53:37,1.9,50,42000
20240202,09:53:38,1.9,50,42000
20240202,09:53:39,1.9,200,42000
20240202,09:53:40,1.9,200,42000
20240202,09:53:41,1.9,200,42000
20240202,09:53:42,1.9,200,42000
20240202,09:56:27,1.9,3000,42000
20240202,09:56:30,1.9,300,41400
20240202,09:56:31,1.9,1200,41400
20240202,09:57:02,1.9,700,41400
20240202,09:57:07,1.9,150,41400
20240202,09:57:10,1.9,50,41400
20240202,09:57:13,1.95,50,41400
20240202,09:57:25,1.9,100,41400
20240202,09:57:56,1.85,350,41400
20240202,09:58:05,1.85,150,41400
20240202,09:58:28,1.85,350,41400
20240202,09:58:39,1.85,50,41400
20240202,09:58:58,1.85,900,41400
20240202,10:00:03,1.85,100,41500
20240202,10:00:06,1.85,100,41500
20240202,10:00:08,1.85,400,41500
20240202,10:00:10,1.85,400,41500
20240202,10:00:11,1.85,400,41500
20240202,10:00:13,1.85,400,41500
20240202,10:00:18,1.85,400,41500
20240202,10:00:27,1.85,400,41500
20240202,10:00:29,1.85,400,41500
20240202,10:00:37,1.85,400,41500
20240202,10:00:41,1.85,400,41500
20240202,10:00:42,1.85,200,41500
20240202,10:02:32,1.85,500,45500
20240202,10:07:41,1.85,50,45400
20240202,10:08:56,1.8,1650,45450
20240202,10:09:35,1.8,1150,45450
20240202,10:09:53,1.75,1350,45450
20240202,10:09:54,1.75,1350,45450
20240202,10:09:58,1.7,300,45450
20240202,10:10:36,1.7,2550,45450
20240202,10:10:41,1.7,300,45450
20240202,10:10:47,1.7,6800,45450
20240202,10:10:50,1.7,100,45450
20240202,10:11:08,1.7,300,45450
20240202,10:11:12,1.7,1000,45450
20240202,10:11:21,1.7,100,45450
20240202,10:12:54,1.7,600,49350
20240202,10:13:12,1.7,250,49350
20240202,10:15:28,1.75,300,49600
20240202,10:19:43,1.65,2950,49850
20240202,10:20:19,1.7,700,49850
20240202,10:20:21,1.7,250,47000
20240202,10:20:43,1.7,50,47000
20240202,10:20:56,1.7,50,47000
20240202,10:22:06,1.65,600,47000
20240202,10:22:32,1.7,700,47000
20240202,10:22:33,1.7,50,47000
20240202,10:22:34,1.7,200,47000
20240202,10:23:18,1.7,400,47000
20240202,10:23:25,1.65,450,47000
20240202,10:23:27,1.7,50,48250
20240202,10:23:28,1.7,50,48250
20240202,10:25:39,1.65,50,48250
20240202,10:25:49,1.65,150,48250
20240202,10:25:52,1.6,4550,48250
20240202,10:26:14,1.65,1800,48250
20240202,10:26:17,1.6,50,48250
20240202,10:31:33,1.6,50,49800
20240202,10:32:11,1.6,1800,49800
20240202,10:32:28,1.65,50,49600
20240202,10:32:43,1.6,50,49600
20240202,10:33:11,1.65,50,49600
20240202,10:33:39,1.6,50,49600
20240202,10:35:00,1.65,200,49600
20240202,10:38:57,1.6,50,49550
20240202,10:41:40,1.65,900,49550
20240202,10:42:12,1.65,50,49550
20240202,10:42:15,1.6,100,49550
20240202,10:43:07,1.65,500,49550
20240202,10:45:28,1.6,50,49450
20240202,10:47:28,1.65,100,49450
20240202,10:48:47,1.6,50,49400
20240202,10:50:07,1.6,50,49400
20240202,10:50:39,1.6,50,49400
20240202,10:54:11,1.6,200,49400
20240202,10:55:02,1.6,350,49400
20240202,10:58:48,1.65,100,49400
20240202,10:58:58,1.65,1000,49650
20240202,10:59:57,1.65,50,49650
20240202,11:00:05,1.65,50,49650
20240202,11:00:24,1.65,50,49650
20240202,11:01:47,1.65,250,49650
20240202,11:01:54,1.65,1000,49650
20240202,11:02:19,1.65,50,49650
20240202,11:03:39,1.7,400,49650
20240202,11:03:51,1.7,400,49650
20240202,11:03:52,1.7,200,49650
20240202,11:03:52,1.7,400,49650
20240202,11:03:54,1.7,100,49650
20240202,11:03:54,1.65,250,49650
20240202,11:04:05,1.65,1500,49650
20240202,11:05:06,1.6,2750,49650
20240202,11:05:21,1.55,2850,49650
20240202,11:05:22,1.55,2650,49650
20240202,11:05:50,1.55,100,55900
20240202,11:05:51,1.55,1050,55900
20240202,11:06:03,1.55,1800,55900
20240202,11:06:04,1.55,1800,55900
20240202,11:06:05,1.55,1800,55900
20240202,11:06:06,1.55,1800,55900
20240202,11:06:12,1.55,2050,55900
20240202,11:06:13,1.55,250,55900
20240202,11:06:19,1.55,250,55900
20240202,11:06:34,1.55,550,55900
20240202,11:07:06,1.55,50,55900
20240202,11:07:14,1.55,200,55900
20240202,11:07:39,1.6,50,55900
20240202,11:07:40,1.6,50,55900
20240202,11:08:09,1.6,50,55900
20240202,11:11:42,1.55,2050,55900
20240202,11:11:43,1.55,250,59950
20240202,11:12:32,1.55,1800,59950
20240202,11:13:11,1.5,500,59950
20240202,11:13:42,1.5,800,59950
20240202,11:14:00,1.55,200,59950
20240202,11:14:01,1.55,200,59950
20240202,11:14:02,1.55,200,59950
20240202,11:14:04,1.55,400,59950
20240202,11:14:05,1.55,200,59950
20240202,11:14:06,1.55,200,59950
20240202,11:14:07,1.55,200,59950
20240202,11:14:15,1.6,1000,59950
20240202,11:14:22,1.55,50,59950
20240202,11:14:23,1.55,50,59950
20240202,11:14:29,1.6,50,57500
20240202,11:14:31,1.55,50,57500
20240202,11:14:32,1.55,200,57500
20240202,11:14:34,1.55,400,57500
20240202,11:14:35,1.55,200,57500
20240202,11:14:37,1.55,400,57500
20240202,11:14:38,1.55,200,57500
20240202,11:14:39,1.55,200,57500
20240202,11:14:40,1.55,200,57500
20240202,11:14:41,1.55,200,57500
20240202,11:14:42,1.55,200,57500
20240202,11:14:43,1.55,200,57500
20240202,11:14:44,1.55,50,57500
20240202,11:14:45,1.55,50,57500
20240202,11:14:47,1.55,100,57500
20240202,11:14:48,1.55,50,57500
20240202,11:14:49,1.55,50,57500
20240202,11:14:50,1.55,50,57500
20240202,11:14:51,1.55,50,57500
20240202,11:14:52,1.55,50,57500
20240202,11:14:57,1.6,50,57500
20240202,11:15:42,1.55,50,57500
20240202,11:15:43,1.55,50,57500
20240202,11:15:44,1.55,50,57500
20240202,11:15:46,1.55,100,57500
20240202,11:15:47,1.55,200,57500
20240202,11:15:48,1.55,200,57500
20240202,11:15:49,1.55,50,57500
20240202,11:15:50,1.55,50,57500
20240202,11:15:51,1.55,50,57500
20240202,11:15:52,1.55,50,57500
20240202,11:15:54,1.55,100,57500
20240202,11:15:55,1.55,200,57500
20240202,11:15:56,1.6,250,57500
20240202,11:15:57,1.55,200,57500
20240202,11:15:58,1.55,250,57500
20240202,11:15:59,1.55,200,57500
20240202,11:16:01,1.55,400,57500
20240202,11:16:02,1.55,200,57500
20240202,11:16:04,1.55,400,57500
20240202,11:16:05,1.55,200,57500
20240202,11:16:06,1.55,250,57500
20240202,11:16:07,1.55,200,57500
20240202,11:16:08,1.55,200,57500
20240202,11:16:10,1.55,400,57500
20240202,11:16:11,1.55,200,57500
20240202,11:16:12,1.55,850,57500
20240202,11:16:14,1.5,450,57500
20240202,11:16:15,1.55,50,57500
20240202,11:16:20,1.55,50,57500
20240202,11:16:22,1.6,1450,57500
20240202,11:16:25,1.55,50,57500
20240202,11:16:26,1.6,50,57500
20240202,11:16:30,1.6,5700,57500
20240202,11:16:33,1.6,50,57500
20240202,11:16:35,1.6,1800,57500
20240202,11:16:52,1.65,50,57500
20240202,11:17:06,1.65,1450,57500
20240202,11:18:28,1.65,50,51000
20240202,11:18:54,1.65,11400,51000
20240202,11:19:21,1.65,1050,51000
20240202,11:19:24,1.65,250,51000
20240202,11:19:29,1.65,2050,51000
20240202,11:21:26,1.7,300,44500
20240202,11:21:27,1.7,1850,44500
20240202,11:21:38,1.75,1800,44500
20240202,11:21:41,1.75,1800,44500
20240202,11:22:03,1.75,250,44500
20240202,11:22:19,1.75,3500,44500
20240202,11:22:23,1.7,150,44500
20240202,11:22:35,1.7,200,44500
20240202,11:22:55,1.75,4750,44500
20240202,11:22:58,1.75,400,44500
20240202,11:23:28,1.75,50,44500
20240202,11:23:43,1.75,50,43150
20240202,11:24:35,1.8,2900,43150
20240202,11:25:17,1.85,50,43150
20240202,11:25:38,1.85,2000,43150
20240202,11:26:12,1.8,50,43150
20240202,11:26:15,1.85,1200,43150
20240202,11:26:52,1.8,50,41450
20240202,11:27:08,1.85,3800,41450
20240202,11:27:14,1.8,100,41450
20240202,11:27:49,1.8,50,41450
20240202,11:28:23,1.75,200,41450
20240202,11:28:24,1.75,50,41450
20240202,11:28:30,1.8,50,41450
20240202,11:28:50,1.75,750,41450
20240202,11:29:59,1.75,1800,38900
20240202,11:30:00,1.75,3600,38900
20240202,11:30:06,1.8,450,38900
20240202,11:31:39,1.75,4600,38900
20240202,11:32:02,1.75,7850,38900
20240202,11:32:03,1.7,450,38900
20240202,11:32:06,1.75,100,38900
20240202,11:32:28,1.75,150,38900
20240202,11:32:49,1.75,6550,37700
20240202,11:32:49,1.75,100,37700
20240202,11:32:57,1.8,2400,37700
20240202,11:33:08,1.8,50,37700
20240202,11:33:34,1.8,1200,37700
20240202,11:33:52,1.75,50,37700
20240202,11:35:01,1.8,100,37700
20240202,11:37:04,1.8,400,37700
20240202,11:39:10,1.85,2250,35300
20240202,11:39:17,1.85,200,35300
20240202,11:39:18,1.8,350,35300
20240202,11:39:23,1.9,450,35300
20240202,11:39:24,1.85,900,35300
20240202,11:39:25,1.9,3900,35300
20240202,11:39:26,1.95,300,35300
20240202,11:39:28,1.9,50,35300
20240202,11:39:33,1.95,150,35300
20240202,11:39:43,1.95,1050,35300
20240202,11:40:05,1.9,50,35300
20240202,11:40:24,1.95,300,35300
20240202,11:40:46,2.0,550,35300
20240202,11:40:48,2.05,2200,35300
20240202,11:40:56,2.05,150,35300
20240202,11:40:58,2.05,150,35300
20240202,11:40:59,2.05,150,35300
20240202,11:41:03,2.05,150,35300
20240202,11:41:06,2.0,150,35300
20240202,11:41:40,2.0,50,34600
20240202,11:41:51,2.05,50,34600
20240202,11:42:04,2.0,50,34600
20240202,11:42:17,2.0,1350,34600
20240202,11:42:18,2.0,50,34600
20240202,11:42:21,2.0,300,34600
20240202,11:42:35,2.0,300,34600
20240202,11:42:39,2.0,1850,34600
20240202,11:42:56,1.95,1800,34600
20240202,11:42:59,2.0,250,34600
20240202,11:43:21,1.95,50,34600
20240202,11:43:27,2.0,250,34600
20240202,11:43:28,2.0,750,34600
20240202,11:43:48,1.95,3000,34600
20240202,11:43:55,1.95,2600,34600
20240202,11:44:06,1.95,200,34600
20240202,11:44:07,1.95,50,34600
20240202,11:44:08,1.9,3950,34600
20240202,11:44:09,1.9,50,34600
20240202,11:44:11,1.95,50,34600
20240202,11:44:12,1.9,100,34600
20240202,11:44:13,1.95,50,34600
20240202,11:44:14,1.95,100,34600
20240202,11:44:20,2.0,50,34600
20240202,11:44:20,1.95,250,34600
20240202,11:44:22,1.95,550,34600
20240202,11:44:24,1.95,50,34600
20240202,11:44:25,1.95,100,34600
20240202,11:44:27,1.95,50,34600
20240202,11:45:02,1.95,50,34950
20240202,11:45:03,1.95,50,34950
20240202,11:45:16,1.9,850,34950
20240202,11:45:22,1.95,350,34950
20240202,11:45:56,2.0,800,34950
20240202,11:46:11,2.0,100,34950
20240202,11:46:12,2.0,2750,34950
20240202,11:46:13,1.95,50,34950
20240202,11:46:24,2.0,100,34950
20240202,11:46:39,2.0,2700,34950
20240202,11:46:46,2.05,50,34950
20240202,11:46:56,2.0,1200,34950
20240202,11:47:12,2.0,500,34950
20240202,11:47:13,2.05,800,34950
20240202,11:47:14,2.05,550,34950
20240202,11:47:15,2.05,1300,34950
20240202,11:47:39,2.0,400,33200
20240202,11:47:39,2.0,450,33200
20240202,11:47:47,2.05,650,33200
20240202,11:47:57,2.0,50,33200
20240202,11:48:05,2.0,50,33200
20240202,11:48:41,2.05,250,33200
20240202,11:48:44,1.95,50,33200
20240202,11:49:18,2.0,250,33200
20240202,11:49:43,2.0,3450,33200
20240202,11:49:44,2.0,50,33200
20240202,11:50:04,1.95,250,33200
20240202,11:50:05,2.05,250,33200
20240202,11:50:07,2.05,100,33200
20240202,11:50:08,1.95,50,33200
20240202,11:50:14,2.05,50,33200
20240202,11:50:42,2.05,100,34500
20240202,11:50:43,2.0,50,34500
20240202,11:51:19,2.0,1650,34500
20240202,11:51:22,2.0,100,34500
20240202,11:51:29,2.0,50,34500
20240202,11:51:42,2.0,100,34500
20240202,11:52:08,2.0,50,34500
20240202,11:52:11,2.0,700,34500
20240202,11:52:24,2.0,50,34500
20240202,11:52:53,1.95,1450,34500
20240202,11:52:58,2.0,300,34500
20240202,11:53:05,1.95,1350,34500
20240202,11:53:36,1.95,300,33000
20240202,11:53:48,1.95,50,33000
20240202,11:54:07,1.95,300,33000
20240202,11:54:11,2.0,50,33000
20240202,11:54:35,1.95,2050,33000
20240202,11:54:36,1.95,400,33000
20240202,11:55:01,1.9,200,33000
20240202,11:55:22,1.95,300,33000
20240202,11:56:02,2.0,50,33000
20240202,11:56:47,2.0,50,33700
20240202,11:56:51,2.0,50,33700
20240202,11:57:19,2.0,100,33700
20240202,11:57:20,2.0,50,33700
20240202,11:58:12,1.95,250,33700
20240202,11:59:45,2.0,4050,33700
20240202,11:59:45,2.0,900,33750
20240202,11:59:59,1.95,300,33750
20240202,12:00:04,1.9,600,33750
20240202,12:00:05,1.9,600,33750
20240202,12:00:09,1.85,6850,33750
20240202,12:00:11,1.8,750,33750
20240202,12:00:13,1.8,1000,33750
20240202,12:00:46,1.9,1550,33750
20240202,12:01:05,1.8,100,33750
20240202,12:01:21,1.8,50,33750
20240202,12:04:23,1.9,50,33750
20240202,12:04:41,1.85,50,35450
20240202,12:05:37,1.85,50,35450
20240202,12:07:15,1.85,300,35450
20240202,12:10:12,1.8,300,35450
20240202,12:10:20,1.8,300,35700
20240202,12:10:40,1.8,300,35700
20240202,12:11:27,1.8,50,35700
20240202,12:12:28,1.8,2700,35700
20240202,12:13:58,1.8,2700,35300
20240202,12:14:09,1.75,50,35300
20240202,12:14:15,1.8,500,35300
20240202,12:14:27,1.7,3950,35300
20240202,12:14:55,1.7,50,34950
20240202,12:15:03,1.7,50,34950
20240202,12:18:51,1.7,750,34950
20240202,12:18:51,1.65,150,34950
20240202,12:18:58,1.65,50,34950
20240202,12:19:53,1.7,1550,34950
20240202,12:20:05,1.65,1800,34950
20240202,12:20:06,1.65,650,34950
20240202,12:20:12,1.7,1350,34950
20240202,12:21:32,1.7,5600,33500
20240202,12:22:07,1.75,3100,33500
20240202,12:22:27,1.7,150,33500
20240202,12:22:31,1.7,150,33500
20240202,12:22:49,1.7,150,33500
20240202,12:22:57,1.7,50,33500
20240202,12:23:12,1.7,700,33500
20240202,12:23:25,1.7,50,33500
20240202,12:23:37,1.7,1500,33500
20240202,12:23:38,1.7,50,33500
20240202,12:23:56,1.65,1800,33500
20240202,12:23:57,1.65,1800,30800
20240202,12:24:31,1.65,2500,30800
20240202,12:24:32,1.65,2050,30800
20240202,12:24:36,1.7,450,30800
20240202,12:24:44,1.7,150,30800
20240202,12:24:46,1.7,300,30800
20240202,12:24:47,1.7,1950,30800
20240202,12:25:00,1.7,450,30800
20240202,12:25:01,1.7,1200,30800
20240202,12:25:13,1.7,50,30800
20240202,12:25:23,1.6,300,30800
20240202,12:25:37,1.6,4850,30800
20240202,12:25:53,1.65,1050,30800
20240202,12:25:58,1.6,3100,30800
20240202,12:27:07,1.55,300,28300
20240202,12:27:16,1.5,2550,28300
20240202,12:27:17,1.5,1800,28300
20240202,12:27:49,1.45,2150,28300
20240202,12:28:08,1.5,1800,28300
20240202,12:28:23,1.5,50,28300
20240202,12:28:25,1.5,1950,28300
20240202,12:28:30,1.45,500,28300
20240202,12:29:06,1.4,50,28300
20240202,12:29:39,1.4,50,28100
20240202,12:29:41,1.4,200,28100
20240202,12:29:57,1.4,50,28100
20240202,12:30:01,1.4,850,28100
20240202,12:30:04,1.4,300,28100
20240202,12:30:07,1.4,50,28100
20240202,12:30:11,1.35,50,28100
20240202,12:30:24,1.35,1800,28100
20240202,12:30:35,1.35,50,28100
20240202,12:30:36,1.35,200,28100
20240202,12:30:38,1.35,400,28100
20240202,12:30:39,1.35,200,28100
20240202,12:30:40,1.35,200,28100
20240202,12:30:41,1.35,50,28100
20240202,12:30:42,1.35,50,28100
20240202,12:30:43,1.35,50,28100
20240202,12:31:07,1.3,5900,28100
20240202,12:31:11,1.25,200,28100
20240202,12:31:11,1.25,300,28100
20240202,12:31:13,1.25,200,28100
20240202,12:31:15,1.25,200,28100
20240202,12:31:17,1.3,200,28100
20240202,12:31:17,1.3,50,28100
20240202,12:31:18,1.3,50,28100
20240202,12:31:23,1.3,250,28100
20240202,12:31:37,1.25,1350,28100
20240202,12:31:40,1.3,150,28100
20240202,12:31:42,1.3,50,28100
20240202,12:31:43,1.3,200,28100
20240202,12:31:44,1.3,200,28100
20240202,12:31:45,1.3,200,28100
20240202,12:31:46,1.3,200,28100
20240202,12:31:46,1.3,50,28100
20240202,12:31:47,1.3,200,28100
20240202,12:31:49,1.3,400,28100
20240202,12:31:52,1.3,700,28100
20240202,12:31:53,1.3,200,28100
20240202,12:31:54,1.3,200,28100
20240202,12:31:55,1.3,200,28100
20240202,12:31:56,1.3,50,28100
20240202,12:31:57,1.3,50,28100
20240202,12:31:58,1.3,50,28100
20240202,12:31:59,1.3,50,28100
20240202,12:32:00,1.3,50,28100
20240202,12:32:01,1.3,50,28100
20240202,12:32:02,1.3,50,28100
20240202,12:32:03,1.3,50,28100
20240202,12:32:04,1.3,50,28100
20240202,12:32:05,1.3,50,28100
20240202,12:32:07,1.25,100,28100
20240202,12:32:10,1.25,100,28100
20240202,12:32:22,1.25,50,28100
20240202,12:32:23,1.25,50,28100
20240202,12:32:24,1.25,200,28100
20240202,12:32:26,1.25,400,28100
20240202,12:32:27,1.25,200,28100
20240202,12:32:29,1.25,400,28100
20240202,12:32:30,1.25,200,28100
20240202,12:32:31,1.25,200,28100
20240202,12:32:32,1.25,200,28100
20240202,12:32:32,1.3,400,28100
20240202,12:32:33,1.25,200,28100
20240202,12:32:35,1.25,400,28100
20240202,12:32:36,1.25,400,28100
20240202,12:32:37,1.2,200,28100
20240202,12:32:38,1.2,100,28100
20240202,12:32:40,1.25,250,32200
20240202,12:32:41,1.25,400,32200
20240202,12:32:43,1.25,600,32200
20240202,12:32:44,1.2,3800,32200
20240202,12:32:45,1.2,50,32200
20240202,12:32:52,1.25,500,32200
20240202,12:32:53,1.25,900,32200
20240202,12:33:16,1.2,850,32200
20240202,12:33:17,1.2,50,32200
20240202,12:33:18,1.2,50,32200
20240202,12:33:28,1.2,50,32200
20240202,12:33:33,1.2,50,32200
20240202,12:33:36,1.15,50,32200
20240202,12:33:49,1.15,50,32200
20240202,12:34:08,1.2,250,32200
20240202,12:34:10,1.2,1800,32200
20240202,12:34:12,1.15,2100,32200
20240202,12:34:19,1.2,250,32200
20240202,12:34:29,1.15,50,32200
20240202,12:34:30,1.15,250,32200
20240202,12:34:42,1.15,250,32200
20240202,12:34:52,1.15,250,32200
20240202,12:35:04,1.1,550,32200
20240202,12:35:22,1.1,50,32200
20240202,12:35:23,1.1,50,32200
20240202,12:35:24,1.0,2800,32200
20240202,12:35:25,1.0,1850,32200
20240202,12:35:26,1.0,50,32200
20240202,12:35:27,1.05,50,32200
20240202,12:35:28,1.05,50,32200
20240202,12:35:29,1.05,50,32200
20240202,12:35:30,1.05,50,32200
20240202,12:35:31,1.05,50,32200
20240202,12:35:32,1.05,50,32200
20240202,12:35:33,1.05,50,32200
20240202,12:35:34,1.05,50,32200
20240202,12:35:35,1.05,50,32200
20240202,12:35:36,1.05,50,32200
20240202,12:35:37,1.05,50,32200
20240202,12:35:38,1.05,50,32200
20240202,12:35:39,1.05,50,43450
20240202,12:35:40,1.05,50,43450
20240202,12:35:41,1.05,50,43450
20240202,12:35:42,1.05,50,43450
20240202,12:35:43,1.05,50,43450
20240202,12:35:44,1.05,50,43450
20240202,12:35:45,1.05,50,43450
20240202,12:35:46,1.05,50,43450
20240202,12:35:47,1.05,1850,43450
20240202,12:35:48,1.05,50,43450
20240202,12:35:49,1.05,50,43450
20240202,12:35:50,1.05,50,43450
20240202,12:35:51,1.05,50,43450
20240202,12:35:52,1.05,50,43450
20240202,12:35:53,1.05,50,43450
20240202,12:35:54,1.05,50,43450
20240202,12:35:55,1.05,50,43450
20240202,12:35:56,1.05,50,43450
20240202,12:35:57,1.05,50,43450
20240202,12:35:58,1.05,50,43450
20240202,12:35:59,1.05,50,43450
20240202,12:36:00,1.05,50,43450
20240202,12:36:01,1.05,50,43450
20240202,12:36:02,1.05,50,43450
20240202,12:36:03,1.05,400,43450
20240202,12:36:04,1.05,100,43450
20240202,12:36:05,1.05,100,43450
20240202,12:36:06,1.05,150,43450
20240202,12:36:07,1.05,150,43450
20240202,12:36:08,1.05,150,43450
20240202,12:36:09,1.05,150,43450
20240202,12:36:10,1.05,150,43450
20240202,12:36:11,1.05,1950,43450
20240202,12:36:12,1.05,150,43450
20240202,12:36:13,1.05,150,43450
20240202,12:36:14,1.05,150,43450
20240202,12:36:15,1.05,150,43450
20240202,12:36:16,1.05,150,43450
20240202,12:36:17,1.05,200,43450
20240202,12:36:18,1.05,200,43450
20240202,12:36:19,1.05,200,43450
20240202,12:36:20,1.05,200,43450
20240202,12:36:21,1.05,200,43450
20240202,12:36:22,1.05,200,43450
20240202,12:36:23,1.05,200,43450
20240202,12:36:24,1.05,200,43450
20240202,12:36:25,1.05,200,43450
20240202,12:36:26,1.05,200,43450
20240202,12:36:27,1.05,200,43450
20240202,12:36:28,1.05,200,43450
20240202,12:36:29,1.05,200,43450
20240202,12:36:30,1.05,200,43450
20240202,12:36:31,1.05,200,43450
20240202,12:36:32,1.05,200,43450
20240202,12:36:33,1.05,200,43450
20240202,12:36:34,1.05,50,43450
20240202,12:36:56,1.0,50,43450
20240202,12:36:57,1.0,200,43450
20240202,12:36:58,1.0,200,43450
20240202,12:36:59,1.0,200,43450
20240202,12:37:00,1.0,200,43450
20240202,12:37:01,1.0,200,43450
20240202,12:37:02,1.0,200,43450
20240202,12:37:03,1.0,200,43450
20240202,12:37:04,1.0,200,43450
20240202,12:37:05,1.0,200,43450
20240202,12:37:06,1.0,200,43450
20240202,12:37:07,1.0,200,43450
20240202,12:37:08,1.0,200,43450
20240202,12:37:09,1.0,200,43450
20240202,12:37:10,1.0,200,43450
20240202,12:37:11,1.0,200,43450
20240202,12:37:12,1.0,200,43450
20240202,12:37:13,1.0,200,43450
20240202,12:37:14,1.0,200,43450
20240202,12:37:15,1.0,200,43450
20240202,12:37:16,1.0,200,43450
20240202,12:37:17,1.0,200,43450
20240202,12:37:18,1.0,200,43450
20240202,12:37:19,1.0,200,43450
20240202,12:37:20,1.0,300,43450
20240202,12:37:23,0.95,200,43450
20240202,12:37:24,0.95,200,43450
20240202,12:37:29,0.95,200,43450
20240202,12:37:30,0.95,200,43450
20240202,12:37:31,0.95,200,43450
20240202,12:37:32,0.95,700,43450
20240202,12:37:33,0.95,200,43450
20240202,12:37:34,0.95,150,43450
20240202,12:37:35,0.95,150,43450
20240202,12:37:36,0.95,150,43450
20240202,12:37:37,0.95,150,43450
20240202,12:37:38,0.95,200,43450
20240202,12:37:39,0.95,150,43450
20240202,12:37:40,0.95,150,43450
20240202,12:37:41,0.95,50,43450
20240202,12:38:06,0.95,1200,43450
20240202,12:38:21,1.05,250,43450
20240202,12:38:24,1.05,1000,43450
20240202,12:38:29,1.05,1950,43450
20240202,12:40:00,1.05,800,45850
20240202,12:40:10,1.05,50,45850
20240202,12:40:12,1.05,50,45850
20240202,12:40:14,1.1,1800,45850
20240202,12:40:15,1.1,2250,45850
20240202,12:40:21,1.1,50,45850
20240202,12:40:28,1.1,600,45850
20240202,12:40:30,1.05,950,45850
20240202,12:40:41,1.1,1800,45850
20240202,12:40:44,1.1,100,45850
20240202,12:40:46,1.1,1850,45850
20240202,12:40:49,1.1,100,45850
20240202,12:40:52,1.1,250,45850
20240202,12:41:06,1.05,2000,45850
20240202,12:41:11,1.1,1800,45850
20240202,12:41:12,1.1,1800,45850
20240202,12:41:35,1.15,50,45850
20240202,12:41:50,1.1,1850,45850
20240202,12:42:19,1.1,50,48200
20240202,12:42:20,1.1,50,48200
20240202,12:42:21,1.1,50,48200
20240202,12:42:22,1.1,50,48200
20240202,12:42:22,1.1,1800,48200
20240202,12:42:23,1.1,50,48200
20240202,12:42:24,1.1,50,48200
20240202,12:42:25,1.1,800,48200
20240202,12:42:26,1.1,50,48200
20240202,12:42:28,1.1,550,48200
20240202,12:42:29,1.1,50,48200
20240202,12:42:30,1.1,50,48200
20240202,12:42:31,1.1,50,48200
20240202,12:42:33,1.1,100,48200
20240202,12:42:34,1.1,50,48200
20240202,12:42:36,1.1,100,48200
20240202,12:42:37,1.1,50,48200
20240202,12:42:38,1.1,50,48200
20240202,12:42:39,1.1,50,48200
20240202,12:42:40,1.1,50,48200
20240202,12:42:41,1.1,50,48200
20240202,12:42:43,1.1,100,48200
20240202,12:42:44,1.1,50,48200
20240202,12:42:52,1.1,50,48200
20240202,12:42:53,1.1,50,48200
20240202,12:43:45,1.1,50,48200
20240202,12:44:24,1.1,1800,48200
20240202,12:44:25,1.1,1800,48200
20240202,12:44:28,1.1,1850,48200
20240202,12:44:30,1.1,250,48200
20240202,12:44:44,1.1,100,48200
20240202,12:45:00,1.15,250,53950
20240202,12:45:40,1.15,50,53950
20240202,12:45:44,1.15,1000,53950
20240202,12:45:47,1.15,2700,53950
20240202,12:45:48,1.15,300,53950
20240202,12:45:49,1.15,50,53950
20240202,12:45:50,1.15,50,53950
20240202,12:45:58,1.15,550,53950
20240202,12:46:01,1.15,650,53950
20240202,12:47:24,1.15,50,53950
20240202,12:48:30,1.15,50,54750
20240202,12:48:31,1.15,50,54750
20240202,12:48:32,1.15,50,54750
20240202,12:48:33,1.15,50,54750
20240202,12:48:34,1.15,50,54750
20240202,12:49:08,1.15,2950,54750
20240202,12:49:30,1.15,50,54750
20240202,12:49:31,1.15,50,54750
20240202,12:49:32,1.15,50,54750
20240202,12:49:33,1.15,50,54750
20240202,12:49:40,1.15,1800,54750
20240202,12:49:42,1.15,900,54750
20240202,12:50:10,1.15,50,54750
20240202,12:50:11,1.15,50,54750
20240202,12:50:12,1.15,50,54750
20240202,12:50:13,1.15,50,54750
20240202,12:50:14,1.15,50,54750
20240202,12:50:15,1.15,50,54750
20240202,12:50:16,1.15,50,54750
20240202,12:50:17,1.15,50,54750
20240202,12:50:21,1.15,50,54750
20240202,12:50:22,1.15,50,54750
20240202,12:50:23,1.15,50,54750
20240202,12:50:24,1.15,50,54750
20240202,12:50:25,1.15,50,54750
20240202,12:50:26,1.15,50,54750
20240202,12:50:27,1.15,50,54750
20240202,12:50:28,1.15,50,54750
20240202,12:50:29,1.15,50,54750
20240202,12:50:30,1.15,50,54750
20240202,12:50:31,1.15,50,54750
20240202,12:50:32,1.15,50,54750
20240202,12:50:33,1.15,50,54750
20240202,12:50:34,1.15,50,54750
20240202,12:50:35,1.15,50,54750
20240202,12:50:36,1.15,50,54750
20240202,12:50:37,1.15,100,54750
20240202,12:50:38,1.15,100,54750
20240202,12:50:39,1.15,100,54750
20240202,12:50:40,1.15,2550,54750
20240202,12:50:41,1.2,100,54750
20240202,12:50:42,1.15,350,54650
20240202,12:50:43,1.2,100,54650
20240202,12:50:44,1.2,100,54650
20240202,12:50:45,1.2,150,54650
20240202,12:50:46,1.2,200,54650
20240202,12:50:47,1.2,200,54650
20240202,12:50:48,1.2,200,54650
20240202,12:50:49,1.2,200,54650
20240202,12:50:50,1.2,200,54650
20240202,12:51:26,1.15,50,54650
20240202,12:51:27,1.15,50,54650
20240202,12:51:28,1.15,200,54650
20240202,12:51:29,1.15,200,54650
20240202,12:51:30,1.15,200,54650
20240202,12:51:31,1.15,200,54650
20240202,12:51:32,1.15,200,54650
20240202,12:51:33,1.15,200,54650
20240202,12:51:34,1.15,250,54650
20240202,12:51:35,1.15,50,54650
20240202,12:51:36,1.15,50,54650
20240202,12:51:37,1.15,50,54650
20240202,12:51:38,1.15,50,54650
20240202,12:51:39,1.15,250,54650
20240202,12:51:40,1.15,200,54650
20240202,12:51:41,1.15,150,54650
20240202,12:51:48,1.15,50,54650
20240202,12:51:49,1.15,150,54650
20240202,12:51:50,1.15,150,54650
20240202,12:51:51,1.15,150,54650
20240202,12:51:52,1.15,150,54650
20240202,12:51:54,1.15,150,54650
20240202,12:51:55,1.15,150,54650
20240202,12:51:56,1.15,150,54650
20240202,12:51:57,1.15,150,54650
20240202,12:51:58,1.15,150,54650
20240202,12:51:59,1.15,150,54650
20240202,12:52:03,1.15,50,54650
20240202,12:52:04,1.15,300,54650
20240202,12:52:05,1.1,150,54650
20240202,12:52:06,1.1,150,54650
20240202,12:52:07,1.1,150,54650
20240202,12:52:57,1.1,500,54650
20240202,12:53:37,1.1,150,54650
20240202,12:53:38,1.1,150,54650
20240202,12:53:40,1.1,150,54650
20240202,12:53:44,1.1,50,54650
20240202,12:54:48,1.1,50,50600
20240202,12:54:58,1.1,500,50600
20240202,12:55:27,1.1,1100,50600
20240202,12:55:41,1.15,300,50600
20240202,12:56:10,1.15,50,50600
20240202,12:56:19,1.15,50,50600
20240202,12:56:50,1.15,50,50600
20240202,12:56:56,1.15,250,49100
20240202,12:57:05,1.15,50,49100
20240202,13:00:31,1.15,50,49100
20240202,13:01:18,1.1,200,49200
20240202,13:02:24,1.15,50,49200
20240202,13:02:26,1.1,50,49200
20240202,13:02:33,1.15,50,49200
20240202,13:03:46,1.15,1800,49300
20240202,13:06:48,1.15,1800,48500
20240202,13:07:58,1.15,50,48500
20240202,13:11:05,1.15,900,47400
20240202,13:11:57,1.1,50,47400
20240202,13:12:00,1.1,50,47400
20240202,13:12:17,1.1,50,47400
20240202,13:12:23,1.15,50,47400
20240202,13:13:38,1.1,50,47400
20240202,13:14:23,1.1,250,47400
20240202,13:14:35,1.1,50,47400
20240202,13:16:10,1.1,50,47400
20240202,13:18:49,1.1,50,47100
20240202,13:18:57,1.15,150,47100
20240202,13:19:07,1.1,1000,47100
20240202,13:19:15,1.1,50,47100
20240202,13:19:18,1.1,50,47100
20240202,13:19:19,1.1,50,47100
20240202,13:19:20,1.1,50,47100
20240202,13:21:01,1.1,150,47100
20240202,13:21:08,1.1,50,45750
20240202,13:21:56,1.1,50,45750
20240202,13:22:12,1.15,50,45750
20240202,13:22:34,1.1,650,45750
20240202,13:22:39,1.1,50,45750
20240202,13:23:20,1.15,100,45750
20240202,13:24:17,1.1,1200,44850
20240202,13:24:52,1.1,1800,44850
20240202,13:24:54,1.1,1800,44850
20240202,13:24:55,1.1,1800,44850
20240202,13:24:56,1.1,1000,44850
20240202,13:25:04,1.15,50,44850
20240202,13:25:39,1.15,50,44850
20240202,13:25:54,1.15,50,44850
20240202,13:26:01,1.1,50,44850
20240202,13:28:14,1.15,2850,40500
20240202,13:29:53,1.15,50,37950
20240202,13:30:03,1.15,1400,37950
20240202,13:30:54,1.2,50,37950
20240202,13:31:02,1.2,50,37950
20240202,13:31:05,1.2,50,37950
20240202,13:31:17,1.2,50,37950
20240202,13:31:19,1.2,50,37950
20240202,13:31:21,1.2,50,37950
20240202,13:31:25,1.2,50,37950
20240202,13:31:41,1.15,1150,37950
20240202,13:32:12,1.2,50,37950
20240202,13:32:19,1.2,50,37950
20240202,13:32:24,1.2,6500,37950
20240202,13:32:35,1.2,200,37950
20240202,13:32:51,1.2,1000,35000
20240202,13:32:53,1.2,1000,35000
20240202,13:32:54,1.2,1000,35000
20240202,13:32:56,1.2,1000,35000
20240202,13:33:07,1.25,50,35000
20240202,13:33:09,1.25,2400,35000
20240202,13:33:10,1.25,300,35000
20240202,13:33:32,1.25,2650,35000
20240202,13:34:08,1.25,1200,35000
20240202,13:34:14,1.25,3850,35000
20240202,13:34:20,1.25,4500,35000
20240202,13:34:23,1.25,1000,35000
20240202,13:34:38,1.25,50,35000
20240202,13:34:40,1.25,50,35000
20240202,13:34:44,1.25,50,35000
20240202,13:35:16,1.25,50,35000
20240202,13:36:07,1.3,250,33050
20240202,13:36:13,1.3,5900,33050
20240202,13:38:24,1.3,5450,33050
20240202,13:38:38,1.25,650,33050
20240202,13:38:48,1.2,1250,33050
20240202,13:40:19,1.2,150,33750
20240202,13:40:23,1.2,50,33750
20240202,13:40:56,1.15,250,33750
20240202,13:40:58,1.15,100,33750
20240202,13:41:03,1.15,50,33750
20240202,13:42:33,1.15,100,33600
20240202,13:42:34,1.15,250,33600
20240202,13:42:39,1.15,4250,33600
20240202,13:46:19,1.15,50,33450
20240202,13:46:27,1.15,50,33450
20240202,13:46:39,1.15,50,33450
20240202,13:50:43,1.15,50,33450
20240202,13:53:20,1.15,100,33450
20240202,13:54:36,1.2,50,33450
20240202,13:54:37,1.2,250,33450
20240202,13:54:45,1.2,50,33450
20240202,13:54:51,1.2,50,33450
20240202,13:55:46,1.2,250,33450
20240202,13:56:50,1.2,50,32950
20240202,13:56:51,1.15,50,32950
20240202,13:57:47,1.2,2500,32950
20240202,13:58:01,1.2,1300,32950
20240202,13:58:11,1.2,550,32950
20240202,13:58:17,1.2,50,32950
20240202,14:00:43,1.15,250,32950
20240202,14:00:49,1.2,50,32950
20240202,14:01:22,1.15,50,32950
20240202,14:03:10,1.15,50,33200
20240202,14:03:54,1.15,50,33200
20240202,14:05:40,1.2,250,33200
20240202,14:05:56,1.15,50,33200
20240202,14:06:09,1.15,50,33200
20240202,14:06:14,1.15,250,33200
20240202,14:07:40,1.15,50,33200
20240202,14:09:28,1.2,1800,33450
20240202,14:09:57,1.2,50,33450
20240202,14:11:20,1.15,50,33450
20240202,14:14:21,1.15,1200,33500
20240202,14:16:31,1.15,50,33500
20240202,14:19:45,1.15,1800,33350
20240202,14:27:59,1.2,50,32950
20240202,14:30:07,1.15,50,32950
20240202,14:33:20,1.15,2000,32950
20240202,14:33:37,1.15,300,32950
20240202,14:33:49,1.2,50,32950
20240202,14:34:54,1.15,200,32950
20240202,14:35:49,1.15,900,32950
20240202,14:35:50,1.1,900,32950
20240202,14:38:04,1.15,600,32950
20240202,14:44:00,1.1,150,32800
20240202,14:44:46,1.1,50,32800
20240202,14:47:15,1.15,2250,32800
20240202,14:49:22,1.15,50,32850
20240202,14:50:06,1.1,1800,32850
20240202,14:50:07,1.1,50,32850
20240202,14:51:30,1.1,550,34400
20240202,14:51:43,1.05,1800,34400
20240202,14:52:09,1.1,1450,34400
20240202,14:52:14,1.1,250,34400
20240202,14:52:49,1.1,50,34400
20240202,14:52:51,1.1,50,34400
20240202,14:52:53,1.1,50,34400
20240202,14:53:00,1.1,50,34400
20240202,14:53:05,1.1,50,34400
20240202,14:53:06,1.1,50,34400
20240202,14:53:07,1.1,50,34400
20240202,14:53:08,1.1,50,34400
20240202,14:53:09,1.1,50,34400
20240202,14:53:10,1.05,1900,34400
20240202,14:53:11,1.1,100,34400
20240202,14:53:12,1.1,100,34400
20240202,14:53:13,1.1,100,34400
20240202,14:53:14,1.1,100,34400
20240202,14:53:15,1.1,100,34400
20240202,14:53:16,1.1,100,34400
20240202,14:53:17,1.1,100,34400
20240202,14:53:18,1.1,100,34400
20240202,14:53:19,1.1,100,34400
20240202,14:53:20,1.1,100,34400
20240202,14:53:21,1.1,100,34400
20240202,14:53:22,1.1,50,34400
20240202,14:53:23,1.1,50,34400
20240202,14:53:24,1.1,50,34400
20240202,14:53:25,1.1,100,34400
20240202,14:53:26,1.1,100,34400
20240202,14:53:27,1.1,100,34400
20240202,14:53:28,1.1,50,34400
20240202,14:53:29,1.1,50,34400
20240202,14:53:30,1.1,100,34400
20240202,14:53:31,1.1,350,34400
20240202,14:53:32,1.1,100,34400
20240202,14:53:33,1.1,100,34400
20240202,14:53:34,1.1,100,34400
20240202,14:53:35,1.1,100,34400
20240202,14:53:36,1.1,100,34400
20240202,14:53:37,1.1,150,34400
20240202,14:53:38,1.1,150,34400
20240202,14:53:40,1.1,300,34400
20240202,14:53:41,1.1,150,34400
20240202,14:53:42,1.1,150,34400
20240202,14:53:43,1.1,150,34400
20240202,14:53:44,1.1,150,34400
20240202,14:53:45,1.05,200,34400
20240202,14:53:46,1.1,150,34400
20240202,14:53:47,1.1,150,34400
20240202,14:53:48,1.1,200,34400
20240202,14:53:49,1.1,5200,34400
20240202,14:53:50,1.15,200,34400
20240202,14:53:51,1.15,200,34400
20240202,14:53:52,1.15,200,34400
20240202,14:53:53,1.1,2050,34400
20240202,14:53:54,1.1,250,34400
20240202,14:53:55,1.15,200,34400
20240202,14:53:56,1.15,200,34400
20240202,14:53:57,1.15,200,34400
20240202,14:53:58,1.15,200,42450
20240202,14:53:59,1.15,200,42450
20240202,14:54:00,1.15,200,42450
20240202,14:54:01,1.15,200,42450
20240202,14:54:02,1.15,200,42450
20240202,14:54:03,1.15,200,42450
20240202,14:54:04,1.15,200,42450
20240202,14:54:05,1.15,200,42450
20240202,14:54:06,1.15,200,42450
20240202,14:54:07,1.15,200,42450
20240202,14:54:09,1.15,400,42450
20240202,14:54:10,1.15,200,42450
20240202,14:54:11,1.15,200,42450
20240202,14:54:12,1.15,200,42450
20240202,14:54:13,1.15,200,42450
20240202,14:54:14,1.15,200,42450
20240202,14:54:15,1.15,200,42450
20240202,14:54:16,1.15,200,42450
20240202,14:54:17,1.15,200,42450
20240202,14:54:18,1.15,200,42450
20240202,14:54:22,1.15,50,42450
20240202,14:54:30,1.1,100,42450
20240202,14:54:42,1.1,1850,42450
20240202,14:54:55,1.1,50,42450
20240202,14:54:56,1.1,50,42450
20240202,14:54:57,1.1,50,42450
20240202,14:54:58,1.1,50,42450
20240202,14:54:59,1.1,50,42450
20240202,14:55:01,1.1,400,42450
20240202,14:55:02,1.1,200,42450
20240202,14:55:03,1.1,50,42450
20240202,14:55:04,1.1,800,42450
20240202,14:55:05,1.1,50,42450
20240202,14:55:15,1.1,50,42450
20240202,14:55:16,1.1,50,42450
20240202,14:55:17,1.1,50,42450
20240202,14:55:17,1.1,550,42450
20240202,14:55:18,1.15,150,42450
20240202,14:55:19,1.15,50,42450
20240202,14:55:21,1.15,100,42450
20240202,14:55:22,1.15,50,42450
20240202,14:55:23,1.15,200,42450
20240202,14:55:24,1.15,200,42450
20240202,14:55:25,1.15,200,42450
20240202,14:55:26,1.15,200,42450
20240202,14:55:28,1.15,200,42450
20240202,14:55:38,1.15,50,42450
20240202,14:55:58,1.1,1800,42450
20240202,14:56:26,1.1,50,42450
20240202,14:56:27,1.1,50,42450
20240202,14:56:28,1.1,50,42450
20240202,14:56:29,1.1,200,42450
20240202,14:56:30,1.1,200,42450
20240202,14:56:31,1.1,200,42450
20240202,14:56:37,1.1,50,42450
20240202,14:56:38,1.1,50,42450
20240202,14:56:39,1.1,50,42450
20240202,14:56:40,1.1,50,42450
20240202,14:56:41,1.1,50,42450
20240202,14:56:42,1.1,50,42450
20240202,14:56:43,1.05,250,42450
20240202,14:56:44,1.1,50,42450
20240202,14:56:45,1.1,50,42450
20240202,14:56:46,1.1,50,42450
20240202,14:57:01,1.1,50,43800
20240202,14:57:12,1.1,200,43800
20240202,14:57:21,1.1,50,43800
20240202,14:57:36,1.1,800,43800
20240202,14:57:45,1.1,200,43800
20240202,14:57:53,1.1,50,43800
20240202,14:57:56,1.1,50,43800
20240202,14:58:00,1.1,50,43800
20240202,14:58:31,1.1,100,43800
20240202,14:58:32,1.05,50,43800
20240202,14:58:33,1.1,300,43800
20240202,14:58:34,1.05,200,43800
20240202,14:58:35,1.05,250,43800
20240202,14:58:36,1.05,200,43800
20240202,14:58:37,1.05,200,43800
20240202,14:58:38,1.05,200,43800
20240202,14:58:39,1.05,50,43800
20240202,14:58:40,1.05,50,43800
20240202,14:58:41,1.05,50,43800
20240202,14:58:42,1.05,50,43800
20240202,14:58:43,1.05,50,43800
20240202,14:58:44,1.05,200,43800
20240202,14:58:45,1.05,200,43800
20240202,14:58:46,1.05,200,43800
20240202,14:58:47,1.05,200,43800
20240202,14:58:48,1.05,1450,43800
20240202,14:58:49,1.05,200,43800
20240202,14:58:50,1.05,400,43800
20240202,14:58:51,1.05,200,43800
20240202,14:58:54,1.05,50,43800
20240202,14:58:57,1.05,50,43800
20240202,14:58:58,1.05,50,43800
20240202,14:58:59,1.05,50,43800
20240202,14:59:00,1.05,50,43800
20240202,14:59:01,1.05,50,43800
20240202,14:59:02,1.05,3700,43800
20240202,14:59:03,1.05,50,43800
20240202,14:59:05,1.05,50,43800
20240202,14:59:06,1.05,50,43800
20240202,14:59:07,1.05,50,43800
20240202,14:59:08,1.05,50,43800
20240202,14:59:09,1.05,50,43800
20240202,14:59:10,1.05,50,43800
20240202,14:59:11,1.05,50,43800
20240202,14:59:12,1.05,50,43800
20240202,14:59:13,1.05,50,43800
20240202,14:59:14,1.05,50,43800
20240202,14:59:15,1.05,50,43800
20240202,14:59:16,1.05,50,43800
20240202,14:59:17,1.05,100,43800
20240202,14:59:18,1.05,200,43800
20240202,14:59:19,1.05,200,43800
20240202,14:59:20,1.05,200,43800
20240202,14:59:21,1.05,50,43800
20240202,14:59:22,1.05,50,43800
20240202,14:59:23,1.05,50,43800
20240202,14:59:24,1.05,50,43800
20240202,14:59:25,1.05,200,43800
20240202,14:59:26,1.05,200,43800
20240202,14:59:27,1.05,200,43800
20240202,14:59:28,1.1,50,43800
20240202,14:59:29,1.05,50,43800
20240202,14:59:30,1.05,50,43800
20240202,14:59:31,1.05,50,43800
20240202,14:59:32,1.05,50,43800
20240202,14:59:33,1.05,2150,43800
20240202,14:59:34,1.05,50,43800
20240202,14:59:35,1.05,200,43800
20240202,14:59:37,1.0,50,43800
20240202,14:59:40,1.0,50,43800
20240202,14:59:41,1.0,200,43800
20240202,14:59:42,1.0,200,43800
20240202,14:59:43,1.0,200,43800
20240202,14:59:44,1.0,200,43800
20240202,14:59:45,1.0,50,43800
20240202,14:59:46,1.0,50,43800
20240202,14:59:47,1.0,50,43800
20240202,14:59:48,1.0,50,43800
20240202,14:59:49,1.0,50,43800
20240202,14:59:50,1.0,50,43800
20240202,14:59:51,1.0,100,43800
20240202,14:59:52,1.0,200,43800
20240202,14:59:53,1.0,200,43800
20240202,14:59:54,1.0,200,43800
20240202,14:59:55,1.0,200,43800
20240202,14:59:56,1.0,200,43800
20240202,14:59:57,1.0,200,43800
20240202,14:59:58,1.0,1800,43800
20240202,14:59:59,1.0,200,39550
20240202,15:00:00,1.0,200,39550
20240202,15:00:01,1.0,200,39550
20240202,15:00:02,1.0,200,39550
20240202,15:00:03,1.0,200,39550
20240202,15:00:04,1.0,2850,39550
20240202,15:00:05,1.0,600,39550
20240202,15:00:06,1.0,800,39550
20240202,15:00:07,1.0,450,39550
20240202,15:00:08,1.0,250,39550
20240202,15:00:09,0.95,200,39550
20240202,15:00:10,0.95,200,39550
20240202,15:00:11,0.95,200,39550
20240202,15:00:12,0.95,250,39550
20240202,15:00:13,0.95,200,39550
20240202,15:00:14,0.95,200,39550
20240202,15:00:15,0.95,200,39550
20240202,15:00:16,0.95,200,39550
20240202,15:00:17,0.95,200,39550
20240202,15:00:18,1.0,600,39550
20240202,15:00:19,0.95,200,39550
20240202,15:00:20,0.95,200,39550
20240202,15:00:21,0.95,200,39550
20240202,15:00:22,0.95,200,39550
20240202,15:00:23,0.95,200,39550
20240202,15:00:24,0.95,200,39550
20240202,15:00:25,0.95,200,39550
20240202,15:00:26,0.95,200,39550
20240202,15:00:27,0.95,200,39550
20240202,15:00:28,0.95,100,39550
20240202,15:00:34,1.0,1000,39550
20240202,15:00:44,1.0,1450,39550
20240202,15:00:46,1.05,1800,39550
20240202,15:01:05,1.0,450,39550
20240202,15:03:25,1.05,5650,39550
20240202,15:03:27,1.1,50,39500
20240202,15:03:28,1.1,50,39500
20240202,15:03:29,1.1,50,39500
20240202,15:03:30,1.1,50,39500
20240202,15:03:31,1.1,50,39500
20240202,15:03:54,1.05,950,39500
20240202,15:04:23,1.1,50,39500
20240202,15:04:25,1.1,50,39500
20240202,15:04:47,1.1,50,39500
20240202,15:04:54,1.05,50,39500
20240202,15:05:04,1.1,450,39500
20240202,15:05:22,1.05,150,39500
20240202,15:05:24,1.05,100,39500
20240202,15:05:37,1.1,50,39500
20240202,15:05:40,1.1,50,39500
20240202,15:05:52,1.1,600,39500
20240202,15:06:23,1.1,450,39350
20240202,15:06:24,1.1,1500,39350
20240202,15:06:25,1.1,150,39350
20240202,15:06:31,1.05,400,39350
20240202,15:06:42,1.1,6850,39350
20240202,15:07:29,1.05,1150,39350
20240202,15:07:42,1.1,1450,39350
20240202,15:07:43,1.1,2150,39350
20240202,15:07:48,1.1,1250,39350
20240202,15:07:49,1.1,1100,39350
20240202,15:08:16,1.1,50,39350
20240202,15:08:18,1.1,50,39350
20240202,15:09:12,1.1,50,41550
20240202,15:09:56,1.1,50,41550
20240202,15:10:06,1.1,1050,41550
20240202,15:10:07,1.1,1800,41550
20240202,15:11:16,1.1,500,41550
20240202,15:11:56,1.1,1450,41550
20240202,15:12:08,1.05,100,41600
20240202,15:12:54,1.1,50,41600
20240202,15:13:30,1.1,50,41600
20240202,15:13:31,1.1,50,41600
20240202,15:13:32,1.1,50,41600
20240202,15:14:01,1.05,100,41600
20240202,15:14:21,1.1,50,41600
20240202,15:14:26,1.1,250,41600
20240202,15:14:29,1.05,100,41600
20240202,15:14:30,1.1,4100,41600
20240202,15:14:34,1.15,100,41600
20240202,15:15:06,1.1,2550,43200
20240202,15:15:09,1.05,50,43200
20240202,15:15:12,1.05,150,43200
20240202,15:15:19,1.1,50,43200
20240202,15:15:32,1.05,50,43200
20240202,15:16:47,1.1,50,43200
20240202,15:18:16,1.15,250,43650
20240202,15:18:37,1.15,450,43650
20240202,15:19:13,1.1,1800,43650
20240202,15:19:56,1.1,50,43650
20240202,15:20:02,1.15,100,43650
20240202,15:20:04,1.1,50,43650
20240202,15:20:05,1.1,50,43650
20240202,15:20:15,1.1,50,43650
20240202,15:20:18,1.1,50,43650
20240202,15:20:20,1.1,50,43650
20240202,15:20:28,1.1,50,43650
20240202,15:20:31,1.15,50,43650
20240202,15:20:36,1.1,50,43650
20240202,15:20:46,1.1,50,43650
20240202,15:20:47,1.15,550,43650
20240202,15:20:52,1.1,50,43650
20240202,15:21:09,1.1,50,43650
20240202,15:21:41,1.15,500,45850
20240202,15:21:49,1.15,1050,45850
20240202,15:21:55,1.1,50,45850
20240202,15:22:16,1.1,750,45850
20240202,15:22:21,1.15,200,45850
20240202,15:22:22,1.1,50,45850
20240202,15:23:51,1.15,900,45850
20240202,15:23:55,1.1,100,45850
20240202,15:24:28,1.1,50,45850
20240202,15:24:44,1.1,100,47000
20240202,15:24:58,1.1,50,47000
20240202,15:25:08,1.1,100,47000
20240202,15:25:10,1.1,1900,47000
20240202,15:25:11,1.1,100,47000
20240202,15:25:12,1.1,100,47000
20240202,15:25:14,1.1,100,47000
20240202,15:25:16,1.1,50,47000
20240202,15:25:45,1.1,100,47000
20240202,15:25:46,1.1,250,47000
20240202,15:26:02,1.1,50,47000
20240202,15:26:15,1.1,50,47000
20240202,15:26:21,1.1,500,47000
20240202,15:26:21,1.15,1700,47000
20240202,15:26:41,1.15,500,47000
20240202,15:26:42,1.1,50,47000
20240202,15:26:58,1.2,2000,47000
20240202,15:27:03,1.2,500,47950
20240202,15:27:07,1.15,50,47950
20240202,15:27:11,1.15,50,47950
20240202,15:27:14,1.15,50,47950
20240202,15:27:21,1.15,50,47950
20240202,15:27:24,1.15,50,47950
20240202,15:27:28,1.2,500,47950
20240202,15:27:28,1.2,200,47950
20240202,15:27:29,1.15,50,47950
20240202,15:27:46,1.2,500,47950
20240202,15:27:51,1.2,350,47950
20240202,15:28:38,1.2,500,47950
20240202,15:28:40,1.15,150,47950
20240202,15:28:46,1.15,1000,47950
20240202,15:28:52,1.1,250,47950
20240202,15:29:00,1.1,250,47950
20240202,15:29:23,1.1,150,47950
20240202,15:29:24,1.15,50,47950
20240202,15:29:35,0.95,250,47950
20240202,15:29:53,1.15,150,47950
20240205,09:15:01,1.15,1,46000
20240205,09:15:01,1.15,150,46000
20240205,09:15:04,1.15,100,46000
20240205,09:15:12,1.35,50,46000
20240205,09:15:13,1.35,300,46000
20240205,09:15:15,2.25,2150,46000
20240205,09:15:17,1.15,950,46000
20240205,09:15:18,1.15,100,46000
20240205,09:15:22,1.15,800,46000
20240205,09:15:23,1.15,350,46000
20240205,09:15:25,1.2,500,46000
20240205,09:15:29,1.15,400,46000
20240205,09:15:32,1.15,200,46000
20240205,09:15:37,1.15,100,46000
20240205,09:15:46,1.1,1800,46000
20240205,09:15:48,1.1,200,46000
20240205,09:15:49,1.05,1850,46000
20240205,09:15:54,1.05,100,46000
20240205,09:15:58,1.05,600,46000
20240205,09:16:01,1.1,50,46000
20240205,09:16:06,1.05,500,46000
20240205,09:16:10,1.05,50,47750
20240205,09:16:46,1.05,1850,47750
20240205,09:16:54,1.1,100,47750
20240205,09:17:01,1.05,200,47750
20240205,09:17:05,1.05,400,47750
20240205,09:17:08,1.05,100,47750
20240205,09:17:09,1.05,50,47750
20240205,09:17:10,1.05,1150,47750
20240205,09:17:11,1.05,50,47750
20240205,09:17:21,1.05,250,47750
20240205,09:17:28,1.05,250,47750
20240205,09:17:30,1.05,300,47750
20240205,09:17:41,1.05,100,47750
20240205,09:17:49,1.05,50,47750
20240205,09:17:51,1.05,50,47750
20240205,09:17:55,1.0,200,47750
20240205,09:17:57,1.0,1800,47750
20240205,09:18:00,1.0,50,47750
20240205,09:19:04,1.05,200,47750
20240205,09:19:05,1.05,50,47750
20240205,09:19:15,1.05,50,48300
20240205,09:19:16,1.05,50,48300
20240205,09:19:19,1.05,50,48300
20240205,09:19:22,1.05,50,48300
20240205,09:19:28,1.05,50,48300
20240205,09:19:37,1.05,50,48300
20240205,09:19:43,1.05,250,48300
20240205,09:19:44,1.0,50,48300
20240205,09:19:54,1.0,600,48300
20240205,09:19:55,1.0,150,48300
20240205,09:20:05,1.05,50,48300
20240205,09:20:08,1.0,200,48300
20240205,09:20:20,1.05,50,48300
20240205,09:20:40,1.05,50,48300
20240205,09:20:56,1.05,200,48300
20240205,09:21:19,1.05,300,48300
20240205,09:21:21,1.05,300,48300
20240205,09:21:22,1.05,250,48300
20240205,09:21:34,1.05,50,48300
20240205,09:21:40,1.1,600,48300
20240205,09:21:43,1.1,700,48300
20240205,09:21:59,1.1,1150,48300
20240205,09:22:08,1.1,150,48300
20240205,09:22:24,1.1,50,51300
20240205,09:22:40,1.05,600,51300
20240205,09:22:46,1.1,100,51300
20240205,09:22:47,1.1,250,51300
20240205,09:23:02,1.1,100,51300
20240205,09:23:16,1.1,250,51300
20240205,09:23:19,1.1,1700,51300
20240205,09:23:21,1.1,50,51300
20240205,09:23:24,1.1,450,51300
20240205,09:23:24,1.1,50,51300
20240205,09:23:31,1.1,50,51300
20240205,09:23:55,1.1,50,51300
20240205,09:24:10,1.1,50,51300
20240205,09:24:20,1.1,50,51300
20240205,09:24:27,1.1,100,51300
20240205,09:24:28,1.1,300,51300
20240205,09:24:29,1.1,50,51300
20240205,09:24:31,1.1,700,51300
20240205,09:24:38,1.1,550,51300
20240205,09:24:54,1.1,50,51300
20240205,09:25:46,1.1,150,51300
20240205,09:26:52,1.1,500,54600
20240205,09:27:14,1.1,200,54600
20240205,09:27:41,1.15,50,54600
20240205,09:28:22,1.15,50,54450
20240205,09:28:34,1.15,150,54450
20240205,09:28:46,1.15,50,54450
20240205,09:28:47,1.15,50,54450
20240205,09:28:48,1.15,50,54450
20240205,09:28:49,1.15,50,54450
20240205,09:28:50,1.15,50,54450
20240205,09:28:51,1.15,50,54450
20240205,09:28:52,1.15,50,54450
20240205,09:28:53,1.15,50,54450
20240205,09:28:54,1.15,50,54450
20240205,09:28:55,1.15,50,54450
20240205,09:28:56,1.15,50,54450
20240205,09:28:57,1.15,100,54450
20240205,09:28:58,1.15,50,54450
20240205,09:28:59,1.15,50,54450
20240205,09:29:01,1.15,400,54450
20240205,09:29:02,1.15,200,54450
20240205,09:29:03,1.15,50,54450
20240205,09:29:04,1.15,50,54450
20240205,09:29:05,1.15,50,54450
20240205,09:29:06,1.15,50,54450
20240205,09:29:07,1.15,50,54450
20240205,09:29:08,1.15,50,54450
20240205,09:29:09,1.15,50,54450
20240205,09:29:10,1.15,50,54450
20240205,09:29:11,1.15,50,54450
20240205,09:29:27,1.1,50,54450
20240205,09:29:36,1.2,50,54450
20240205,09:29:45,1.15,250,54450
20240205,09:29:46,1.1,300,54450
20240205,09:29:48,1.1,250,54450
20240205,09:29:51,1.1,1250,54450
20240205,09:29:52,1.15,50,54450
20240205,09:29:56,1.15,300,54450
20240205,09:30:00,1.15,50,54450
20240205,09:30:03,1.15,50,54450
20240205,09:30:04,1.15,350,54450
20240205,09:30:05,1.15,100,54450
20240205,09:30:11,1.15,50,54450
20240205,09:30:16,1.15,50,54450
20240205,09:30:23,1.1,50,54450
20240205,09:30:24,1.1,50,54450
20240205,09:30:25,1.1,50,54450
20240205,09:30:35,1.1,1800,54450
20240205,09:32:25,1.1,1950,54050
20240205,09:32:46,1.05,900,54050
20240205,09:32:56,1.05,50,54050
20240205,09:33:35,1.1,50,54050
20240205,09:33:36,1.1,50,54050
20240205,09:33:57,1.1,50,54050
20240205,09:34:02,1.05,50,54050
20240205,09:34:03,1.05,50,54050
20240205,09:34:04,1.05,100,54050
20240205,09:34:05,1.05,50,54050
20240205,09:34:06,1.05,200,54050
20240205,09:34:08,1.05,450,54050
20240205,09:34:10,1.05,50,54050
20240205,09:34:29,1.05,200,52850
20240205,09:34:30,1.05,600,52850
20240205,09:34:35,1.05,50,52850
20240205,09:34:37,1.0,100,52850
20240205,09:34:41,1.05,150,52850
20240205,09:34:43,1.0,50,52850
20240205,09:34:46,1.0,150,52850
20240205,09:34:47,1.0,100,52850
20240205,09:35:14,1.0,50,52850
20240205,09:35:21,1.0,50,52850
20240205,09:36:19,1.05,50,52850
20240205,09:37:17,1.05,250,52850
20240205,09:37:57,1.0,100,52200
20240205,09:39:03,1.05,50,52200
20240205,09:39:18,1.05,450,52200
20240205,09:40:21,1.05,50,52400
20240205,09:40:23,1.05,50,52400
20240205,09:40:33,1.05,100,52400
20240205,09:41:00,1.05,50,52400
20240205,09:41:26,1.05,1800,52400
20240205,09:41:28,1.05,2350,52400
20240205,09:41:41,1.1,50,52400
20240205,09:41:57,1.05,50,52400
20240205,09:41:58,1.05,50,52400
20240205,09:42:06,1.1,50,52400
20240205,09:42:11,1.1,50,52400
20240205,09:42:14,1.1,50,52400
20240205,09:42:15,1.1,50,52400
20240205,09:42:16,1.1,50,52400
20240205,09:42:17,1.1,50,52400
20240205,09:42:24,1.05,50,52400
20240205,09:42:25,1.05,100,52400
20240205,09:42:26,1.05,50,52400
20240205,09:42:27,1.05,50,52400
20240205,09:42:28,1.05,50,52400
20240205,09:43:01,1.05,50,52400
20240205,09:43:07,1.05,1800,52400
20240205,09:43:11,1.05,750,52400
20240205,09:43:12,1.05,250,52400
20240205,09:43:16,1.05,50,52400
20240205,09:43:18,1.05,50,57150
20240205,09:43:20,1.1,50,57150
20240205,09:43:39,1.1,50,57150
20240205,09:44:39,1.1,50,57150
20240205,09:44:51,1.1,300,57150
20240205,09:45:44,1.1,50,57150
20240205,09:47:21,1.1,50,57150
20240205,09:47:56,1.05,550,57750
20240205,09:48:36,1.05,200,57750
20240205,09:48:37,1.05,150,57750
20240205,09:48:38,1.05,150,57750
20240205,09:48:39,1.05,150,57750
20240205,09:48:43,1.1,50,57750
20240205,09:48:51,1.1,50,57750
20240205,09:49:00,1.1,50,57750
20240205,09:49:31,1.1,50,57750
20240205,09:49:52,1.1,50,57750
20240205,09:50:36,1.1,50,57750
20240205,09:50:38,1.1,50,57750
20240205,09:51:02,1.1,1800,57750
20240205,09:51:04,1.1,2050,57750
20240205,09:51:07,1.1,1950,57750
20240205,09:51:08,1.1,550,57750
20240205,09:51:47,1.1,50,57750
20240205,09:52:02,1.15,50,57750
20240205,09:52:06,1.1,50,57750
20240205,09:52:28,1.15,50,55850
20240205,09:52:36,1.15,50,55850
20240205,09:53:02,1.15,50,55850
20240205,09:53:03,1.15,50,55850
20240205,09:53:05,1.15,50,55850
20240205,09:53:32,1.15,1250,55850
20240205,09:53:40,1.2,50,55850
20240205,09:53:41,1.2,50,55850
20240205,09:53:42,1.2,50,55850
20240205,09:53:43,1.2,50,55850
20240205,09:53:44,1.2,50,55850
20240205,09:53:45,1.2,50,55850
20240205,09:53:46,1.2,50,55850
20240205,09:53:47,1.2,50,55850
20240205,09:53:48,1.2,50,55850
20240205,09:53:49,1.2,50,55850
20240205,09:53:50,1.2,50,55850
20240205,09:53:51,1.2,50,55850
20240205,09:53:52,1.2,50,55850
20240205,09:53:53,1.2,50,55850
20240205,09:53:54,1.2,50,55850
20240205,09:53:55,1.2,50,55850
20240205,09:53:56,1.2,50,55850
20240205,09:53:57,1.2,50,55850
20240205,09:53:59,1.2,100,55850
20240205,09:54:00,1.2,50,55850
20240205,09:54:01,1.2,50,55850
20240205,09:54:02,1.2,50,55850
20240205,09:54:03,1.2,50,55850
20240205,09:54:04,1.2,50,55850
20240205,09:54:05,1.2,50,55850
20240205,09:54:07,1.2,200,55850
20240205,09:54:08,1.2,100,55850
20240205,09:54:12,1.2,50,55850
20240205,09:54:18,1.2,50,55850
20240205,09:54:37,1.2,50,55850
20240205,09:54:38,1.2,50,55850
20240205,09:54:39,1.2,50,55850
20240205,09:54:44,1.2,50,55850
20240205,09:54:48,1.2,50,55850
20240205,09:54:50,1.2,50,55850
20240205,09:54:59,1.2,50,55850
20240205,09:55:00,1.2,50,55850
20240205,09:55:01,1.2,50,55850
20240205,09:55:02,1.2,50,55850
20240205,09:55:03,1.2,50,55850
20240205,09:55:14,1.2,100,55850
20240205,09:55:18,1.2,50,56900
20240205,09:55:31,1.2,50,56900
20240205,09:55:40,1.15,2100,56900
20240205,09:55:48,1.15,1200,56900
20240205,09:55:48,1.1,300,56900
20240205,09:55:49,1.15,50,56900
20240205,09:55:50,1.15,100,56900
20240205,09:55:51,1.15,50,56900
20240205,09:55:52,1.15,50,56900
20240205,09:55:53,1.15,50,56900
20240205,09:56:53,1.15,50,56900
20240205,09:57:16,1.1,50,56900
20240205,09:57:17,1.1,50,56900
20240205,09:57:18,1.1,50,56900
20240205,09:57:19,1.1,50,56900
20240205,09:57:20,1.1,50,56900
20240205,09:57:21,1.1,50,56900
20240205,09:57:23,1.1,100,56900
20240205,09:57:24,1.1,50,56900
20240205,09:57:25,1.1,200,56900
20240205,09:57:26,1.1,300,56900
20240205,09:57:32,1.1,150,56900
20240205,09:57:33,1.1,150,56900
20240205,09:57:34,1.1,200,56900
20240205,09:57:39,1.1,150,56900
20240205,09:57:40,1.1,150,56900
20240205,09:58:00,1.1,150,56900
20240205,09:58:01,1.1,150,56900
20240205,09:58:13,1.1,50,56900
20240205,09:59:30,1.15,100,56900
20240205,09:59:46,1.1,50,54200
20240205,09:59:57,1.15,50,54200
20240205,10:00:00,1.15,50,54200
20240205,10:00:08,1.15,50,54200
20240205,10:00:57,1.1,50,54200
20240205,10:01:04,1.15,50,54200
20240205,10:01:24,1.15,50,54200
20240205,10:01:38,1.15,750,54200
20240205,10:02:05,1.15,250,54200
20240205,10:03:19,1.15,50,54200
20240205,10:03:27,1.15,150,54200
20240205,10:03:28,1.15,50,54200
20240205,10:03:40,1.15,50,54200
20240205,10:05:04,1.15,50,53450
20240205,10:05:15,1.1,250,53450
20240205,10:05:20,1.1,50,53450
20240205,10:05:21,1.1,50,53450
20240205,10:05:23,1.1,250,53450
20240205,10:05:26,1.1,100,53450
20240205,10:05:49,1.1,250,53450
20240205,10:06:38,1.1,50,53450
20240205,10:06:49,1.1,50,53450
20240205,10:06:58,1.1,250,53450
20240205,10:07:08,1.15,850,53450
20240205,10:07:27,1.1,550,54350
20240205,10:07:32,1.1,250,54350
20240205,10:08:05,1.05,250,54350
20240205,10:12:46,1.05,50,54650
20240205,10:13:01,1.05,50,54650
20240205,10:13:11,1.1,50,54650
20240205,10:14:24,1.05,100,54650
20240205,10:17:37,1.05,250,54650
20240205,10:18:19,1.05,300,54650
20240205,10:18:59,1.0,150,54650
20240205,10:19:00,1.0,650,54650
20240205,10:19:01,1.0,100,54650
20240205,10:19:02,1.0,150,54650
20240205,10:19:05,1.0,100,54650
20240205,10:19:05,1.0,250,54650
20240205,10:19:11,1.0,250,54650
20240205,10:19:14,1.0,350,54650
20240205,10:19:20,1.0,50,54700
20240205,10:19:23,0.95,300,54700
20240205,10:19:45,0.95,50,54700
20240205,10:20:04,0.95,950,54700
20240205,10:20:22,0.95,350,54700
20240205,10:21:05,1.0,50,54700
20240205,10:21:06,1.0,50,54700
20240205,10:21:07,0.9,850,54700
20240205,10:21:08,0.9,600,54700
20240205,10:21:23,0.9,450,54700
20240205,10:21:24,0.9,50,54700
20240205,10:21:26,0.9,50,54700
20240205,10:21:27,0.9,200,54700
20240205,10:22:48,0.9,50,54700
20240205,10:22:49,0.9,100,53100
20240205,10:22:54,0.9,700,53100
20240205,10:23:05,0.9,800,53100
20240205,10:23:08,0.9,50,53100
20240205,10:23:15,0.9,50,53100
20240205,10:23:23,0.9,50,53100
20240205,10:23:36,0.9,50,53100
20240205,10:23:41,0.95,100,53100
20240205,10:23:57,0.9,50,53100
20240205,10:24:01,0.95,250,53100
20240205,10:24:11,0.9,50,53100
20240205,10:24:31,0.9,1900,53100
20240205,10:24:32,0.95,200,53100
20240205,10:24:39,0.95,500,53100
20240205,10:25:27,0.9,100,53100
20240205,10:26:49,0.95,1800,52350
20240205,10:27:05,1.0,50,52350
20240205,10:30:35,0.95,50,52350
20240205,10:31:14,0.95,50,52400
20240205,10:31:45,0.95,150,52400
20240205,10:32:05,1.0,100,52400
20240205,10:32:40,1.0,50,52400
20240205,10:32:57,1.0,50,52400
20240205,10:33:09,1.0,50,52400
20240205,10:33:39,1.0,50,52400
20240205,10:33:39,0.95,50,52400
20240205,10:33:48,1.0,50,52400
20240205,10:37:56,0.95,50,52450
20240205,10:38:11,1.0,50,52450
20240205,10:38:52,1.0,50,52450
20240205,10:38:53,1.0,50,52450
20240205,10:38:56,1.0,50,52450
20240205,10:39:08,1.0,50,52450
20240205,10:39:09,1.0,50,52450
20240205,10:39:10,1.0,50,52450
20240205,10:39:11,1.0,50,52450
20240205,10:39:12,1.0,50,52450
20240205,10:39:16,1.0,50,52450
20240205,10:39:17,1.0,50,52450
20240205,10:39:18,1.0,50,52450
20240205,10:39:19,1.0,50,52450
20240205,10:39:39,1.0,50,52450
20240205,10:39:42,1.0,50,52450
20240205,10:39:43,1.0,50,52450
20240205,10:39:44,1.0,50,52450
20240205,10:39:48,1.0,50,52450
20240205,10:39:49,1.0,50,52450
20240205,10:39:50,1.0,50,52450
20240205,10:39:51,1.0,50,52450
20240205,10:39:52,1.0,50,52450
20240205,10:39:53,1.0,50,52450
20240205,10:39:54,1.0,50,52450
20240205,10:39:55,1.0,50,52450
20240205,10:39:56,1.0,50,52450
20240205,10:39:57,1.0,50,52450
20240205,10:39:58,1.0,50,52450
20240205,10:39:59,1.0,50,52450
20240205,10:40:00,1.0,50,52450
20240205,10:40:01,1.0,50,52450
20240205,10:40:02,1.0,100,52450
20240205,10:40:03,1.0,50,52450
20240205,10:40:04,1.0,50,52450
20240205,10:40:05,1.0,50,52450
20240205,10:40:06,1.0,50,52450
20240205,10:40:07,1.0,50,52450
20240205,10:40:08,1.0,50,52450
20240205,10:40:09,1.0,50,52450
20240205,10:40:12,1.0,50,52450
20240205,10:40:13,1.0,50,52450
20240205,10:40:14,1.0,50,52450
20240205,10:40:15,1.0,50,52450
20240205,10:40:16,1.0,50,52450
20240205,10:40:17,1.0,50,52450
20240205,10:40:18,1.0,50,52450
20240205,10:40:19,1.0,50,52450
20240205,10:40:20,1.0,50,52450
20240205,10:40:21,1.0,50,52450
20240205,10:40:22,1.0,50,52450
20240205,10:40:23,1.0,50,52450
20240205,10:40:24,1.0,50,52450
20240205,10:40:25,1.0,50,52450
20240205,10:40:26,1.0,50,52450
20240205,10:40:27,1.0,50,52450
20240205,10:40:28,1.0,50,52450
20240205,10:40:29,1.0,50,52450
20240205,10:40:30,1.0,50,52450
20240205,10:40:31,1.0,50,52450
20240205,10:40:32,1.0,50,52450
20240205,10:40:33,1.0,50,52450
20240205,10:40:34,1.0,50,52450
20240205,10:40:35,1.0,50,52450
20240205,10:40:36,1.0,50,52450
20240205,10:40:37,1.0,50,52450
20240205,10:40:38,1.0,50,52450
20240205,10:40:39,1.0,50,52450
20240205,10:40:40,1.0,50,52450
20240205,10:40:41,1.0,50,52450
20240205,10:40:42,1.0,50,52450
20240205,10:40:43,1.0,50,52450
20240205,10:41:13,1.0,50,52450
20240205,10:41:13,1.0,100,52450
20240205,10:41:18,1.0,3000,52450
20240205,10:41:18,1.0,100,52450
20240205,10:41:39,1.05,50,52450
20240205,10:41:40,1.05,50,52450
20240205,10:41:41,1.05,50,52450
20240205,10:41:42,1.05,50,52450
20240205,10:41:43,1.05,50,52450
20240205,10:41:44,1.05,50,52450
20240205,10:41:45,1.05,50,52450
20240205,10:41:46,1.05,50,52450
20240205,10:41:47,1.05,50,52450
20240205,10:41:48,1.05,50,52450
20240205,10:41:49,1.05,50,52450
20240205,10:41:50,1.05,50,52450
20240205,10:41:51,1.05,50,52450
20240205,10:41:52,1.05,50,52450
20240205,10:41:53,1.05,50,52450
20240205,10:41:54,1.05,50,52450
20240205,10:41:55,1.0,50,52450
20240205,10:41:56,1.05,50,52450
20240205,10:41:57,1.05,50,52450
20240205,10:41:58,1.05,50,52450
20240205,10:41:59,1.05,50,52450
20240205,10:42:00,1.05,50,52450
20240205,10:42:01,1.05,50,52450
20240205,10:42:02,1.05,50,52450
20240205,10:42:03,1.05,50,52450
20240205,10:42:04,1.05,50,52450
20240205,10:42:05,1.05,50,52450
20240205,10:42:06,1.05,50,52450
20240205,10:42:07,1.05,50,52450
20240205,10:42:13,1.05,50,52450
20240205,10:42:14,1.05,50,52450
20240205,10:42:15,1.05,50,52450
20240205,10:43:36,1.0,50,52450
20240205,10:43:37,1.0,100,55800
20240205,10:43:51,1.05,250,55800
20240205,10:45:48,1.0,3600,55800
20240205,10:46:33,1.0,100,55800
20240205,10:46:40,1.05,50,55000
20240205,10:46:49,1.0,100,55000
20240205,10:46:54,1.0,100,55000
20240205,10:49:14,1.05,1800,55000
20240205,10:49:30,1.05,50,54900
20240205,10:50:13,1.05,1800,54900
20240205,10:50:53,1.05,1800,54900
20240205,10:51:14,1.05,450,54900
20240205,10:52:21,1.05,50,54900
20240205,10:52:22,1.05,50,54900
20240205,10:52:24,1.05,50,58050
20240205,10:52:25,1.05,50,58050
20240205,10:53:01,1.05,50,58050
20240205,10:53:02,1.05,50,58050
20240205,10:53:03,1.05,50,58050
20240205,10:53:04,1.05,50,58050
20240205,10:53:05,1.05,50,58050
20240205,10:53:06,1.05,50,58050
20240205,10:53:07,1.05,50,58050
20240205,10:53:08,1.05,50,58050
20240205,10:53:09,1.05,50,58050
20240205,10:53:10,1.05,50,58050
20240205,10:53:11,1.05,50,58050
20240205,10:53:12,1.05,50,58050
20240205,10:53:13,1.05,50,58050
20240205,10:53:14,1.05,50,58050
20240205,10:53:15,1.05,50,58050
20240205,10:53:50,1.0,250,58050
20240205,10:54:16,1.05,50,58050
20240205,10:55:17,1.0,150,58050
20240205,10:55:18,1.0,150,58050
20240205,10:55:25,1.0,150,58050
20240205,10:55:26,1.0,150,58650
20240205,10:55:27,1.0,150,58650
20240205,10:55:36,1.0,50,58650
20240205,10:55:37,1.0,150,58650
20240205,10:55:38,1.0,150,58650
20240205,10:56:12,1.0,200,58650
20240205,10:56:13,1.0,150,58650
20240205,10:56:14,1.0,150,58650
20240205,10:56:22,1.0,50,58650
20240205,10:56:47,1.05,50,58650
20240205,10:58:37,1.05,50,58650
20240205,10:59:34,1.05,50,57450
20240205,11:00:13,1.05,50,57450
20240205,11:03:11,1.0,50,57450
20240205,11:04:23,1.05,800,57600
20240205,11:05:40,1.0,50,57600
20240205,11:05:41,1.0,100,58350
20240205,11:06:01,1.0,50,58350
20240205,11:07:13,1.05,250,58350
20240205,11:11:42,1.0,50,58150
20240205,11:13:30,1.05,450,58150
20240205,11:14:14,1.0,50,58100
20240205,11:14:16,1.05,2000,58100
20240205,11:14:55,1.0,50,58100
20240205,11:17:00,1.05,300,58100
20240205,11:17:56,1.0,150,57050
20240205,11:18:02,1.05,50,57050
20240205,11:19:25,1.05,150,57050
20240205,11:19:26,1.05,50,57050
20240205,11:19:27,1.05,50,57050
20240205,11:19:29,1.05,50,57050
20240205,11:19:30,1.05,50,57050
20240205,11:19:32,1.05,50,57050
20240205,11:19:33,1.05,50,57050
20240205,11:20:35,1.05,50,57050
20240205,11:20:36,1.05,50,57050
20240205,11:20:37,1.05,50,57050
20240205,11:20:38,1.05,50,57050
20240205,11:20:39,1.05,50,57050
20240205,11:20:58,1.05,200,57050
20240205,11:21:25,1.05,100,57050
20240205,11:21:28,1.05,250,57050
20240205,11:22:59,1.05,50,57000
20240205,11:24:30,1.05,50,57000
20240205,11:24:31,1.05,50,57000
20240205,11:24:32,1.05,50,57000
20240205,11:24:33,1.05,50,57000
20240205,11:24:34,1.05,50,57000
20240205,11:24:35,1.05,50,57000
20240205,11:24:36,1.05,50,57000
20240205,11:24:37,1.05,50,57000
20240205,11:24:38,1.05,50,57000
20240205,11:26:54,1.05,50,57300
20240205,11:26:55,1.05,50,57300
20240205,11:26:56,1.05,50,57300
20240205,11:26:57,1.05,50,57300
20240205,11:26:58,1.05,50,57300
20240205,11:26:59,1.05,50,57300
20240205,11:27:00,1.05,50,57300
20240205,11:27:01,1.05,50,57300
20240205,11:27:02,1.05,50,57300
20240205,11:27:03,1.05,50,57300
20240205,11:27:04,1.05,50,57300
20240205,11:27:05,1.05,50,57300
20240205,11:27:06,1.05,50,57300
20240205,11:27:07,1.05,50,57300
20240205,11:27:08,1.05,50,57300
20240205,11:27:09,1.05,50,57300
20240205,11:27:10,1.05,50,57300
20240205,11:27:11,1.05,50,57300
20240205,11:27:12,1.05,50,57300
20240205,11:27:13,1.05,50,57300
20240205,11:27:14,1.05,50,57300
20240205,11:27:15,1.05,50,57300
20240205,11:27:37,1.05,50,57300
20240205,11:27:38,1.05,50,57300
20240205,11:27:39,1.05,50,57300
20240205,11:27:40,1.05,50,57300
20240205,11:27:41,1.05,50,57300
20240205,11:27:42,1.05,50,57300
20240205,11:27:43,1.05,50,57300
20240205,11:27:44,1.05,50,57300
20240205,11:27:45,1.05,50,57300
20240205,11:27:46,1.05,50,57300
20240205,11:27:47,1.05,50,57300
20240205,11:27:48,1.05,50,57300
20240205,11:27:52,1.05,50,57300
20240205,11:27:53,1.05,50,57300
20240205,11:27:54,1.05,50,57300
20240205,11:27:55,1.05,50,57300
20240205,11:27:56,1.05,50,57300
20240205,11:27:57,1.05,50,57300
20240205,11:27:58,1.05,50,57300
20240205,11:27:59,1.05,50,57300
20240205,11:28:00,1.05,50,57300
20240205,11:28:01,1.05,50,57300
20240205,11:28:02,1.05,50,57300
20240205,11:28:03,1.05,50,57300
20240205,11:28:04,1.05,50,57300
20240205,11:28:10,1.05,50,57300
20240205,11:28:11,1.05,50,57300
20240205,11:28:12,1.05,50,57300
20240205,11:28:13,1.05,50,57300
20240205,11:28:16,1.05,50,57300
20240205,11:28:17,1.05,50,57300
20240205,11:28:19,1.05,50,57300
20240205,11:28:20,1.05,50,57300
20240205,11:28:21,1.05,50,57300
20240205,11:28:22,1.05,50,57300
20240205,11:28:25,1.1,50,57300
20240205,11:28:27,1.1,50,57300
20240205,11:28:28,1.1,50,57300
20240205,11:28:29,1.1,50,57300
20240205,11:28:30,1.1,50,60250
20240205,11:28:31,1.1,50,60250
20240205,11:28:32,1.1,50,60250
20240205,11:28:33,1.1,50,60250
20240205,11:28:34,1.1,50,60250
20240205,11:28:35,1.1,50,60250
20240205,11:28:36,1.1,50,60250
20240205,11:28:37,1.1,50,60250
20240205,11:28:38,1.1,50,60250
20240205,11:28:39,1.1,50,60250
20240205,11:28:40,1.1,100,60250
20240205,11:28:41,1.1,50,60250
20240205,11:28:42,1.1,50,60250
20240205,11:28:43,1.1,50,60250
20240205,11:28:44,1.1,50,60250
20240205,11:28:45,1.1,50,60250
20240205,11:28:46,1.1,50,60250
20240205,11:28:47,1.1,50,60250
20240205,11:28:48,1.1,50,60250
20240205,11:28:49,1.1,100,60250
20240205,11:28:50,1.1,50,60250
20240205,11:28:51,1.1,50,60250
20240205,11:28:52,1.1,50,60250
20240205,11:28:55,1.1,100,60250
20240205,11:29:07,1.05,150,60250
20240205,11:29:22,1.05,100,60250
20240205,11:29:46,1.1,50,60250
20240205,11:30:11,1.05,50,60250
20240205,11:30:30,1.05,50,60250
20240205,11:33:33,1.05,50,61350
20240205,11:38:56,1.1,50,61350
20240205,11:39:56,1.1,50,61300
20240205,11:39:57,1.1,50,61300
20240205,11:39:59,1.1,50,61300
20240205,11:40:02,1.05,50,61300
20240205,11:40:11,1.1,50,61300
20240205,11:40:13,1.1,250,61300
20240205,11:40:27,1.15,600,61300
20240205,11:40:33,1.15,1150,61350
20240205,11:40:35,1.15,250,61350
20240205,11:40:38,1.15,200,61350
20240205,11:40:53,1.15,250,61350
20240205,11:41:26,1.15,50,61350
20240205,11:41:41,1.15,50,61350
20240205,11:41:48,1.15,50,61350
20240205,11:42:37,1.15,50,61350
20240205,11:42:44,1.15,50,61350
20240205,11:42:46,1.1,50,61350
20240205,11:42:53,1.15,50,61350
20240205,11:43:03,1.15,50,61350
20240205,11:43:09,1.15,100,61350
20240205,11:43:27,1.1,50,61350
20240205,11:43:33,1.15,1800,60700
20240205,11:44:14,1.15,50,60700
20240205,11:44:34,1.15,50,60700
20240205,11:44:35,1.15,50,60700
20240205,11:44:39,1.15,50,60700
20240205,11:44:47,1.1,50,60700
20240205,11:45:03,1.1,100,60700
20240205,11:45:25,1.15,50,60700
20240205,11:46:27,1.15,50,60700
20240205,11:46:28,1.15,50,60700
20240205,11:46:29,1.15,50,60700
20240205,11:46:30,1.15,50,60700
20240205,11:46:31,1.15,100,60700
20240205,11:46:32,1.15,50,60950
20240205,11:46:33,1.15,50,60950
20240205,11:46:34,1.15,50,60950
20240205,11:46:35,1.15,50,60950
20240205,11:46:36,1.15,50,60950
20240205,11:46:37,1.15,50,60950
20240205,11:46:38,1.15,50,60950
20240205,11:46:39,1.15,50,60950
20240205,11:46:40,1.15,50,60950
20240205,11:46:41,1.15,50,60950
20240205,11:46:42,1.15,250,60950
20240205,11:46:43,1.15,50,60950
20240205,11:46:44,1.15,50,60950
20240205,11:46:45,1.15,50,60950
20240205,11:46:46,1.15,50,60950
20240205,11:46:47,1.15,50,60950
20240205,11:46:48,1.15,50,60950
20240205,11:46:49,1.15,50,60950
20240205,11:46:50,1.15,50,60950
20240205,11:46:51,1.15,50,60950
20240205,11:46:52,1.15,50,60950
20240205,11:46:53,1.15,50,60950
20240205,11:46:54,1.15,50,60950
20240205,11:47:07,1.15,50,60950
20240205,11:47:13,1.15,100,60950
20240205,11:47:17,1.1,50,60950
20240205,11:47:54,1.1,50,60950
20240205,11:48:09,1.1,50,60950
20240205,11:48:10,1.15,50,60950
20240205,11:48:28,1.15,1950,60950
20240205,11:48:41,1.15,50,60950
20240205,11:49:29,1.2,50,60950
20240205,11:49:30,1.15,50,60950
20240205,11:49:32,1.15,100,60950
20240205,11:49:40,1.15,50,62450
20240205,11:49:46,1.15,100,62450
20240205,11:50:10,1.15,50,62450
20240205,11:50:17,1.2,50,62450
20240205,11:50:18,1.2,250,62450
20240205,11:50:49,1.2,200,62450
20240205,11:51:37,1.2,50,62450
20240205,11:51:52,1.2,150,62450
20240205,11:51:55,1.2,50,62450
20240205,11:52:09,1.15,50,62450
20240205,11:52:50,1.2,200,62750
20240205,11:53:12,1.2,400,62750
20240205,11:53:37,1.2,550,62750
20240205,11:53:38,1.15,5850,62750
20240205,11:53:43,1.2,150,62750
20240205,11:53:50,1.2,50,62750
20240205,11:54:21,1.2,50,62750
20240205,11:55:07,1.2,100,62750
20240205,11:55:43,1.2,2000,62750
20240205,11:55:43,1.2,50,60650
20240205,11:56:05,1.2,50,60650
20240205,11:56:10,1.2,50,60650
20240205,11:56:32,1.2,1800,60650
20240205,11:56:33,1.2,400,60650
20240205,11:56:33,1.2,4900,60650
20240205,11:56:46,1.2,50,60650
20240205,11:57:05,1.2,2400,60650
20240205,11:57:24,1.15,50,60650
20240205,11:57:37,1.15,300,60650
20240205,11:57:46,1.2,50,60650
20240205,11:58:19,1.2,200,60650
20240205,11:58:19,1.2,50,60650
20240205,11:58:21,1.2,1800,60650
20240205,11:58:25,1.2,250,60650
20240205,11:59:46,1.2,50,64750
20240205,12:00:33,1.2,50,64750
20240205,12:00:41,1.2,100,64750
20240205,12:00:47,1.2,1000,64750
20240205,12:01:06,1.25,50,64750
20240205,12:01:19,1.25,50,64750
20240205,12:01:56,1.25,100,64750
20240205,12:01:56,1.2,50,63800
20240205,12:02:14,1.25,50,63800
20240205,12:02:28,1.25,50,63800
20240205,12:03:01,1.2,50,63800
20240205,12:03:02,1.2,50,63800
20240205,12:03:36,1.25,50,63800
20240205,12:03:47,1.25,50,63800
20240205,12:03:57,1.2,250,63800
20240205,12:04:00,1.2,1200,63800
20240205,12:04:03,1.2,100,63800
20240205,12:04:05,1.2,100,63800
20240205,12:04:21,1.2,50,63800
20240205,12:04:22,1.15,2550,63800
20240205,12:04:36,1.1,50,63800
20240205,12:04:38,1.15,150,64050
20240205,12:04:54,1.15,200,64050
20240205,12:05:12,1.2,50,64050
20240205,12:05:15,1.2,50,64050
20240205,12:05:42,1.2,150,64050
20240205,12:06:05,1.2,100,64050
20240205,12:06:11,1.15,250,64050
20240205,12:06:22,1.15,50,64050
20240205,12:06:23,1.1,50,64050
20240205,12:06:25,1.15,50,64050
20240205,12:06:27,1.2,50,64050
