date,time,tick_price,volume,open_interest
20240110,14:17:42,1.55,2500,3900
20240110,14:17:48,1.55,200,3900
20240110,14:17:53,1.55,900,3900
20240110,14:18:01,1.55,150,3900
20240110,14:18:07,1.55,150,3900
20240110,14:30:55,1.55,100,3900
20240110,14:36:39,1.4,200,4000
20240110,14:47:46,1.35,250,4200
20240110,14:47:52,1.35,500,4200
20240110,14:48:06,1.35,50,4200
20240110,14:48:19,1.35,100,4200
20240110,15:10:01,1.35,100,5100
20240110,15:12:43,1.3,1700,5100
20240110,15:19:06,1.3,100,5950
20240110,15:21:23,0.95,100,5950
20240110,15:23:37,0.95,50,5950
20240110,15:25:35,1.4,50,5950
20240111,09:15:04,1.4,1,5950
20240111,09:15:04,1.4,50,5950
20240111,09:15:16,1.4,300,5950
20240111,09:15:34,1.35,100,5950
20240111,09:16:46,1.3,200,5950
20240111,09:16:52,1.3,50,5950
20240111,09:21:32,1.3,600,6600
20240111,09:23:52,1.3,50,7200
20240111,09:27:46,1.4,50,7200
20240111,09:28:59,1.4,50,7200
20240111,09:32:22,1.4,50,7200
20240111,09:33:19,1.35,100,7200
20240111,09:34:38,1.4,100,7200
20240111,09:35:33,1.4,50,7200
20240111,09:36:02,1.3,50,7200
20240111,09:36:31,1.35,50,7200
20240111,09:37:46,1.25,350,7200
20240111,09:37:54,1.25,50,7200
20240111,09:38:08,1.3,400,7200
20240111,09:39:19,1.45,300,8000
20240111,09:40:00,1.15,250,8000
20240111,09:40:53,1.15,200,8000
20240111,09:42:30,1.45,200,8050
20240111,09:43:41,1.4,50,8050
20240111,09:44:34,1.35,50,8050
20240111,09:47:26,1.4,50,8050
20240111,09:48:17,1.15,200,8100
20240111,09:57:53,1.3,300,8100
20240111,10:15:16,1.2,200,7800
20240111,10:15:55,1.2,300,7800
20240111,10:28:10,1.2,150,8300
20240111,10:33:45,1.2,250,8450
20240111,10:33:59,1.25,350,8450
20240111,10:36:48,1.2,50,9050
20240111,10:46:44,1.3,200,9000
20240111,10:47:12,1.35,50,9000
20240111,10:49:15,1.15,50,8800
20240111,10:53:38,1.35,50,8800
20240111,10:56:29,1.35,250,8800
20240111,11:01:03,1.35,50,8850
20240111,11:02:10,1.4,50,8850
20240111,11:05:22,1.5,650,8900
20240111,11:05:41,1.4,50,8900
20240111,11:06:22,1.4,50,9400
20240111,11:07:20,1.3,100,9400
20240111,11:15:10,1.3,100,9500
20240111,11:15:21,1.5,100,9500
20240111,11:17:06,1.25,50,9500
20240111,11:17:17,1.35,1000,9500
20240111,11:17:23,1.3,700,9500
20240111,11:20:17,1.25,550,9750
20240111,11:20:39,1.3,50,9750
20240111,11:23:30,1.35,100,9450
20240111,11:25:21,1.3,150,9500
20240111,11:32:12,1.3,250,9650
20240111,11:38:46,1.5,400,9900
20240111,11:39:07,1.45,50,10300
20240111,11:39:17,1.4,50,10300
20240111,11:39:22,1.25,500,10300
20240111,11:39:27,1.45,1000,10300
20240111,11:39:32,1.4,600,10300
20240111,11:39:37,1.4,200,10300
20240111,11:40:52,1.35,50,10300
20240111,11:42:13,1.35,500,10750
20240111,11:42:25,1.3,500,10750
20240111,11:51:27,1.35,50,10250
20240111,11:53:33,1.4,50,10250
20240111,11:59:53,1.4,50,10250
20240111,12:03:23,1.4,50,10300
20240111,12:09:10,1.4,50,10300
20240111,12:11:13,1.05,1250,10300
20240111,12:15:50,1.35,200,11400
20240111,12:20:55,1.2,50,11400
20240111,12:22:22,1.35,100,11400
20240111,12:27:29,1.35,50,11400
20240111,12:33:09,1.3,250,11400
20240111,12:49:03,1.35,50,11400
20240111,12:50:43,1.3,50,11400
20240111,12:55:56,1.3,100,11400
20240111,13:11:00,1.25,50,11500
20240111,13:16:52,1.25,200,11450
20240111,13:16:59,1.3,50,11450
20240111,13:17:22,1.25,150,11450
20240111,13:17:25,1.25,200,11450
20240111,13:17:33,1.3,250,11450
20240111,13:28:48,1.3,200,11450
20240111,13:34:36,1.25,50,11250
20240111,13:37:02,1.3,50,11300
20240111,13:39:11,1.3,50,11300
20240111,13:40:04,1.3,50,11300
20240111,13:41:30,1.2,100,11300
20240111,13:43:03,1.2,200,11400
20240111,13:43:43,1.2,50,11400
20240111,13:51:06,1.15,50,11650
20240111,13:55:11,1.15,150,11650
20240111,13:55:13,1.15,100,11650
20240111,13:55:48,1.2,50,11650
20240111,13:58:13,1.25,50,11800
20240111,14:10:30,1.2,50,11800
20240111,14:12:03,1.15,50,11800
20240111,14:17:44,1.35,200,11800
20240111,14:18:01,1.2,100,11800
20240111,14:18:35,1.3,50,11800
20240111,14:22:34,1.4,700,11750
20240111,14:25:46,1.25,200,12100
20240111,14:26:25,1.2,600,12100
20240111,14:29:31,1.2,50,11500
20240111,14:31:22,1.3,50,11500
20240111,14:31:29,1.25,600,11500
20240111,14:31:37,1.25,1150,11500
20240111,14:31:57,1.25,200,11500
20240111,14:32:32,1.25,350,11500
20240111,14:35:11,1.25,150,13500
20240111,14:35:47,1.25,800,13500
20240111,14:36:32,1.2,50,14100
20240111,14:37:39,1.0,2250,14100
20240111,14:40:26,1.15,100,16100
20240111,14:41:54,1.2,150,16100
20240111,14:43:56,1.25,150,16100
20240111,14:44:04,1.25,250,16100
20240111,14:46:42,1.3,200,16100
20240111,14:46:48,1.35,200,16100
20240111,14:50:18,1.3,200,16100
20240111,14:51:53,1.3,700,16100
20240111,14:53:05,1.25,50,16100
20240111,14:54:07,1.35,2250,16100
20240111,14:55:54,1.3,100,15050
20240111,15:00:33,1.25,350,15100
20240111,15:00:50,1.25,50,15100
20240111,15:01:15,1.3,1250,15100
20240111,15:04:04,1.3,50,14450
20240111,15:07:13,1.2,500,14500
20240111,15:07:51,1.25,100,14500
20240111,15:08:15,1.25,100,14500
20240111,15:08:32,1.25,50,14500
20240111,15:08:48,1.25,50,14500
20240111,15:09:02,1.2,50,14500
20240111,15:09:22,1.25,50,14500
20240111,15:10:17,1.2,200,14850
20240111,15:10:52,1.25,50,14850
20240111,15:11:03,1.25,50,14850
20240111,15:11:28,1.2,50,14850
20240111,15:14:58,1.25,1450,14950
20240111,15:15:56,1.2,950,16400
20240111,15:16:28,1.25,100,16400
20240111,15:16:33,1.25,100,16400
20240111,15:16:39,1.25,100,16400
20240111,15:16:49,1.25,100,16400
20240111,15:16:54,1.25,50,16400
20240111,15:17:05,1.25,100,16400
20240111,15:21:31,1.2,200,17900
20240111,15:22:10,1.2,1000,17900
20240111,15:22:31,1.2,2700,17900
20240111,15:22:38,1.2,2300,17900
20240111,15:22:43,1.2,1800,17900
20240111,15:22:48,1.2,10200,17900
20240111,15:22:54,1.2,250,17900
20240111,15:23:00,1.2,150,17900
20240111,15:23:06,1.2,250,17900
20240111,15:23:18,1.2,450,17900
20240111,15:23:24,1.2,1450,17900
20240111,15:23:35,1.2,1800,17900
20240111,15:23:46,1.2,1300,17900
20240111,15:23:51,1.2,1050,17900
20240111,15:24:01,1.2,1050,17900
20240111,15:24:07,1.2,1050,17900
20240111,15:24:17,1.2,1000,17900
20240111,15:24:22,1.2,200,17900
20240111,15:24:37,1.25,300,43050
20240111,15:24:41,1.15,200,43050
20240111,15:24:46,1.15,50,43050
20240111,15:26:30,1.15,1200,43050
20240111,15:26:35,1.15,300,43050
20240111,15:27:54,1.2,800,43400
20240111,15:28:08,1.25,250,43400
20240111,15:28:15,1.15,200,43400
20240111,15:28:22,1.1,3400,43400
20240111,15:28:28,1.25,1400,43400
20240111,15:28:41,1.25,350,43400
20240111,15:28:48,1.3,50,43400
20240111,15:29:07,1.25,250,43400
20240111,15:29:15,1.25,200,43400
20240111,15:29:23,1.15,100,43400
20240111,15:29:30,1.25,300,43400
20240111,15:29:37,1.25,150,43400
20240111,15:29:44,1.25,300,43400
20240111,15:30:01,1.2,150,43400
20240112,09:15:01,1.2,1,43300
20240112,09:15:01,1.15,250,43300
20240112,09:15:02,1.2,300,43300
20240112,09:15:03,1.2,500,43300
20240112,09:15:04,1.25,50,43300
20240112,09:15:05,1.25,250,43300
20240112,09:15:06,1.05,650,43300
20240112,09:15:09,1.05,100,43300
20240112,09:15:13,1.05,50,43300
20240112,09:15:16,1.05,400,43300
20240112,09:15:18,1.0,750,43300
20240112,09:15:19,1.0,50,43300
20240112,09:15:37,0.95,200,43300
20240112,09:15:53,0.95,50,43300
20240112,09:15:57,1.0,50,43300
20240112,09:16:10,0.95,200,43300
20240112,09:16:17,0.95,100,43300
20240112,09:17:04,1.0,50,43300
20240112,09:17:05,1.0,50,43300
20240112,09:17:31,1.0,400,43300
20240112,09:17:45,1.0,50,46100
20240112,09:18:00,1.0,50,46100
20240112,09:18:32,0.95,500,46100
20240112,09:20:04,0.95,50,46100
20240112,09:20:04,1.0,350,46100
20240112,09:20:17,1.0,50,46100
20240112,09:20:25,1.0,50,46100
20240112,09:20:49,0.95,500,47500
20240112,09:20:54,1.0,1250,47500
20240112,09:21:54,0.9,800,47500
20240112,09:22:02,0.9,50,47500
20240112,09:22:24,1.0,50,47500
20240112,09:22:29,1.0,50,47500
20240112,09:22:37,0.95,200,47500
20240112,09:23:32,0.9,150,49950
20240112,09:24:11,0.95,1300,49950
20240112,09:24:13,0.95,750,49950
20240112,09:24:38,1.0,50,49950
20240112,09:24:50,0.9,50,49950
20240112,09:25:25,0.9,50,49950
20240112,09:25:39,1.0,50,49950
20240112,09:26:28,0.9,50,49400
20240112,09:27:08,1.0,150,49400
20240112,09:29:28,0.95,50,49400
20240112,09:29:33,0.95,1000,49500
20240112,09:29:46,0.95,900,49500
20240112,09:30:08,0.95,1100,49500
20240112,09:30:13,0.95,100,49500
20240112,09:30:23,0.95,1600,49500
20240112,09:31:05,1.0,50,49500
20240112,09:31:34,0.95,450,49500
20240112,09:31:53,0.9,1600,49500
20240112,09:31:59,0.9,600,49500
20240112,09:32:01,0.9,1350,49500
20240112,09:32:06,0.9,500,49500
20240112,09:33:00,0.95,550,49500
20240112,09:33:07,0.9,1600,51050
20240112,09:33:36,0.95,250,51050
20240112,09:34:11,0.9,1600,51050
20240112,09:34:39,0.9,300,51050
20240112,09:34:46,0.9,1600,51050
20240112,09:34:58,0.9,800,51050
20240112,09:35:23,0.9,1600,51050
20240112,09:36:35,0.9,2350,56300
20240112,09:36:47,0.85,800,56300
20240112,09:36:56,0.85,1450,56300
20240112,09:36:59,0.9,450,56300
20240112,09:37:04,0.9,1200,56300
20240112,09:37:32,0.9,500,56300
20240112,09:37:45,0.9,700,56300
20240112,09:37:50,0.9,600,56300
20240112,09:37:53,0.9,800,56300
20240112,09:39:20,0.9,500,56300
20240112,09:39:20,0.9,300,55400
20240112,09:39:27,0.9,700,55400
20240112,09:39:39,0.9,400,55400
20240112,09:40:08,0.9,50,55400
20240112,09:40:29,0.9,850,55400
20240112,09:41:21,0.9,50,55750
20240112,09:41:24,0.9,50,55750
20240112,09:43:09,0.85,700,55750
20240112,09:43:20,0.85,700,55750
20240112,09:43:29,0.85,100,55750
20240112,09:43:55,0.85,2000,55750
20240112,09:44:05,0.85,1900,55750
20240112,09:44:15,0.8,100,55750
20240112,09:45:36,0.8,400,58200
20240112,09:46:08,0.9,150,58200
20240112,09:47:52,0.9,50,58550
20240112,09:48:57,0.85,100,58550
20240112,09:53:08,0.85,50,58550
20240112,09:56:35,0.85,600,58600
20240112,09:59:20,0.9,50,58600
20240112,09:59:22,0.9,100,58600
20240112,09:59:35,0.85,500,58600
20240112,09:59:48,0.85,50,58600
20240112,09:59:51,0.85,50,58600
20240112,09:59:57,0.8,50,58600
20240112,10:00:03,0.8,50,58600
20240112,10:00:09,0.85,50,58600
20240112,10:00:16,0.85,50,58600
20240112,10:00:31,0.85,50,58600
20240112,10:00:45,0.85,50,58600
20240112,10:00:48,0.8,400,58600
20240112,10:01:16,0.85,50,58600
20240112,10:01:44,0.85,50,58600
20240112,10:05:01,0.85,900,58600
20240112,10:05:02,0.85,1650,58750
20240112,10:05:03,0.85,1550,58750
20240112,10:05:05,0.8,350,58750
20240112,10:05:43,0.8,150,57350
20240112,10:06:10,0.85,50,57350
20240112,10:06:21,0.8,100,57350
20240112,10:08:45,0.8,150,57500
20240112,10:08:56,0.8,50,57500
20240112,10:09:30,0.8,250,57500
20240112,10:10:23,0.85,150,57500
20240112,10:10:24,0.85,150,57500
20240112,10:10:25,0.8,400,57500
20240112,10:10:31,0.8,350,57500
20240112,10:11:09,0.85,50,57500
20240112,10:11:14,0.8,800,57500
20240112,10:12:01,0.8,1500,57500
20240112,10:12:23,0.8,400,59450
20240112,10:12:29,0.8,750,59450
20240112,10:12:30,0.8,50,59450
20240112,10:12:35,0.8,50,59450
20240112,10:12:38,0.8,50,59450
20240112,10:12:39,0.75,50,59450
20240112,10:12:47,0.75,50,59450
20240112,10:12:53,0.8,50,59450
20240112,10:12:58,0.8,50,59450
20240112,10:13:18,0.8,1000,59450
20240112,10:13:20,0.8,1000,59450
20240112,10:13:24,0.8,900,59450
20240112,10:13:25,0.8,2350,59450
20240112,10:13:26,0.8,400,59450
20240112,10:13:30,0.8,300,59450
20240112,10:13:30,0.8,100,59450
20240112,10:13:46,0.85,50,59450
20240112,10:14:30,0.85,650,59400
20240112,10:14:31,0.85,50,59400
20240112,10:15:28,0.85,50,59400
20240112,10:16:07,0.85,650,59400
20240112,10:16:40,0.9,50,59400
20240112,10:18:27,0.9,100,59550
20240112,10:19:21,0.9,500,59550
20240112,10:21:11,0.8,800,59550
20240112,10:21:14,0.8,100,59550
20240112,10:21:15,0.8,6200,59550
20240112,10:22:25,0.8,50,59550
20240112,10:23:36,0.75,50,59550
20240112,10:25:20,0.8,50,62250
20240112,10:26:09,0.8,550,62250
20240112,10:26:09,0.8,800,62250
20240112,10:26:10,0.8,1400,62250
20240112,10:26:12,0.8,1200,62250
20240112,10:26:13,0.8,750,62250
20240112,10:26:14,0.8,400,62250
20240112,10:26:15,0.8,650,62250
20240112,10:26:16,0.8,250,62250
20240112,10:26:23,0.8,300,62250
20240112,10:26:24,0.8,500,62250
20240112,10:26:25,0.8,350,62250
20240112,10:26:32,0.8,250,62300
20240112,10:26:33,0.8,1000,62300
20240112,10:26:34,0.8,300,62300
20240112,10:26:35,0.8,250,62300
20240112,10:26:50,0.75,800,62300
20240112,10:27:01,0.8,150,62300
20240112,10:27:04,0.8,150,62300
20240112,10:27:06,0.8,50,62300
20240112,10:27:08,0.8,200,62300
20240112,10:27:24,0.8,350,62300
20240112,10:27:32,0.8,300,62300
20240112,10:28:14,0.8,50,62300
20240112,10:28:30,0.8,200,62300
20240112,10:28:31,0.8,50,62300
20240112,10:28:50,0.8,50,62300
20240112,10:28:54,0.8,50,62300
20240112,10:29:24,0.8,500,62300
20240112,10:29:53,0.75,150,62400
20240112,10:30:02,0.8,50,62400
20240112,10:30:03,0.75,100,62400
20240112,10:30:12,0.8,50,62400
20240112,10:30:55,0.8,50,62400
20240112,10:30:56,0.8,50,62400
20240112,10:32:20,0.8,150,62400
20240112,10:33:02,0.75,200,62500
20240112,10:34:13,0.8,50,62500
20240112,10:34:56,0.8,50,62500
20240112,10:34:57,0.8,50,62500
20240112,10:35:41,0.8,50,62450
20240112,10:35:58,0.8,50,62450
20240112,10:37:20,0.75,2500,62450
20240112,10:39:52,0.8,650,63800
20240112,10:40:14,0.8,50,63800
20240112,10:40:42,0.75,650,63800
20240112,10:41:00,0.8,150,63800
20240112,10:41:12,0.8,50,63800
20240112,10:45:44,0.75,50,63800
20240112,10:48:29,0.75,100,63400
20240112,10:48:41,0.8,450,63400
20240112,10:48:41,0.8,350,63400
20240112,10:48:44,0.8,250,63400
20240112,10:48:47,0.8,250,63400
20240112,10:50:01,0.8,1250,63400
20240112,10:50:27,0.8,800,63400
20240112,10:50:59,0.8,450,63450
20240112,10:51:13,0.8,250,63450
20240112,10:51:51,0.8,50,63450
20240112,10:52:02,0.8,50,63450
20240112,10:52:23,0.8,50,63450
20240112,10:52:57,0.8,50,63450
20240112,10:53:14,0.8,50,63450
20240112,10:53:17,0.8,50,63450
20240112,10:53:18,0.8,50,63450
20240112,10:53:20,0.8,150,63450
20240112,10:53:53,0.75,50,63450
20240112,10:55:49,0.85,1000,63100
20240112,10:56:33,0.85,50,63100
20240112,10:59:17,0.8,650,63150
20240112,11:00:12,0.8,100,63150
20240112,11:00:22,0.8,100,63150
20240112,11:00:22,0.8,250,63150
20240112,11:00:23,0.8,100,63150
20240112,11:00:24,0.8,150,63150
20240112,11:00:25,0.8,150,63150
20240112,11:00:26,0.8,250,63150
20240112,11:00:27,0.8,600,63150
20240112,11:00:28,0.8,500,63150
20240112,11:00:31,0.85,550,63150
20240112,11:00:32,0.85,100,63150
20240112,11:00:33,0.85,550,63150
20240112,11:00:35,0.85,550,63150
20240112,11:00:36,0.85,550,63150
20240112,11:01:28,0.8,650,63150
20240112,11:01:29,0.8,550,63150
20240112,11:01:30,0.8,650,63150
20240112,11:01:32,0.8,850,63150
20240112,11:01:36,0.8,550,63150
20240112,11:01:40,0.75,900,63150
20240112,11:02:22,0.8,50,63150
20240112,11:02:23,0.8,50,63150
20240112,11:02:26,0.85,100,63150
20240112,11:02:30,0.85,50,63150
20240112,11:02:34,0.85,100,63350
20240112,11:02:39,0.75,350,63350
20240112,11:02:46,0.85,50,63350
20240112,11:02:53,0.75,50,63350
20240112,11:03:16,0.85,100,63350
20240112,11:03:25,0.85,100,63350
20240112,11:05:17,0.75,250,63350
20240112,11:06:09,0.8,50,63600
20240112,11:08:08,0.8,500,63600
20240112,11:08:40,0.8,150,64000
20240112,11:14:37,0.8,1000,64150
20240112,11:15:20,0.75,250,64150
20240112,11:17:13,0.75,250,64150
20240112,11:17:56,0.75,50,65400
20240112,11:17:58,0.8,50,65400
20240112,11:17:59,0.75,1000,65400
20240112,11:20:06,0.8,100,65400
20240112,11:21:38,0.8,500,65400
20240112,11:27:38,0.8,50,66050
20240112,11:30:31,0.8,500,66050
20240112,11:31:01,0.75,500,66100
20240112,11:33:44,0.75,50,66100
20240112,11:37:09,0.75,100,66600
20240112,11:37:11,0.75,50,66600
20240112,11:38:10,0.8,50,66600
20240112,11:38:52,0.75,50,66600
20240112,11:49:34,0.8,250,66600
20240112,11:53:09,0.8,250,66600
20240112,11:54:03,0.8,250,66350
20240112,11:54:25,0.8,1800,66100
20240112,11:54:25,0.8,50,66100
20240112,11:54:26,0.8,50,66100
20240112,11:55:39,0.85,400,66100
20240112,11:55:49,0.75,250,66100
20240112,11:58:05,0.8,650,66100
20240112,12:00:15,0.75,650,65000
20240112,12:01:56,0.8,50,65000
20240112,12:08:01,0.8,50,65000
20240112,12:08:02,0.8,50,65000
20240112,12:08:08,0.8,50,65000
20240112,12:08:10,0.8,50,65000
20240112,12:08:11,0.8,50,65000
20240112,12:08:12,0.8,50,65000
20240112,12:08:23,0.8,50,65000
20240112,12:08:24,0.8,50,65000
20240112,12:08:25,0.8,100,65000
20240112,12:08:27,0.8,100,65000
20240112,12:08:27,0.8,50,65000
20240112,12:08:44,0.8,50,65000
20240112,12:08:45,0.8,50,65350
20240112,12:08:46,0.8,50,65350
20240112,12:08:47,0.8,50,65350
20240112,12:08:48,0.8,50,65350
20240112,12:08:49,0.8,50,65350
20240112,12:08:50,0.8,50,65350
20240112,12:08:51,0.8,50,65350
20240112,12:08:52,0.8,50,65350
20240112,12:08:53,0.8,50,65350
20240112,12:08:54,0.8,50,65350
20240112,12:08:55,0.8,50,65350
20240112,12:08:56,0.8,50,65350
20240112,12:08:57,0.8,50,65350
20240112,12:08:58,0.8,50,65350
20240112,12:09:00,0.8,100,65350
20240112,12:09:01,0.8,50,65350
20240112,12:09:02,0.8,50,65350
20240112,12:09:03,0.8,50,65350
20240112,12:09:08,0.8,50,65350
20240112,12:09:09,0.8,50,65350
20240112,12:09:11,0.8,50,65350
20240112,12:09:14,0.8,50,65350
20240112,12:09:15,0.8,50,65350
20240112,12:09:16,0.8,50,65350
20240112,12:09:17,0.8,50,65350
20240112,12:09:18,0.8,50,65350
20240112,12:09:19,0.8,50,65350
20240112,12:09:20,0.8,50,65350
20240112,12:09:21,0.8,50,65350
20240112,12:09:22,0.8,50,65350
20240112,12:09:23,0.8,50,65350
20240112,12:09:25,0.8,50,65350
20240112,12:09:26,0.8,50,65350
20240112,12:11:01,0.8,50,65350
20240112,12:11:02,0.8,50,65350
20240112,12:11:03,0.8,50,65350
20240112,12:11:04,0.8,50,65350
20240112,12:11:05,0.8,50,65350
20240112,12:11:06,0.8,50,65350
20240112,12:11:07,0.8,50,65350
20240112,12:11:08,0.8,50,65350
20240112,12:11:09,0.8,50,65350
20240112,12:11:10,0.8,50,65350
20240112,12:11:11,0.8,50,65350
20240112,12:11:12,0.8,50,65350
20240112,12:11:13,0.8,50,65350
20240112,12:11:14,0.8,50,65350
20240112,12:11:15,0.8,50,65350
20240112,12:11:16,0.8,50,65350
20240112,12:11:17,0.8,50,65350
20240112,12:11:18,0.8,50,65350
20240112,12:11:19,0.8,50,65350
20240112,12:11:20,0.8,50,65350
20240112,12:11:21,0.8,50,65350
20240112,12:11:22,0.8,50,65350
20240112,12:11:23,0.8,50,65350
20240112,12:11:24,0.8,50,65350
20240112,12:11:25,0.8,50,65350
20240112,12:11:26,0.8,50,65350
20240112,12:11:27,0.8,50,65350
20240112,12:11:28,0.8,50,65350
20240112,12:11:35,0.8,50,65350
20240112,12:11:37,0.8,50,65350
20240112,12:11:38,0.8,50,65350
20240112,12:11:42,0.8,50,65350
20240112,12:11:44,0.8,50,65350
20240112,12:11:45,0.8,50,65350
20240112,12:11:47,0.8,50,66550
20240112,12:13:52,0.85,50,66550
20240112,12:13:53,0.85,50,66550
20240112,12:13:54,0.85,50,66550
20240112,12:13:55,0.85,50,66550
20240112,12:13:56,0.85,50,66550
20240112,12:13:57,0.85,50,66550
20240112,12:13:58,0.85,50,66550
20240112,12:13:59,0.85,50,66550
20240112,12:14:00,0.85,50,66550
20240112,12:14:01,0.85,50,66550
20240112,12:14:02,0.85,50,66550
20240112,12:14:03,0.85,50,66550
20240112,12:14:04,0.85,50,66550
20240112,12:14:05,0.85,50,66550
20240112,12:14:06,0.85,50,66550
20240112,12:14:07,0.85,50,66550
20240112,12:14:08,0.85,50,66550
20240112,12:14:09,0.85,50,66550
20240112,12:14:10,0.85,50,66550
20240112,12:14:11,0.85,50,66550
20240112,12:14:12,0.85,50,66550
20240112,12:14:13,0.85,50,66550
20240112,12:14:14,0.85,50,66550
20240112,12:14:15,0.85,50,66550
20240112,12:14:16,0.85,50,66550
20240112,12:18:15,0.85,50,66550
20240112,12:18:16,0.85,50,67850
20240112,12:18:17,0.85,50,67850
20240112,12:18:18,0.85,50,67850
20240112,12:18:19,0.85,50,67850
20240112,12:18:20,0.85,50,67850
20240112,12:18:21,0.85,50,67850
20240112,12:18:22,0.85,50,67850
20240112,12:18:23,0.85,50,67850
20240112,12:18:24,0.85,50,67850
20240112,12:18:25,0.85,50,67850
20240112,12:18:26,0.85,50,67850
20240112,12:18:27,0.85,50,67850
20240112,12:18:28,0.85,50,67850
20240112,12:18:29,0.85,50,67850
20240112,12:18:30,0.85,50,67850
20240112,12:18:31,0.85,50,67850
20240112,12:18:32,0.85,50,67850
20240112,12:18:33,0.85,50,67850
20240112,12:18:34,0.85,50,67850
20240112,12:18:35,0.85,50,67850
20240112,12:18:36,0.85,50,67850
20240112,12:18:37,0.85,50,67850
20240112,12:18:38,0.85,50,67850
20240112,12:18:39,0.85,50,67850
20240112,12:18:40,0.85,50,67850
20240112,12:18:41,0.85,50,67850
20240112,12:18:42,0.85,100,67850
20240112,12:18:43,0.85,200,67850
20240112,12:18:44,0.85,100,67850
20240112,12:18:45,0.85,150,67850
20240112,12:18:46,0.85,100,67850
20240112,12:18:48,0.85,50,67850
20240112,12:18:50,0.85,50,67850
20240112,12:18:51,0.85,50,67850
20240112,12:18:55,0.85,100,67850
20240112,12:18:59,0.85,50,67850
20240112,12:19:07,0.8,450,67850
20240112,12:24:19,0.8,50,67850
20240112,12:24:42,0.8,50,69700
20240112,12:26:07,0.8,50,69700
20240112,12:26:44,0.85,50,69700
20240112,12:27:19,0.8,50,69700
20240112,12:27:19,0.8,250,69600
20240112,12:28:30,0.8,1100,69600
20240112,12:28:30,0.8,50,69600
20240112,12:28:32,0.8,50,69600
20240112,12:28:41,0.8,250,69600
20240112,12:28:55,0.8,50,69600
20240112,12:29:00,0.8,50,69600
20240112,12:29:08,0.8,50,69600
20240112,12:29:32,0.8,50,69600
20240112,12:29:33,0.8,50,69600
20240112,12:30:06,0.8,50,69800
20240112,12:30:11,0.75,50,69800
20240112,12:31:01,0.8,50,69800
20240112,12:31:24,0.8,50,69800
20240112,12:31:35,0.8,50,69800
20240112,12:31:36,0.8,50,69800
20240112,12:31:45,0.8,50,69800
20240112,12:31:54,0.8,50,69800
20240112,12:32:01,0.8,50,69800
20240112,12:32:04,0.8,50,69800
20240112,12:32:06,0.8,250,69800
20240112,12:32:11,0.8,50,69800
20240112,12:32:26,0.8,50,69800
20240112,12:32:35,0.75,100,69800
20240112,12:32:37,0.75,350,69800
20240112,12:34:02,0.8,50,69800
20240112,12:34:08,0.8,50,69950
20240112,12:34:11,0.8,50,69950
20240112,12:34:13,0.8,50,69950
20240112,12:34:15,0.8,50,69950
20240112,12:34:17,0.8,50,69950
20240112,12:34:23,0.8,50,69950
20240112,12:34:24,0.8,50,69950
20240112,12:34:26,0.8,50,69950
20240112,12:34:37,0.8,100,69950
20240112,12:34:44,0.8,100,69950
20240112,12:34:48,0.8,100,69950
20240112,12:34:53,0.8,50,69950
20240112,12:34:55,0.8,350,69950
20240112,12:34:56,0.75,50,69950
20240112,12:35:03,0.8,250,69950
20240112,12:35:07,0.8,250,69950
20240112,12:35:13,0.8,100,69950
20240112,12:35:15,0.8,500,69950
20240112,12:35:20,0.85,550,69950
20240112,12:35:24,0.85,1750,69950
20240112,12:35:31,0.85,1100,69950
20240112,12:35:35,0.85,1200,69950
20240112,12:36:01,0.8,50,69950
20240112,12:36:02,0.8,50,74500
20240112,12:39:09,0.8,250,74500
20240112,12:39:10,0.8,550,74500
20240112,12:39:12,0.8,650,74500
20240112,12:39:16,0.8,450,74500
20240112,12:39:20,0.8,550,74500
20240112,12:39:21,0.8,50,74500
20240112,12:39:24,0.75,450,74500
20240112,12:39:28,0.75,450,74500
20240112,12:39:33,0.75,100,74500
20240112,12:39:35,0.75,300,74500
20240112,12:39:37,0.75,100,74500
20240112,12:39:38,0.75,100,74500
20240112,12:39:39,0.75,300,74500
20240112,12:39:42,0.75,300,74500
20240112,12:39:45,0.75,50,74500
20240112,12:39:46,0.75,50,74500
20240112,12:39:47,0.75,50,74500
20240112,12:39:53,0.8,100,74500
20240112,12:40:07,0.85,50,74500
20240112,12:40:09,0.8,50,74500
20240112,12:40:20,0.8,50,74500
20240112,12:40:21,0.75,50,74500
20240112,12:40:23,0.85,50,74500
20240112,12:40:26,0.85,50,74500
20240112,12:40:29,0.85,50,74500
20240112,12:40:33,0.85,50,74500
20240112,12:40:39,0.85,100,74500
20240112,12:40:42,0.85,50,74500
20240112,12:40:43,0.85,50,74500
20240112,12:40:44,0.85,50,74500
20240112,12:40:51,0.85,50,74500
20240112,12:40:52,0.85,50,74500
20240112,12:40:55,0.85,50,74500
20240112,12:40:56,0.85,50,74500
20240112,12:41:47,0.85,550,74500
20240112,12:41:52,0.85,450,74100
20240112,12:42:25,0.8,50,74100
20240112,12:42:51,0.8,450,74100
20240112,12:43:01,0.8,450,74100
20240112,12:43:05,0.8,100,74100
20240112,12:43:07,0.8,50,74100
20240112,12:43:25,0.85,200,74100
20240112,12:43:30,0.85,500,74100
20240112,12:43:34,0.85,300,74100
20240112,12:43:37,0.85,550,74100
20240112,12:43:41,0.85,100,74100
20240112,12:43:42,0.85,550,74100
20240112,12:43:46,0.85,450,74100
20240112,12:44:55,0.8,50,74100
20240112,12:45:28,0.8,50,74400
20240112,12:45:34,0.8,50,74400
20240112,12:45:37,0.85,50,74400
20240112,12:45:38,0.85,50,74400
20240112,12:45:39,0.85,50,74400
20240112,12:45:40,0.85,50,74400
20240112,12:45:42,0.85,50,74400
20240112,12:45:43,0.85,50,74400
20240112,12:45:44,0.85,50,74400
20240112,12:45:45,0.85,50,74400
20240112,12:45:46,0.85,50,74400
20240112,12:45:47,0.85,50,74400
20240112,12:45:48,0.8,100,74400
20240112,12:45:49,0.85,50,74400
20240112,12:45:50,0.85,50,74400
20240112,12:45:51,0.85,50,74400
20240112,12:45:52,0.85,50,74400
20240112,12:45:53,0.85,150,74400
20240112,12:45:54,0.85,50,74400
20240112,12:45:55,0.85,50,74400
20240112,12:45:56,0.85,50,74400
20240112,12:45:57,0.85,50,74400
20240112,12:45:58,0.85,50,74400
20240112,12:45:59,0.85,50,74400
20240112,12:46:00,0.85,50,74400
20240112,12:46:01,0.85,50,74400
20240112,12:46:02,0.85,50,74400
20240112,12:46:03,0.85,50,74400
20240112,12:46:04,0.85,50,74400
20240112,12:46:05,0.85,50,74400
20240112,12:46:06,0.85,50,74400
20240112,12:46:07,0.85,50,74400
20240112,12:46:08,0.85,50,74400
20240112,12:46:09,0.85,50,74400
20240112,12:46:10,0.85,50,74400
20240112,12:46:11,0.85,50,74400
20240112,12:46:12,0.85,50,74400
20240112,12:46:13,0.85,50,74400
20240112,12:46:14,0.85,50,74400
20240112,12:46:15,0.85,50,74400
20240112,12:46:16,0.85,50,74400
20240112,12:46:17,0.85,50,74400
20240112,12:46:21,0.85,50,74400
20240112,12:46:26,0.85,50,74400
20240112,12:46:27,0.85,50,74400
20240112,12:46:28,0.85,50,74400
20240112,12:46:58,0.85,50,74400
20240112,12:47:00,0.85,50,74400
20240112,12:47:01,0.85,50,74400
20240112,12:47:04,0.85,50,74400
20240112,12:47:09,0.85,50,74400
20240112,12:47:16,0.85,50,74400
20240112,12:47:17,0.85,50,74400
20240112,12:47:22,0.85,50,74400
20240112,12:47:27,0.85,50,74400
20240112,12:47:45,0.85,50,74400
20240112,12:47:52,0.85,50,74400
20240112,12:47:53,0.85,50,75800
20240112,12:47:55,0.85,50,75800
20240112,12:48:01,0.85,50,75800
20240112,12:48:02,0.85,50,75800
20240112,12:48:04,0.85,50,75800
20240112,12:48:09,0.85,50,75800
20240112,12:48:10,0.85,50,75800
20240112,12:50:10,0.8,50,75800
20240112,12:50:21,0.8,50,75800
20240112,12:51:25,0.85,500,75800
20240112,12:51:53,0.8,250,76200
20240112,12:52:05,0.85,50,76200
20240112,12:52:06,0.85,50,76200
20240112,12:52:07,0.85,50,76200
20240112,12:52:08,0.85,50,76200
20240112,12:52:09,0.85,50,76200
20240112,12:52:10,0.85,50,76200
20240112,12:52:11,0.85,100,76200
20240112,12:52:12,0.85,100,76200
20240112,12:52:13,0.85,100,76200
20240112,12:52:15,0.85,50,76200
20240112,12:52:16,0.85,50,76200
20240112,12:52:17,0.85,50,76200
20240112,12:52:18,0.85,50,76200
20240112,12:52:19,0.85,50,76200
20240112,12:52:20,0.85,50,76200
20240112,12:52:21,0.85,50,76200
20240112,12:52:22,0.85,50,76200
20240112,12:52:23,0.85,50,76200
20240112,12:52:31,0.85,50,76200
20240112,12:52:33,0.85,500,76200
20240112,12:52:36,0.85,50,76200
20240112,12:52:42,0.85,50,76200
20240112,12:52:43,0.85,50,76200
20240112,12:52:44,0.85,50,76200
20240112,12:52:48,0.8,250,76200
20240112,12:52:51,0.85,50,76200
20240112,12:52:52,0.85,50,76200
20240112,12:53:01,0.8,250,76200
20240112,12:53:02,0.85,50,76200
20240112,12:53:06,0.85,50,76200
20240112,12:53:07,0.85,50,76200
20240112,12:53:09,0.85,50,76200
20240112,12:53:11,0.8,250,76200
20240112,12:54:10,0.8,300,78850
20240112,12:55:39,0.8,250,78850
20240112,12:55:45,0.85,50,78850
20240112,12:55:46,0.8,650,78850
20240112,12:55:48,0.85,100,78850
20240112,12:55:50,0.85,50,78850
20240112,12:55:52,0.85,100,78850
20240112,12:56:38,0.85,100,78850
20240112,12:57:40,0.85,250,78850
20240112,12:57:50,0.85,250,79700
20240112,12:58:51,0.8,50,79700
20240112,12:58:52,0.8,50,79700
20240112,12:58:53,0.8,50,79700
20240112,12:58:54,0.8,50,79700
20240112,12:58:55,0.8,50,79700
20240112,12:58:56,0.8,50,79700
20240112,12:58:57,0.8,50,79700
20240112,12:58:58,0.8,50,79700
20240112,12:59:06,0.8,50,79700
20240112,12:59:07,0.8,50,79700
20240112,12:59:08,0.8,50,79700
20240112,12:59:09,0.8,200,79700
20240112,12:59:10,0.8,200,79700
20240112,12:59:11,0.8,200,79700
20240112,12:59:12,0.8,50,79700
20240112,12:59:13,0.8,100,79700
20240112,12:59:14,0.8,50,79700
20240112,12:59:15,0.8,200,79700
20240112,12:59:16,0.8,250,79700
20240112,12:59:17,0.8,250,79700
20240112,12:59:18,0.8,200,79700
20240112,12:59:19,0.8,150,79700
20240112,12:59:20,0.8,50,79700
20240112,12:59:22,0.75,100,79700
20240112,13:00:21,0.75,100,78650
20240112,13:01:23,0.85,300,78650
20240112,13:02:29,0.8,50,78650
20240112,13:02:56,0.8,250,78650
20240112,13:04:37,0.8,50,78900
20240112,13:04:40,0.8,150,78900
20240112,13:04:41,0.8,150,78900
20240112,13:04:42,0.8,150,78900
20240112,13:08:08,0.85,200,78400
20240112,13:08:48,0.85,100,78400
20240112,13:10:14,0.85,250,78400
20240112,13:10:16,0.85,250,78700
20240112,13:10:21,0.8,50,78700
20240112,13:10:24,0.8,150,78700
20240112,13:10:25,0.8,150,78700
20240112,13:12:34,0.8,50,78250
20240112,13:14:38,0.8,150,78250
20240112,13:14:39,0.8,150,78250
20240112,13:14:40,0.8,1050,78250
20240112,13:14:52,0.75,9100,78250
20240112,13:15:16,0.75,100,86850
20240112,13:15:20,0.75,100,86850
20240112,13:15:24,0.75,100,86850
20240112,13:15:28,0.75,100,86850
20240112,13:15:32,0.75,100,86850
20240112,13:15:37,0.75,300,86850
20240112,13:15:43,0.75,300,86850
20240112,13:15:44,0.75,200,86850
20240112,13:15:46,0.75,850,86850
20240112,13:15:48,0.75,1550,86850
20240112,13:15:50,0.75,1800,86850
20240112,13:15:51,0.75,550,86850
20240112,13:15:53,0.7,3100,86850
20240112,13:16:03,0.7,250,86850
20240112,13:16:09,0.75,1250,86850
20240112,13:16:15,0.8,1000,86850
20240112,13:16:30,0.75,1500,86850
20240112,13:16:31,0.75,2500,86850
20240112,13:16:32,0.75,2500,86850
20240112,13:16:33,0.75,2100,86850
20240112,13:16:34,0.75,150,86850
20240112,13:16:37,0.75,450,86850
20240112,13:16:42,0.75,550,86850
20240112,13:16:46,0.75,450,86850
20240112,13:16:51,0.75,450,86850
20240112,13:16:55,0.75,100,86850
20240112,13:16:56,0.75,300,86850
20240112,13:16:59,0.75,100,86850
20240112,13:17:00,0.75,1800,86850
20240112,13:17:05,0.75,100,86850
20240112,13:17:10,0.75,1800,86850
20240112,13:17:12,0.75,800,86850
20240112,13:17:20,0.75,1000,86850
20240112,13:17:21,0.75,1000,86850
20240112,13:17:22,0.75,3500,86850
20240112,13:17:23,0.75,3000,86850
20240112,13:17:24,0.75,1500,86850
20240112,13:18:18,0.75,100,100900
20240112,13:18:20,0.8,100,100900
20240112,13:18:21,0.75,3500,100900
20240112,13:18:22,0.75,600,100900
20240112,13:18:23,0.7,2600,100900
20240112,13:18:24,0.7,2500,100900
20240112,13:18:25,0.7,1000,100900
20240112,13:18:28,0.7,100,100900
20240112,13:18:30,0.7,100,100900
20240112,13:18:34,0.7,100,100900
20240112,13:18:35,0.75,350,100900
20240112,13:18:38,0.7,100,100900
20240112,13:18:42,0.7,100,100900
20240112,13:18:46,0.7,100,100900
20240112,13:18:51,0.7,300,100900
20240112,13:18:58,0.7,1000,100900
20240112,13:19:03,0.7,100,100900
20240112,13:19:07,0.7,100,100900
20240112,13:19:11,0.7,100,100900
20240112,13:19:16,0.7,100,100900
20240112,13:19:20,0.7,300,100900
20240112,13:19:32,0.7,100,100900
20240112,13:19:36,0.7,100,100900
20240112,13:19:40,0.7,100,100900
20240112,13:19:42,0.75,50,100900
20240112,13:19:43,0.75,450,100900
20240112,13:19:44,0.7,500,100900
20240112,13:19:46,0.75,550,100900
20240112,13:19:48,0.75,550,100900
20240112,13:20:15,0.7,100,100900
20240112,13:20:16,0.7,100,100900
20240112,13:20:17,0.7,550,100900
20240112,13:20:22,0.7,100,100900
20240112,13:20:23,0.7,300,100900
20240112,13:20:26,0.7,550,100900
20240112,13:20:30,0.7,300,100900
20240112,13:20:32,0.7,450,100900
20240112,13:20:35,0.7,550,100900
20240112,13:20:40,0.7,150,100900
20240112,13:21:03,0.75,50,109250
20240112,13:21:21,0.75,50,109250
20240112,13:21:37,0.75,50,109250
20240112,13:21:57,0.75,50,109250
20240112,13:22:06,0.75,50,109250
20240112,13:22:09,0.75,50,109250
20240112,13:22:29,0.75,50,109250
20240112,13:22:40,0.75,50,109250
20240112,13:22:44,0.75,50,109250
20240112,13:22:48,0.75,50,109250
20240112,13:22:52,0.75,50,109250
20240112,13:22:56,0.75,50,109250
20240112,13:22:59,0.75,500,109250
20240112,13:23:00,0.75,50,109250
20240112,13:23:04,0.75,50,109250
20240112,13:23:07,0.75,50,109250
20240112,13:23:12,0.75,50,109250
20240112,13:23:36,0.7,400,109250
20240112,13:23:41,0.7,50,109250
20240112,13:23:43,0.7,150,109250
20240112,13:24:06,0.75,800,109150
20240112,13:24:07,0.75,800,109150
20240112,13:24:08,0.75,800,109150
20240112,13:24:09,0.75,800,109150
20240112,13:24:10,0.75,800,109150
20240112,13:24:15,0.75,50,109150
20240112,13:25:46,0.75,200,109150
20240112,13:25:58,0.75,50,109150
20240112,13:26:10,0.75,550,109150
20240112,13:26:13,0.75,50,109150
20240112,13:26:32,0.75,50,109150
20240112,13:26:36,0.75,50,109150
20240112,13:26:40,0.75,50,109150
20240112,13:26:40,0.75,2350,109150
20240112,13:26:43,0.75,50,109150
20240112,13:26:46,0.75,50,109150
20240112,13:26:51,0.75,50,109150
20240112,13:27:07,0.75,50,109150
20240112,13:27:18,0.75,50,109800
20240112,13:27:22,0.75,50,109800
20240112,13:27:25,0.75,50,109800
20240112,13:27:29,0.75,50,109800
20240112,13:27:33,0.75,50,109800
20240112,13:27:44,0.75,1800,109800
20240112,13:28:14,0.75,9000,109800
20240112,13:28:15,0.8,11000,109800
20240112,13:28:17,0.8,100,109800
20240112,13:28:19,0.8,200,109800
20240112,13:28:21,0.8,500,109800
20240112,13:28:22,0.75,1500,109800
20240112,13:28:24,0.8,550,109800
20240112,13:28:26,0.8,750,109800
20240112,13:28:28,0.8,550,109800
20240112,13:28:30,0.8,550,109800
20240112,13:29:01,0.75,500,109800
20240112,13:31:53,0.75,50,109800
20240112,13:32:31,0.8,1750,117700
20240112,13:32:36,0.85,50,117700
20240112,13:32:42,0.85,750,117700
20240112,13:33:15,0.8,5400,118100
20240112,13:33:24,0.8,200,118100
20240112,13:33:30,0.8,3600,118100
20240112,13:33:34,0.8,100,118100
20240112,13:33:35,0.8,50,118100
20240112,13:33:41,0.8,1800,118100
20240112,13:33:44,0.8,100,118100
20240112,13:34:28,0.8,900,118100
20240112,13:34:42,0.8,1800,118100
20240112,13:34:43,0.8,250,118100
20240112,13:35:31,0.8,50,118100
20240112,13:36:47,0.8,150,107350
20240112,13:36:58,0.8,1800,107350
20240112,13:36:58,0.8,250,107350
20240112,13:37:00,0.75,1800,107350
20240112,13:37:55,0.8,50,107350
20240112,13:39:19,0.75,50,107350
20240112,13:40:22,0.75,150,107200
20240112,13:40:23,0.75,150,107200
20240112,13:40:36,0.8,50,107200
20240112,13:40:52,0.75,50,107200
20240112,13:41:28,0.75,50,107200
20240112,13:41:36,0.75,50,107200
20240112,13:41:38,0.75,50,107200
20240112,13:42:06,0.75,50,107200
20240112,13:42:07,0.75,50,107250
20240112,13:42:33,0.75,550,107250
20240112,13:42:34,0.75,600,107250
20240112,13:42:35,0.75,300,107250
20240112,13:42:36,0.75,550,107250
20240112,13:42:38,0.75,900,107250
20240112,13:42:39,0.75,550,107250
20240112,13:42:40,0.75,500,107250
20240112,13:42:41,0.75,700,107250
20240112,13:42:57,0.8,50,107250
20240112,13:42:58,0.8,50,107250
20240112,13:42:59,0.8,50,107250
20240112,13:43:00,0.8,50,107250
20240112,13:43:02,0.8,100,107250
20240112,13:43:03,0.8,100,107250
20240112,13:43:05,0.8,150,107250
20240112,13:43:10,0.8,300,107250
20240112,13:43:13,0.8,250,107250
20240112,13:43:14,0.8,600,107250
20240112,13:43:16,0.8,500,107250
20240112,13:43:18,0.8,300,107250
20240112,13:43:21,0.75,750,107250
20240112,13:43:23,0.75,550,107250
20240112,13:43:27,0.8,400,107250
20240112,13:43:33,0.75,550,107250
20240112,13:43:35,0.75,600,107250
20240112,13:43:37,0.75,450,107250
20240112,13:46:31,0.75,150,107250
20240112,13:46:32,0.75,150,107250
20240112,13:49:16,0.8,50,107250
20240112,13:50:14,0.75,50,107250
20240112,13:50:37,0.75,100,107250
20240112,13:52:46,0.8,100,107250
20240112,13:54:15,0.8,250,107250
20240112,13:54:38,0.8,250,107250
20240112,13:55:11,0.8,250,107250
20240112,13:55:17,0.8,1800,107250
20240112,13:55:18,0.8,1900,107250
20240112,13:55:40,0.85,50,107250
20240112,13:55:44,0.8,50,107250
20240112,13:56:16,0.8,3750,107250
20240112,13:57:14,0.8,50,106400
20240112,13:57:21,0.75,50,106400
20240112,13:57:33,0.8,50,106400
20240112,13:57:40,0.8,50,106400
20240112,13:57:53,0.75,100,106400
20240112,13:58:08,0.8,50,106400
20240112,13:58:48,0.8,7200,106400
20240112,13:58:51,0.85,50,106400
20240112,13:59:12,0.8,250,106400
20240112,13:59:14,0.8,2950,106400
20240112,13:59:39,0.8,250,106400
20240112,13:59:42,0.8,250,106400
20240112,13:59:48,0.8,2050,106400
20240112,14:00:41,0.8,1800,107400
20240112,14:00:58,0.8,1800,107400
20240112,14:03:04,0.75,50,107400
20240112,14:03:15,0.8,50,109200
20240112,14:03:25,0.8,100,109200
20240112,14:04:12,0.8,50,109200
20240112,14:04:13,0.8,50,109200
20240112,14:05:38,0.8,50,109200
20240112,14:06:04,0.75,50,109500
20240112,14:06:22,0.75,250,109500
20240112,14:06:37,0.75,250,109500
20240112,14:06:39,0.75,300,109500
20240112,14:06:42,0.75,50,109500
20240112,14:06:43,0.75,350,109500
20240112,14:06:46,0.75,50,109500
20240112,14:09:15,0.75,50,110650
20240112,14:09:51,0.75,100,110650
20240112,14:10:56,0.8,250,110650
20240112,14:11:08,0.75,50,110650
20240112,14:11:09,0.8,250,110650
20240112,14:11:38,0.8,250,110650
20240112,14:12:19,0.75,50,110650
20240112,14:12:24,0.8,50,110650
20240112,14:12:36,0.8,50,110650
20240112,14:12:38,0.8,50,110650
20240112,14:12:41,0.8,50,110650
20240112,14:12:44,0.8,50,110650
20240112,14:12:45,0.8,50,110650
20240112,14:12:49,0.8,100,110650
20240112,14:12:50,0.8,50,110650
20240112,14:12:51,0.8,50,110650
20240112,14:13:43,0.75,500,110650
20240112,14:16:18,0.8,50,110650
20240112,14:17:16,0.8,50,110750
20240112,14:17:18,0.8,50,110750
20240112,14:17:20,0.8,50,110750
20240112,14:17:22,0.8,50,110750
20240112,14:17:24,0.8,50,110750
20240112,14:17:26,0.8,150,110750
20240112,14:17:29,0.8,100,110750
20240112,14:17:32,0.8,100,110750
20240112,14:17:36,0.8,200,110750
20240112,14:17:43,0.8,200,110750
20240112,14:17:46,0.8,450,110750
20240112,14:17:51,0.8,250,110750
20240112,14:17:55,0.8,500,110750
20240112,14:18:00,0.8,550,110750
20240112,14:18:05,0.8,550,110750
20240112,14:18:09,0.8,650,110750
20240112,14:18:12,0.8,300,110750
20240112,14:18:17,0.8,350,110750
20240112,14:18:24,0.8,50,110750
20240112,14:20:03,0.75,150,110750
20240112,14:20:04,0.75,150,110750
20240112,14:20:05,0.75,150,110750
20240112,14:20:30,0.75,150,110750
20240112,14:20:31,0.75,150,110750
20240112,14:20:32,0.75,150,110750
20240112,14:20:45,0.8,100,110750
20240112,14:24:15,0.8,150,110400
20240112,14:26:54,0.75,50,110400
20240112,14:27:19,0.8,150,110400
20240112,14:30:28,0.8,250,110400
20240112,14:30:39,0.8,50,110400
20240112,14:32:20,0.75,500,110400
20240112,14:34:32,0.8,750,110150
20240112,14:34:34,0.8,300,110150
20240112,14:35:49,0.8,1800,110150
20240112,14:35:50,0.8,17650,110150
20240112,14:36:43,0.85,350,115950
20240112,14:36:44,0.85,350,115950
20240112,14:36:45,0.85,250,115950
20240112,14:36:46,0.85,1800,115950
20240112,14:36:47,0.85,250,115950
20240112,14:36:52,0.85,1800,115950
20240112,14:37:12,0.85,100,115950
20240112,14:37:13,0.85,1800,115950
20240112,14:37:38,0.85,150,115950
20240112,14:38:13,0.8,250,115950
20240112,14:38:19,0.8,50,115950
20240112,14:38:30,0.85,50,115950
20240112,14:38:41,0.8,50,115950
20240112,14:39:03,0.8,250,115950
20240112,14:40:19,0.8,150,117350
20240112,14:40:46,0.8,1800,117350
20240112,14:40:48,0.8,1800,117350
20240112,14:41:34,0.8,300,117350
20240112,14:41:38,0.8,250,117350
20240112,14:41:42,0.8,7200,117350
20240112,14:41:42,0.8,1600,117350
20240112,14:41:44,0.8,2900,117350
20240112,14:45:46,0.75,550,117350
20240112,14:45:48,0.75,300,109450
20240112,14:45:49,0.75,500,109450
20240112,14:45:51,0.75,300,109450
20240112,14:45:53,0.75,550,109450
20240112,14:45:55,0.75,550,109450
20240112,14:45:57,0.75,450,109450
20240112,14:46:00,0.8,100,109450
20240112,14:46:01,0.75,100,109450
20240112,14:46:03,0.8,300,109450
20240112,14:46:05,0.8,100,109450
20240112,14:46:06,0.8,550,109450
20240112,14:46:08,0.8,100,109450
20240112,14:46:09,0.8,500,109450
20240112,14:46:12,0.8,550,109450
20240112,14:46:16,0.8,550,109450
20240112,14:46:19,0.8,550,109450
20240112,14:46:33,0.75,550,109450
20240112,14:46:35,0.75,450,109450
20240112,14:46:37,0.75,550,109450
20240112,14:46:40,0.75,550,109450
20240112,14:46:42,0.75,100,109450
20240112,14:46:43,0.75,500,109450
20240112,14:46:46,0.75,550,109450
20240112,14:46:57,0.75,600,109450
20240112,14:46:59,0.75,400,109450
20240112,14:46:59,0.75,100,109450
20240112,14:47:02,0.8,100,109450
20240112,14:47:04,0.8,100,109450
20240112,14:47:05,0.8,300,109450
20240112,14:47:07,0.8,300,109450
20240112,14:47:09,0.8,650,109450
20240112,14:47:11,0.8,300,109450
20240112,14:47:12,0.8,300,109450
20240112,14:47:14,0.8,550,109450
20240112,14:47:17,0.8,300,109450
20240112,14:47:19,0.8,650,109450
20240112,14:48:18,0.8,1800,109850
20240112,14:48:47,0.8,1800,109850
20240112,14:49:32,0.75,100,109850
20240112,14:49:33,0.75,650,109850
20240112,14:49:34,0.75,100,109850
20240112,14:49:35,0.75,550,109850
20240112,14:49:37,0.75,550,109850
20240112,14:49:38,0.8,1800,109850
20240112,14:49:40,0.75,1100,109850
20240112,14:49:42,0.75,1000,109850
20240112,14:49:43,0.8,1800,109850
20240112,14:49:47,0.8,450,109850
20240112,14:49:56,0.75,50,109850
20240112,14:50:01,0.8,100,109850
20240112,14:50:02,0.8,50,109850
20240112,14:50:03,0.8,100,109850
20240112,14:50:04,0.8,50,109850
20240112,14:50:05,0.8,50,109850
20240112,14:50:06,0.8,100,109850
20240112,14:50:07,0.8,150,109850
20240112,14:50:08,0.8,150,109850
20240112,14:50:09,0.8,300,109850
20240112,14:50:10,0.8,400,109850
20240112,14:50:12,0.8,700,109850
20240112,14:50:13,0.75,1000,109850
20240112,14:50:14,0.75,750,109850
20240112,14:50:15,0.75,600,109850
20240112,14:50:16,0.75,250,109850
20240112,14:50:17,0.75,50,109850
20240112,14:50:39,0.8,50,109850
20240112,14:50:41,0.8,50,109850
20240112,14:50:43,0.8,100,109850
20240112,14:50:45,0.8,50,109850
20240112,14:50:47,0.8,100,109850
20240112,14:50:50,0.8,100,109850
20240112,14:50:52,0.8,50,109850
20240112,14:50:54,0.8,50,109850
20240112,14:50:55,0.8,50,109850
20240112,14:50:56,0.8,250,109850
20240112,14:50:58,0.8,450,109850
20240112,14:51:00,0.8,600,109850
20240112,14:51:01,0.8,250,109850
20240112,14:51:03,0.8,650,109850
20240112,14:51:04,0.8,550,109850
20240112,14:51:06,0.8,550,109850
20240112,14:51:07,0.8,1000,109850
20240112,14:51:08,0.8,350,109850
20240112,14:51:09,0.8,3100,110500
20240112,14:51:10,0.8,100,110500
20240112,14:51:13,0.8,50,110500
20240112,14:51:21,0.8,250,110500
20240112,14:51:32,0.8,100,110500
20240112,14:51:33,0.8,750,110500
20240112,14:51:33,0.8,100,110500
20240112,14:51:35,0.8,450,110500
20240112,14:51:38,0.8,500,110500
20240112,14:51:41,0.8,650,110500
20240112,14:51:43,0.8,550,110500
20240112,14:51:45,0.8,500,110500
20240112,14:51:47,0.8,400,110500
20240112,14:51:49,0.85,1800,110500
20240112,14:51:50,0.85,50,110500
20240112,14:51:52,0.8,1800,110500
20240112,14:52:02,0.8,50,110500
20240112,14:52:05,0.75,100,110500
20240112,14:52:06,0.8,50,110500
20240112,14:52:10,0.8,50,110500
20240112,14:52:12,0.8,100,110500
20240112,14:52:16,0.8,250,110500
20240112,14:52:21,0.8,100,110500
20240112,14:52:23,0.8,550,110500
20240112,14:52:27,0.8,650,110500
20240112,14:52:31,0.8,550,110500
20240112,14:52:35,0.8,550,110500
20240112,14:52:38,0.8,450,110500
20240112,14:52:41,0.8,300,110500
20240112,14:52:44,0.75,7200,110500
20240112,14:52:45,0.75,10800,110500
20240112,14:52:47,0.75,1800,110500
20240112,14:53:03,0.75,100,110500
20240112,14:53:16,0.75,150,110500
20240112,14:53:21,0.75,150,110500
20240112,14:53:23,0.75,1750,110500
20240112,14:53:26,0.75,150,110500
20240112,14:53:32,0.75,150,110500
20240112,14:53:34,0.75,150,110500
20240112,14:53:37,0.75,300,110500
20240112,14:53:41,0.75,550,110500
20240112,14:53:41,0.75,50,110500
20240112,14:53:42,0.75,150,110500
20240112,14:53:44,0.75,150,110500
20240112,14:53:47,0.8,250,110500
20240112,14:53:48,0.75,150,110500
20240112,14:53:49,0.75,150,110500
20240112,14:53:51,0.75,200,110500
20240112,14:53:52,0.8,100,110500
20240112,14:53:54,0.75,300,110500
20240112,14:53:55,0.75,150,110500
20240112,14:53:56,0.75,150,110500
20240112,14:53:58,0.75,150,110500
20240112,14:53:59,0.75,150,110500
20240112,14:54:00,0.75,150,110500
20240112,14:54:02,0.75,250,110500
20240112,14:54:03,0.75,700,110500
20240112,14:54:04,0.75,150,110500
20240112,14:54:05,0.75,1250,110500
20240112,14:54:07,0.8,1800,110500
20240112,14:54:08,0.8,200,110500
20240112,14:54:10,0.75,600,106850
20240112,14:54:13,0.75,1300,106850
20240112,14:54:14,0.75,600,106850
20240112,14:54:16,0.75,1800,106850
20240112,14:54:16,0.75,4350,106850
20240112,14:54:17,0.75,350,106850
20240112,14:54:18,0.75,950,106850
20240112,14:54:19,0.7,1550,106850
20240112,14:54:22,0.75,550,106850
20240112,14:54:22,0.7,150,106850
20240112,14:54:24,0.7,400,106850
20240112,14:54:28,0.7,100,106850
20240112,14:54:30,0.75,8150,106850
20240112,14:54:31,0.75,3600,106850
20240112,14:54:32,0.75,1800,106850
20240112,14:54:34,0.75,150,106850
20240112,14:54:39,0.75,100,106850
20240112,14:54:44,0.8,1800,106850
20240112,14:56:52,0.75,300,106850
20240112,14:56:53,0.8,50,106850
20240112,14:56:56,0.8,500,106850
20240112,14:57:17,0.75,50,106650
20240112,14:57:24,0.75,50,106650
20240112,14:57:59,0.8,50,106650
20240112,14:58:09,0.75,100,106650
20240112,14:58:21,0.75,50,106650
20240112,14:58:31,0.8,1850,106650
20240112,14:58:34,0.8,50,106650
20240112,14:58:51,0.75,50,106650
20240112,14:59:23,0.8,150,106650
20240112,15:00:00,0.8,100,106650
20240112,15:00:10,0.8,250,106650
20240112,15:00:16,0.8,100,106650
20240112,15:00:17,0.8,50,106650
20240112,15:00:18,0.8,50,106650
20240112,15:00:19,0.8,50,106650
20240112,15:00:20,0.8,50,106650
20240112,15:00:21,0.8,200,106650
20240112,15:00:22,0.8,100,106650
20240112,15:00:23,0.8,100,106650
20240112,15:00:24,0.8,100,106650
20240112,15:00:25,0.8,150,106650
20240112,15:00:26,0.8,150,106650
20240112,15:00:27,0.8,200,106650
20240112,15:00:28,0.8,1950,106650
20240112,15:00:29,0.8,13750,106650
20240112,15:00:34,0.85,50,106650
20240112,15:00:35,0.85,50,106650
20240112,15:00:36,0.85,50,106650
20240112,15:00:37,0.85,50,106650
20240112,15:00:38,0.85,50,106650
20240112,15:00:39,0.85,50,106650
20240112,15:00:40,0.85,50,106650
20240112,15:00:41,0.85,50,106650
20240112,15:00:42,0.85,50,106650
20240112,15:00:43,0.85,50,106650
20240112,15:00:44,0.85,50,106650
20240112,15:00:45,0.85,50,106650
20240112,15:00:46,0.85,50,106650
20240112,15:00:47,0.85,50,106650
20240112,15:00:52,0.85,50,106650
20240112,15:00:53,0.85,50,106650
20240112,15:00:54,0.85,50,106650
20240112,15:00:56,0.85,50,106650
20240112,15:00:57,0.85,50,106650
20240112,15:00:58,0.85,50,106650
20240112,15:00:58,0.8,250,106650
20240112,15:00:59,0.85,50,106650
20240112,15:01:00,0.85,50,106650
20240112,15:01:01,0.85,50,106650
20240112,15:01:02,0.85,50,106650
20240112,15:01:03,0.85,50,106650
20240112,15:01:04,0.85,50,106650
20240112,15:01:05,0.85,50,106650
20240112,15:01:06,0.85,50,106650
20240112,15:01:07,0.85,50,106650
20240112,15:01:08,0.85,50,106650
20240112,15:01:09,0.85,50,106650
20240112,15:01:10,0.85,50,106650
20240112,15:01:11,0.85,50,106650
20240112,15:01:12,0.85,50,106650
20240112,15:01:13,0.85,50,106650
20240112,15:01:14,0.85,50,106650
20240112,15:01:15,0.85,50,106650
20240112,15:01:16,0.85,50,106650
20240112,15:01:17,0.85,50,106650
20240112,15:01:18,0.85,50,106650
20240112,15:01:19,0.85,50,106650
20240112,15:01:20,0.85,50,106650
20240112,15:01:21,0.85,50,106650
20240112,15:01:22,0.85,50,106650
20240112,15:01:23,0.85,50,106650
20240112,15:01:24,0.85,50,106650
20240112,15:01:25,0.85,50,106650
20240112,15:01:26,0.85,50,106650
20240112,15:01:27,0.85,50,106650
20240112,15:01:52,0.85,50,106650
20240112,15:01:53,0.85,50,106650
20240112,15:02:00,0.8,50,106650
20240112,15:02:29,0.85,50,106650
20240112,15:02:34,0.8,900,106650
20240112,15:02:58,0.85,50,106650
20240112,15:03:11,0.8,900,106650
20240112,15:03:19,0.8,5400,112900
20240112,15:03:20,0.8,300,112900
20240112,15:03:22,0.8,250,112900
20240112,15:03:25,0.8,300,112900
20240112,15:03:27,0.8,11850,112900
20240112,15:03:34,0.85,50,112900
20240112,15:03:35,0.85,50,112900
20240112,15:03:37,0.85,800,112900
20240112,15:03:38,0.85,150,112900
20240112,15:03:39,0.85,150,112900
20240112,15:03:40,0.85,150,112900
20240112,15:03:42,0.85,100,112900
20240112,15:03:43,0.85,50,112900
20240112,15:03:44,0.85,50,112900
20240112,15:03:45,0.85,50,112900
20240112,15:03:47,0.85,100,112900
20240112,15:03:48,0.85,50,112900
20240112,15:03:49,0.85,50,112900
20240112,15:03:50,0.85,50,112900
20240112,15:03:52,0.85,200,112900
20240112,15:03:53,0.85,150,112900
20240112,15:03:54,0.85,150,112900
20240112,15:03:55,0.85,150,112900
20240112,15:03:57,0.85,100,112900
20240112,15:03:58,0.85,150,112900
20240112,15:03:59,0.85,150,112900
20240112,15:04:00,0.85,150,112900
20240112,15:04:01,0.85,50,112900
20240112,15:04:02,0.85,50,112900
20240112,15:04:07,0.85,800,112900
20240112,15:04:08,0.85,50,112900
20240112,15:04:10,0.85,50,112900
20240112,15:04:11,0.85,50,112900
20240112,15:04:12,0.85,50,112900
20240112,15:04:13,0.85,50,112900
20240112,15:04:15,0.85,100,112900
20240112,15:04:16,0.85,50,112900
20240112,15:04:18,0.85,50,112900
20240112,15:04:19,0.85,50,112900
20240112,15:04:53,0.8,50,112900
20240112,15:05:00,0.85,250,112900
20240112,15:05:01,0.8,250,112900
20240112,15:05:02,0.85,100,112900
20240112,15:05:03,0.8,3600,112900
20240112,15:05:06,0.75,50,112900
20240112,15:05:07,0.75,200,112900
20240112,15:05:08,0.75,200,112900
20240112,15:05:09,0.75,750,112900
20240112,15:05:10,0.75,1150,112900
20240112,15:05:11,0.75,850,112900
20240112,15:05:12,0.75,600,112900
20240112,15:05:13,0.75,700,112900
20240112,15:05:14,0.75,400,112900
20240112,15:05:16,0.8,100,112900
20240112,15:05:21,0.8,100,112900
20240112,15:05:22,0.8,100,112900
20240112,15:05:23,0.8,100,112900
20240112,15:05:24,0.8,100,112900
20240112,15:05:26,0.8,150,112900
20240112,15:05:27,0.8,350,112900
20240112,15:05:28,0.8,600,112900
20240112,15:05:29,0.8,550,112900
20240112,15:05:31,0.8,900,112900
20240112,15:05:32,0.85,7250,112900
20240112,15:05:33,0.8,250,112900
20240112,15:05:34,0.8,850,112900
20240112,15:05:35,0.8,850,112900
20240112,15:05:37,0.8,650,112900
20240112,15:05:38,0.8,300,112900
20240112,15:05:39,0.8,850,112900
20240112,15:05:41,0.8,600,112900
20240112,15:05:42,0.8,250,112900
20240112,15:05:43,0.8,400,112900
20240112,15:05:44,0.8,3850,112900
20240112,15:05:50,0.8,100,112900
20240112,15:05:53,0.8,50,112900
20240112,15:05:55,0.8,50,112900
20240112,15:05:58,0.8,50,112900
20240112,15:06:01,0.8,650,112900
20240112,15:06:02,0.8,850,112900
20240112,15:06:03,0.8,550,112900
20240112,15:06:04,0.8,300,112900
20240112,15:06:05,0.8,550,112900
20240112,15:06:06,0.8,750,112900
20240112,15:06:09,0.75,850,112900
20240112,15:06:10,0.75,650,112900
20240112,15:06:11,0.75,750,112900
20240112,15:06:12,0.75,550,111150
20240112,15:06:14,0.75,700,111150
20240112,15:06:15,0.75,100,111150
20240112,15:06:16,0.75,250,111150
20240112,15:06:20,0.8,50,111150
20240112,15:06:33,0.75,400,111150
20240112,15:06:34,0.75,50,111150
20240112,15:06:35,0.75,200,111150
20240112,15:06:36,0.75,200,111150
20240112,15:06:37,0.75,200,111150
20240112,15:06:38,0.75,200,111150
20240112,15:06:39,0.75,200,111150
20240112,15:06:40,0.75,250,111150
20240112,15:06:41,0.75,450,111150
20240112,15:06:42,0.75,150,111150
20240112,15:06:43,0.75,150,111150
20240112,15:06:44,0.75,150,111150
20240112,15:06:45,0.75,150,111150
20240112,15:06:46,0.75,200,111150
20240112,15:06:47,0.75,200,111150
20240112,15:06:48,0.75,200,111150
20240112,15:06:49,0.75,400,111150
20240112,15:06:50,0.75,150,111150
20240112,15:06:51,0.75,150,111150
20240112,15:06:52,0.75,150,111150
20240112,15:06:53,0.75,150,111150
20240112,15:07:59,0.8,100,111150
20240112,15:08:00,0.8,100,111150
20240112,15:08:01,0.8,100,111150
20240112,15:08:02,0.8,350,111150
20240112,15:08:03,0.8,200,111150
20240112,15:08:04,0.8,450,111150
20240112,15:08:05,0.8,800,111150
20240112,15:08:06,0.8,800,111150
20240112,15:08:07,0.8,850,111150
20240112,15:08:08,0.8,700,111150
20240112,15:08:14,0.75,950,111150
20240112,15:08:15,0.75,950,111150
20240112,15:08:16,0.75,950,111150
20240112,15:08:17,0.75,600,111150
20240112,15:08:18,0.75,650,111150
20240112,15:08:19,0.8,200,111150
20240112,15:08:20,0.8,750,111150
20240112,15:08:21,0.8,900,111150
20240112,15:08:22,0.8,2750,111150
20240112,15:08:23,0.8,750,111150
20240112,15:08:24,0.8,650,111150
20240112,15:08:36,0.75,250,111150
20240112,15:08:45,0.75,300,111150
20240112,15:08:51,0.75,100,111150
20240112,15:08:52,0.75,650,111150
20240112,15:08:54,0.75,450,111150
20240112,15:08:55,0.75,300,111150
20240112,15:08:56,0.75,550,111150
20240112,15:08:58,0.75,750,111150
20240112,15:08:59,0.75,100,111150
20240112,15:09:00,0.75,750,111150
20240112,15:09:01,0.75,550,111150
20240112,15:09:02,0.75,300,111150
20240112,15:09:03,0.75,100,111150
20240112,15:09:56,0.75,250,111150
20240112,15:10:33,0.75,350,117300
20240112,15:10:35,0.75,250,117300
20240112,15:10:39,0.75,450,117300
20240112,15:10:45,0.8,50,117300
20240112,15:10:47,0.8,50,117300
20240112,15:10:47,0.8,150,117300
20240112,15:10:48,0.8,100,117300
20240112,15:10:49,0.8,200,117300
20240112,15:10:50,0.8,100,117300
20240112,15:10:51,0.75,150,117300
20240112,15:10:52,0.8,300,117300
20240112,15:10:53,0.8,150,117300
20240112,15:10:54,0.8,150,117300
20240112,15:10:55,0.8,250,117300
20240112,15:10:56,0.8,150,117300
20240112,15:10:57,0.8,150,117300
20240112,15:10:58,0.8,200,117300
20240112,15:10:59,0.8,150,117300
20240112,15:11:00,0.8,300,117300
20240112,15:11:02,0.8,7500,117300
20240112,15:11:03,0.8,150,117300
20240112,15:11:04,0.8,150,117300
20240112,15:11:05,0.8,1950,117300
20240112,15:11:06,0.8,150,117300
20240112,15:11:07,0.8,150,117300
20240112,15:11:08,0.8,150,117300
20240112,15:11:09,0.8,150,117300
20240112,15:11:10,0.8,150,117300
20240112,15:11:11,0.8,150,117300
20240112,15:11:12,0.8,150,117300
20240112,15:11:13,0.8,150,117300
20240112,15:11:14,0.8,150,117300
20240112,15:11:15,0.8,150,117300
20240112,15:11:16,0.8,150,117300
20240112,15:11:17,0.8,150,117300
20240112,15:11:18,0.8,3750,117300
20240112,15:11:19,0.8,1850,117300
20240112,15:11:20,0.8,7300,117300
20240112,15:11:21,0.85,150,117300
20240112,15:11:22,0.85,350,117300
20240112,15:11:23,0.85,150,117300
20240112,15:11:24,0.85,150,117300
20240112,15:11:25,0.85,150,117300
20240112,15:11:26,0.85,150,117300
20240112,15:11:27,0.85,150,117300
20240112,15:11:29,0.85,50,117300
20240112,15:11:30,0.85,50,117300
20240112,15:11:31,0.85,50,117300
20240112,15:11:32,0.85,150,117300
20240112,15:11:33,0.85,150,117300
20240112,15:11:34,0.85,150,117300
20240112,15:11:37,0.85,50,117300
20240112,15:11:38,0.85,50,117300
20240112,15:11:39,0.85,150,117300
20240112,15:11:40,0.85,150,117300
20240112,15:11:41,0.85,150,117300
20240112,15:11:42,0.85,200,117300
20240112,15:11:43,0.85,50,117300
20240112,15:11:44,0.85,50,117300
20240112,15:11:45,0.85,150,117300
20240112,15:11:46,0.85,150,117300
20240112,15:11:47,0.85,200,117300
20240112,15:11:48,0.85,150,117300
20240112,15:11:49,0.85,200,117300
20240112,15:11:50,0.85,150,117300
20240112,15:11:52,0.85,50,117300
20240112,15:11:53,0.85,50,117300
20240112,15:11:54,0.85,50,117300
20240112,15:11:55,0.85,100,117300
20240112,15:11:56,0.85,50,117300
20240112,15:11:57,0.85,50,117300
20240112,15:11:58,0.8,100,117300
20240112,15:11:59,0.85,100,117300
20240112,15:12:00,0.85,50,117300
20240112,15:12:01,0.85,150,117300
20240112,15:12:02,0.85,250,117300
20240112,15:12:04,0.85,50,117300
20240112,15:12:04,0.8,50,117300
20240112,15:12:05,0.85,200,117300
20240112,15:12:08,0.85,500,117300
20240112,15:12:10,0.8,500,117300
20240112,15:12:11,0.8,9850,117300
20240112,15:12:12,0.85,50,120400
20240112,15:12:13,0.85,50,120400
20240112,15:12:14,0.8,1000,120400
20240112,15:12:15,0.85,550,120400
20240112,15:12:16,0.85,50,120400
20240112,15:12:17,0.85,650,120400
20240112,15:12:18,0.85,300,120400
20240112,15:12:19,0.85,650,120400
20240112,15:12:20,0.85,450,120400
20240112,15:12:25,0.8,550,120400
20240112,15:12:26,0.8,300,120400
20240112,15:12:27,0.8,650,120400
20240112,15:12:27,0.8,1800,120400
20240112,15:12:28,0.8,1800,120400
20240112,15:12:29,0.75,550,120400
20240112,15:12:30,0.75,7200,120400
20240112,15:12:31,0.75,100,120400
20240112,15:12:32,0.75,650,120400
20240112,15:12:34,0.75,650,120400
20240112,15:12:36,0.75,1000,120400
20240112,15:12:38,0.75,400,120400
20240112,15:12:51,0.8,50,120400
20240112,15:13:01,0.8,50,120400
20240112,15:13:02,0.8,50,120400
20240112,15:13:03,0.8,50,120400
20240112,15:13:06,0.8,100,120400
20240112,15:13:08,0.8,50,120400
20240112,15:13:08,0.75,200,120400
20240112,15:13:10,0.8,50,120400
20240112,15:13:12,0.8,100,120400
20240112,15:13:14,0.8,100,120400
20240112,15:13:17,0.8,150,120400
20240112,15:13:20,0.8,400,120400
20240112,15:13:23,0.8,100,120400
20240112,15:13:24,0.8,550,120400
20240112,15:13:26,0.8,550,120400
20240112,15:13:28,0.8,550,120400
20240112,15:13:29,0.75,750,120400
20240112,15:13:30,0.8,550,120400
20240112,15:13:32,0.8,600,120400
20240112,15:13:33,0.8,550,120400
20240112,15:15:10,0.75,3600,120400
20240112,15:15:11,0.8,3850,120400
20240112,15:15:12,0.75,1800,120400
20240112,15:15:14,0.75,2650,112650
20240112,15:15:15,0.75,3600,112650
20240112,15:15:16,0.75,2100,112650
20240112,15:15:17,0.75,1800,112650
20240112,15:15:19,0.75,250,112650
20240112,15:15:20,0.75,550,112650
20240112,15:15:22,0.75,1850,112650
20240112,15:15:27,0.75,1750,112650
20240112,15:16:28,0.75,150,112650
20240112,15:16:39,0.75,250,112650
20240112,15:16:40,0.75,300,112650
20240112,15:17:03,0.75,250,112650
20240112,15:17:21,0.75,300,112650
20240112,15:18:01,0.8,500,112650
20240112,15:19:29,0.8,50,113250
20240112,15:19:45,0.75,300,113250
20240112,15:19:46,0.75,1200,113250
20240112,15:19:53,0.75,350,113250
20240112,15:19:55,0.75,400,113250
20240112,15:20:22,0.8,150,113250
20240112,15:20:24,0.8,50,113250
20240112,15:20:38,0.75,100,113250
20240112,15:20:57,0.8,550,113250
20240112,15:21:11,0.75,300,113250
20240112,15:21:21,0.75,300,113050
20240112,15:21:23,0.8,250,113050
20240112,15:21:25,0.75,450,113050
20240112,15:21:35,0.75,550,113050
20240112,15:21:36,0.75,300,113050
20240112,15:22:21,0.75,550,113050
20240112,15:22:31,0.75,50,113050
20240112,15:22:33,0.75,1800,113050
20240112,15:22:38,0.75,50,113050
20240112,15:22:46,0.75,1800,113050
20240112,15:22:47,0.75,3600,113050
20240112,15:22:53,0.75,1800,113050
20240112,15:23:15,0.75,200,113050
20240112,15:23:33,0.75,1800,113050
20240112,15:24:02,0.75,50,113050
20240112,15:24:18,0.75,350,113050
20240112,15:24:32,0.8,300,113450
20240112,15:24:33,0.75,300,113450
20240112,15:24:36,0.75,300,113450
20240112,15:24:37,0.75,250,113450
20240112,15:24:40,0.75,350,113450
20240112,15:24:41,0.75,300,113450
20240112,15:24:49,0.75,300,113450
20240112,15:25:11,0.8,500,113450
20240112,15:25:33,0.75,350,113450
20240112,15:25:54,0.75,3500,113450
20240112,15:25:55,0.75,1500,113450
20240112,15:25:57,0.75,700,113450
20240112,15:25:58,0.75,300,113450
20240112,15:26:23,0.75,250,113450
20240112,15:26:32,0.8,300,113450
20240112,15:26:41,0.75,800,113450
20240112,15:26:42,0.75,800,113450
20240112,15:26:43,0.75,800,113450
20240112,15:26:45,0.75,800,113450
20240112,15:26:49,0.75,800,113450
20240112,15:26:50,0.75,800,113450
20240112,15:26:58,0.75,1700,113450
20240112,15:27:00,0.8,50,113450
20240112,15:27:10,0.75,50,113450
20240112,15:28:25,0.75,1800,113450
20240112,15:28:44,0.75,500,121100
20240112,15:28:47,0.8,150,121100
20240112,15:29:00,0.75,1000,121100
20240112,15:29:00,0.8,6100,121100
20240112,15:29:02,0.7,500,121100
20240112,15:29:55,0.7,1250,121100
20240112,15:29:56,0.75,1800,121100
20240115,09:15:00,0.75,1,121100
20240115,09:15:00,0.75,100,121100
20240115,09:15:01,0.8,300,121100
20240115,09:15:02,0.8,1000,121100
20240115,09:15:03,0.8,50,121100
20240115,09:15:04,0.8,200,121100
20240115,09:15:05,0.8,300,121100
20240115,09:15:06,0.8,50,121100
20240115,09:15:07,0.8,1350,121100
20240115,09:15:09,0.8,300,121100
20240115,09:15:10,0.8,100,121100
20240115,09:15:27,0.8,150,121100
20240115,09:16:08,0.8,200,121100
20240115,09:16:11,0.8,50,121100
20240115,09:16:12,0.8,50,121100
20240115,09:16:14,0.8,100,121100
20240115,09:16:15,0.8,50,121100
20240115,09:16:17,0.8,100,121100
20240115,09:16:18,0.8,50,121100
20240115,09:16:20,0.8,200,121100
20240115,09:16:22,0.8,50,121100
20240115,09:16:23,0.8,100,121100
20240115,09:16:25,0.8,100,121100
20240115,09:16:27,0.8,100,121100
20240115,09:16:28,0.75,50,121100
20240115,09:16:29,0.8,100,121100
20240115,09:16:30,0.8,50,121100
20240115,09:16:34,0.8,100,121100
20240115,09:16:36,0.8,100,121100
20240115,09:16:46,0.75,1150,121100
20240115,09:16:49,0.8,50,121100
20240115,09:16:51,0.8,100,121100
20240115,09:16:56,0.8,100,121100
20240115,09:16:58,0.8,50,121100
20240115,09:17:00,0.8,100,121100
20240115,09:17:02,0.8,200,121100
20240115,09:17:12,0.8,50,121100
20240115,09:17:17,0.8,100,121100
20240115,09:17:18,0.8,50,121100
20240115,09:17:21,0.8,950,121100
20240115,09:17:25,0.8,50,121100
20240115,09:17:27,0.8,200,120850
20240115,09:17:30,0.8,50,120850
20240115,09:17:50,0.8,400,120850
20240115,09:17:53,0.8,150,120850
20240115,09:17:57,0.8,300,120850
20240115,09:18:04,0.8,1100,120850
20240115,09:18:07,0.8,200,120850
20240115,09:18:08,0.8,250,120850
20240115,09:18:09,0.8,500,120850
20240115,09:18:11,0.8,100,120850
20240115,09:18:12,0.8,400,120850
20240115,09:18:13,0.8,400,120850
20240115,09:18:15,0.8,250,120850
20240115,09:18:15,0.8,300,120850
20240115,09:18:16,0.8,550,120850
20240115,09:18:18,0.8,1000,120850
20240115,09:18:19,0.8,1000,120850
20240115,09:18:20,0.8,800,120850
20240115,09:18:21,0.8,850,120850
20240115,09:18:22,0.8,50,120850
20240115,09:18:23,0.8,2350,120850
20240115,09:18:24,0.8,1800,120850
20240115,09:18:29,0.8,1800,120850
20240115,09:18:30,0.8,1800,120850
20240115,09:18:35,0.8,850,120850
20240115,09:18:38,0.8,750,120850
20240115,09:18:55,0.8,100,120850
20240115,09:19:16,0.8,50,120850
20240115,09:19:18,0.8,50,120850
20240115,09:19:24,0.8,350,120850
20240115,09:19:30,0.8,250,120850
20240115,09:19:41,0.8,300,120850
20240115,09:19:43,0.8,250,120850
20240115,09:19:44,0.8,300,120850
20240115,09:19:46,0.8,400,120850
20240115,09:19:48,0.8,250,120850
20240115,09:19:50,0.8,300,120850
20240115,09:19:52,0.8,350,120850
20240115,09:19:54,0.8,250,120850
20240115,09:19:56,0.8,300,120850
20240115,09:20:03,0.8,500,120850
20240115,09:20:04,0.8,100,120850
20240115,09:20:05,0.8,450,120850
20240115,09:20:06,0.8,850,120850
20240115,09:20:08,0.75,750,120850
20240115,09:20:10,0.75,350,120850
20240115,09:20:11,0.75,550,120850
20240115,09:20:16,0.8,500,120850
20240115,09:20:25,0.8,50,120850
20240115,09:20:27,0.8,50,104150
20240115,09:20:28,0.8,50,104150
20240115,09:20:29,0.8,50,104150
20240115,09:20:30,0.8,400,104150
20240115,09:20:32,0.8,550,104150
20240115,09:20:34,0.8,600,104150
20240115,09:20:35,0.8,300,104150
20240115,09:20:36,0.8,350,104150
20240115,09:20:37,0.8,500,104150
20240115,09:20:39,0.85,600,104150
20240115,09:20:41,0.85,900,104150
20240115,09:20:43,0.85,300,104150
20240115,09:20:44,0.85,50,104150
20240115,09:20:46,0.85,500,104150
20240115,09:20:49,0.85,300,104150
20240115,09:20:50,0.85,250,104150
20240115,09:20:51,0.85,550,104150
20240115,09:21:17,0.85,50,104150
20240115,09:21:30,0.85,50,104150
20240115,09:21:33,0.85,50,104150
20240115,09:21:34,0.85,650,104150
20240115,09:21:35,0.85,100,104150
20240115,09:21:38,0.85,250,104150
20240115,09:21:39,0.85,350,104150
20240115,09:21:42,0.85,250,104150
20240115,09:21:43,0.85,250,104150
20240115,09:21:44,0.85,400,104150
20240115,09:22:15,0.85,500,104150
20240115,09:22:25,0.85,50,104150
20240115,09:22:31,0.8,900,104150
20240115,09:22:36,0.85,50,104150
20240115,09:22:54,0.75,250,104150
20240115,09:23:01,0.8,50,104150
20240115,09:23:24,0.8,50,104150
20240115,09:23:25,0.8,100,104150
20240115,09:23:34,0.8,50,104150
20240115,09:24:44,0.8,900,100000
20240115,09:25:08,0.75,50,100000
20240115,09:25:51,0.75,250,100000
20240115,09:25:51,0.75,350,100000
20240115,09:26:04,0.8,100,100000
20240115,09:26:05,0.8,300,100000
20240115,09:26:06,0.8,400,100000
20240115,09:26:07,0.8,100,100000
20240115,09:26:08,0.8,100,100000
20240115,09:26:13,0.8,50,100000
20240115,09:27:02,0.8,50,101300
20240115,09:28:14,0.8,50,101300
20240115,09:28:15,0.8,50,101300
20240115,09:28:37,0.8,50,101300
20240115,09:29:03,0.8,50,101300
20240115,09:29:06,0.8,100,101300
20240115,09:29:07,0.8,200,101300
20240115,09:29:08,0.8,50,101300
20240115,09:29:23,0.8,100,101300
20240115,09:29:28,0.8,50,101850
20240115,09:29:57,0.8,200,101850
20240115,09:30:52,0.8,50,101850
20240115,09:30:54,0.8,50,101850
20240115,09:31:35,0.75,650,101850
20240115,09:31:37,0.75,700,101850
20240115,09:31:38,0.75,50,101850
20240115,09:31:39,0.7,100,101850
20240115,09:31:40,0.7,50,101850
20240115,09:31:41,0.75,50,101850
20240115,09:31:42,0.7,350,101850
20240115,09:31:46,0.7,300,101850
20240115,09:31:48,0.7,550,101850
20240115,09:31:50,0.7,2350,101850
20240115,09:31:51,0.75,50,101850
20240115,09:31:52,0.7,50,101850
20240115,09:31:53,0.7,600,101850
20240115,09:31:55,0.7,300,101850
20240115,09:32:01,0.75,100,101850
20240115,09:32:09,0.75,300,101850
20240115,09:32:12,0.75,50,101850
20240115,09:32:13,0.75,500,101850
20240115,09:32:17,0.75,50,101850
20240115,09:32:19,0.75,50,101850
20240115,09:32:21,0.75,50,101850
20240115,09:32:23,0.75,50,101850
20240115,09:32:25,0.75,50,101850
20240115,09:32:28,0.75,50,103750
20240115,09:32:30,0.75,500,103750
20240115,09:32:32,0.75,1800,103750
20240115,09:32:33,0.75,550,103750
20240115,09:32:35,0.75,50,103750
20240115,09:32:37,0.75,550,103750
20240115,09:32:39,0.75,300,103750
20240115,09:32:40,0.75,750,103750
20240115,09:32:41,0.75,1000,103750
20240115,09:32:42,0.75,100,103750
20240115,09:32:43,0.75,500,103750
20240115,09:32:45,0.75,100,103750
20240115,09:32:46,0.75,450,103750
20240115,09:32:48,0.75,450,103750
20240115,09:33:20,0.75,750,103750
20240115,09:33:28,0.75,250,103750
20240115,09:33:31,0.75,450,103750
20240115,09:33:33,0.7,450,103750
20240115,09:33:34,0.7,650,103750
20240115,09:33:35,0.75,400,103750
20240115,09:33:38,0.75,750,103750
20240115,09:33:48,0.7,50,103750
20240115,09:33:49,0.7,100,103750
20240115,09:33:59,0.7,500,103750
20240115,09:34:01,0.75,50,103750
20240115,09:34:23,0.75,300,103750
20240115,09:34:25,0.75,50,103750
20240115,09:34:28,0.75,350,103750
20240115,09:34:45,0.75,50,103750
20240115,09:34:49,0.75,7200,103750
20240115,09:34:55,0.75,1750,103750
20240115,09:35:18,0.8,100,103750
20240115,09:35:34,0.8,100,103750
20240115,09:36:05,0.8,50,115600
20240115,09:36:08,0.8,50,115600
20240115,09:36:17,0.8,100,115600
20240115,09:36:49,0.75,250,115600
20240115,09:36:50,0.75,300,115600
20240115,09:37:01,0.8,50,115600
20240115,09:37:06,0.75,1200,115600
20240115,09:37:15,0.8,50,115600
20240115,09:37:20,0.75,100,115600
20240115,09:37:25,0.75,50,115600
20240115,09:37:46,0.8,50,115600
20240115,09:37:49,0.75,50,115600
20240115,09:37:50,0.75,50,115600
20240115,09:37:58,0.8,200,115600
20240115,09:38:12,0.75,50,115600
20240115,09:38:35,0.75,50,114600
20240115,09:38:49,0.75,50,114600
20240115,09:39:05,0.75,50,114600
20240115,09:39:29,0.75,300,114600
20240115,09:39:32,0.8,50,114600
20240115,09:39:32,0.75,250,114600
20240115,09:40:19,0.75,50,114600
20240115,09:41:25,0.8,50,114600
20240115,09:42:30,0.75,500,114450
20240115,09:42:33,0.75,550,114450
20240115,09:42:35,0.75,100,114450
20240115,09:42:36,0.75,500,114450
20240115,09:42:39,0.75,750,114450
20240115,09:42:41,0.75,500,114450
20240115,09:42:43,0.75,300,114450
20240115,09:42:45,0.75,550,114450
20240115,09:42:48,0.7,550,114450
20240115,09:46:05,0.75,250,114450
20240115,09:47:57,0.7,150,110950
20240115,09:47:58,0.75,50,110950
20240115,09:48:14,0.75,1000,110950
20240115,09:50:33,0.7,100,112000
20240115,09:52:10,0.7,1100,112000
20240115,09:52:37,0.75,500,112000
20240115,09:54:29,0.75,250,112600
20240115,09:54:37,0.75,250,112600
20240115,09:54:38,0.75,250,112600
20240115,09:54:39,0.75,100,112600
20240115,09:54:40,0.75,250,112600
20240115,09:54:47,0.75,400,112600
20240115,09:55:03,0.75,700,112600
20240115,09:55:04,0.75,100,112600
20240115,09:55:05,0.75,100,112600
20240115,09:55:07,0.75,100,112600
20240115,09:55:08,0.75,600,112600
20240115,09:55:09,0.75,250,112600
20240115,09:55:24,0.75,1800,112600
20240115,09:55:27,0.75,500,112600
20240115,09:55:41,0.75,250,112600
20240115,09:56:11,0.75,1800,112600
20240115,09:56:14,0.75,150,112600
20240115,09:56:14,0.75,250,112600
20240115,09:56:16,0.75,50,112600
20240115,09:57:05,0.75,50,114850
20240115,09:58:04,0.75,200,114850
20240115,09:58:04,0.75,100,114850
20240115,09:58:05,0.75,100,114850
20240115,09:58:08,0.75,100,114850
20240115,09:58:13,0.75,1800,114850
20240115,09:58:14,0.75,1800,114850
20240115,09:58:15,0.75,1800,114850
20240115,09:58:23,0.7,50,114850
20240115,09:58:46,0.7,1800,114850
20240115,10:00:35,0.75,1800,114850
20240115,10:00:37,0.75,1350,118850
20240115,10:01:05,0.75,100,118850
20240115,10:01:06,0.75,100,118850
20240115,10:01:09,0.75,100,118850
20240115,10:01:11,0.75,100,118850
20240115,10:01:18,0.75,7200,118850
20240115,10:02:01,0.75,50,118850
20240115,10:02:02,0.75,50,118850
20240115,10:02:03,0.75,50,118850
20240115,10:02:04,0.75,50,118850
20240115,10:02:05,0.75,50,118850
20240115,10:02:06,0.75,100,118850
20240115,10:02:07,0.75,100,118850
20240115,10:02:08,0.75,200,118850
20240115,10:02:09,0.75,200,118850
20240115,10:02:10,0.75,200,118850
20240115,10:02:11,0.75,200,118850
20240115,10:02:12,0.75,50,118850
20240115,10:02:12,0.75,1800,118850
20240115,10:02:13,0.75,200,118850
20240115,10:02:15,0.8,500,118850
20240115,10:02:16,0.8,250,118850
20240115,10:02:17,0.8,650,118850
20240115,10:02:18,0.8,550,118850
20240115,10:02:19,0.8,850,118850
20240115,10:02:20,0.8,800,118850
20240115,10:02:21,0.8,150,118850
20240115,10:02:22,0.8,150,118850
20240115,10:02:24,0.8,300,118850
20240115,10:02:25,0.8,150,118850
20240115,10:02:26,0.8,200,118850
20240115,10:02:27,0.8,200,118850
20240115,10:02:28,0.8,200,118850
20240115,10:02:29,0.8,200,118850
20240115,10:02:31,0.8,400,118850
20240115,10:02:32,0.8,200,118850
20240115,10:02:33,0.8,200,126400
20240115,10:02:34,0.8,200,126400
20240115,10:02:35,0.8,200,126400
20240115,10:02:36,0.8,200,126400
20240115,10:02:37,0.8,200,126400
20240115,10:02:38,0.8,200,126400
20240115,10:02:39,0.8,200,126400
20240115,10:02:41,0.8,400,126400
20240115,10:02:42,0.8,250,126400
20240115,10:02:43,0.8,200,126400
20240115,10:02:44,0.8,200,126400
20240115,10:02:45,0.8,200,126400
20240115,10:02:47,0.8,400,126400
20240115,10:02:48,0.8,200,126400
20240115,10:02:49,0.8,200,126400
20240115,10:02:50,0.8,200,126400
20240115,10:02:51,0.8,200,126400
20240115,10:02:52,0.8,200,126400
20240115,10:02:54,0.8,400,126400
20240115,10:02:55,0.8,200,126400
20240115,10:02:56,0.8,200,126400
20240115,10:02:58,0.8,400,126400
20240115,10:02:59,0.8,200,126400
20240115,10:03:00,0.8,200,126400
20240115,10:03:02,0.8,50,126400
20240115,10:03:03,0.8,150,126400
20240115,10:03:04,0.8,50,126400
20240115,10:03:05,0.8,50,126400
20240115,10:03:07,0.8,100,126400
20240115,10:03:08,0.8,50,126400
20240115,10:03:08,0.8,100,126400
20240115,10:03:11,0.75,500,126400
20240115,10:03:31,0.75,50,126400
20240115,10:03:42,0.8,1850,126400
20240115,10:03:49,0.75,1800,126400
20240115,10:03:58,0.75,50,126400
20240115,10:04:08,0.8,50,126400
20240115,10:04:09,0.8,50,126400
20240115,10:04:17,0.8,100,126400
20240115,10:04:19,0.8,100,126400
20240115,10:04:25,0.75,50,126400
20240115,10:04:38,0.8,50,126400
20240115,10:04:45,0.8,50,126400
20240115,10:04:46,0.8,50,126400
20240115,10:05:02,0.8,200,126400
20240115,10:05:03,0.8,300,126400
20240115,10:05:04,0.8,800,126400
20240115,10:05:05,0.8,1100,126400
20240115,10:05:06,0.8,500,126400
20240115,10:05:07,0.8,1450,126400
20240115,10:05:08,0.8,250,126400
20240115,10:05:09,0.8,750,126400
20240115,10:05:10,0.8,150,126400
20240115,10:05:11,0.8,50,126400
20240115,10:05:12,0.8,550,126400
20240115,10:05:13,0.8,50,126400
20240115,10:05:14,0.8,50,126400
20240115,10:06:32,0.8,50,124400
20240115,10:06:58,0.8,50,124400
20240115,10:07:00,0.8,50,124400
20240115,10:09:32,0.8,50,124400
20240115,10:09:39,0.8,50,124400
20240115,10:10:49,0.8,50,124400
20240115,10:10:50,0.75,50,124400
20240115,10:10:51,0.75,50,124400
20240115,10:10:52,0.75,200,124400
20240115,10:10:53,0.75,200,124400
20240115,10:10:54,0.75,200,124400
20240115,10:10:55,0.75,200,124400
20240115,10:10:56,0.75,200,124400
20240115,10:10:57,0.75,200,124400
20240115,10:11:01,0.75,50,124400
20240115,10:11:02,0.75,50,124400
20240115,10:11:03,0.75,50,124400
20240115,10:11:04,0.75,50,124400
20240115,10:11:05,0.75,50,124400
20240115,10:11:06,0.75,200,124400
20240115,10:11:07,0.75,200,124400
20240115,10:11:08,0.75,200,124400
20240115,10:11:09,0.75,200,124400
20240115,10:11:10,0.75,50,124400
20240115,10:11:11,0.75,50,124400
20240115,10:11:12,0.75,50,124400
20240115,10:11:13,0.75,50,124400
20240115,10:11:14,0.75,50,124400
20240115,10:11:15,0.75,50,124400
20240115,10:11:16,0.75,50,124400
20240115,10:11:17,0.75,50,124400
20240115,10:11:18,0.75,50,124400
20240115,10:11:19,0.75,50,124400
20240115,10:11:20,0.75,50,124400
20240115,10:11:21,0.75,50,124400
20240115,10:11:22,0.75,50,124400
20240115,10:11:23,0.75,50,124400
20240115,10:11:24,0.75,50,124400
20240115,10:11:25,0.75,50,124400
20240115,10:11:26,0.75,50,124400
20240115,10:11:27,0.75,50,124400
20240115,10:11:28,0.75,50,124400
20240115,10:11:29,0.75,50,124400
20240115,10:11:30,0.75,50,124400
20240115,10:11:31,0.75,50,124400
20240115,10:11:32,0.75,50,124400
20240115,10:11:33,0.75,50,124400
20240115,10:11:34,0.75,50,120900
20240115,10:11:35,0.75,50,120900
20240115,10:11:36,0.75,50,120900
20240115,10:11:37,0.75,50,120900
20240115,10:11:38,0.75,50,120900
20240115,10:11:39,0.75,50,120900
20240115,10:11:40,0.75,200,120900
20240115,10:11:41,0.75,200,120900
20240115,10:11:42,0.75,50,120900
20240115,10:11:43,0.75,50,120900
20240115,10:11:44,0.75,50,120900
20240115,10:11:45,0.75,50,120900
20240115,10:11:46,0.75,50,120900
20240115,10:12:21,0.75,50,120900
20240115,10:12:22,0.75,50,120900
20240115,10:12:23,0.75,50,120900
20240115,10:12:23,0.75,5400,120900
20240115,10:12:24,0.7,50,120900
20240115,10:12:25,0.75,400,120900
20240115,10:12:26,0.7,50,120900
20240115,10:13:15,0.75,50,120900
20240115,10:13:20,0.75,300,120900
20240115,10:13:25,0.75,300,120900
20240115,10:13:27,0.75,300,120900
20240115,10:13:31,0.75,300,120900
20240115,10:13:33,0.7,50,120900
20240115,10:13:37,0.75,250,120900
20240115,10:13:48,0.75,50,120900
20240115,10:13:56,0.7,50,120900
20240115,10:13:57,0.7,50,120900
20240115,10:13:58,0.7,50,120900
20240115,10:13:59,0.7,200,120900
20240115,10:14:00,0.7,200,120900
20240115,10:14:01,0.7,200,120900
20240115,10:14:02,0.7,200,120900
20240115,10:14:03,0.7,200,120900
20240115,10:14:04,0.7,200,120900
20240115,10:14:11,0.7,50,120900
20240115,10:14:12,0.7,50,120900
20240115,10:14:13,0.7,50,120900
20240115,10:14:14,0.7,50,120900
20240115,10:14:15,0.7,50,120900
20240115,10:14:16,0.7,50,120900
20240115,10:14:17,0.7,50,120900
20240115,10:14:18,0.7,50,120900
20240115,10:14:19,0.7,50,120900
20240115,10:14:20,0.7,50,120900
20240115,10:14:20,0.75,50,120900
20240115,10:14:22,0.7,100,120900
20240115,10:14:23,0.7,200,120900
20240115,10:14:24,0.7,200,120900
20240115,10:14:25,0.7,200,120900
20240115,10:14:26,0.7,200,120900
20240115,10:14:28,0.7,50,120900
20240115,10:14:29,0.7,50,120900
20240115,10:14:30,0.7,50,120900
20240115,10:14:31,0.7,50,120900
20240115,10:14:32,0.7,50,120900
20240115,10:14:33,0.7,50,120900
20240115,10:14:34,0.7,50,112750
20240115,10:14:35,0.7,50,112750
20240115,10:14:35,0.75,50,112750
20240115,10:14:36,0.7,50,112750
20240115,10:14:37,0.7,50,112750
20240115,10:14:38,0.7,50,112750
20240115,10:14:39,0.7,50,112750
20240115,10:14:40,0.7,200,112750
20240115,10:14:41,0.7,200,112750
20240115,10:14:42,0.7,200,112750
20240115,10:14:43,0.7,200,112750
20240115,10:14:44,0.7,200,112750
20240115,10:14:45,0.7,50,112750
20240115,10:14:46,0.7,50,112750
20240115,10:14:48,0.7,100,112750
20240115,10:14:49,0.7,50,112750
20240115,10:14:50,0.7,50,112750
20240115,10:14:51,0.7,50,112750
20240115,10:14:52,0.7,1050,112750
20240115,10:14:53,0.7,50,112750
20240115,10:14:54,0.7,50,112750
20240115,10:14:55,0.7,200,112750
20240115,10:14:56,0.7,200,112750
20240115,10:15:05,0.75,50,112750
20240115,10:15:10,0.75,50,112750
20240115,10:15:34,0.75,50,112750
20240115,10:16:03,0.75,50,112750
20240115,10:16:26,0.7,50,112750
20240115,10:17:02,0.75,50,112750
20240115,10:17:12,0.75,50,112750
20240115,10:18:02,0.7,50,114100
20240115,10:18:13,0.75,50,114100
20240115,10:18:17,0.75,1000,114100
20240115,10:22:01,0.7,100,115150
20240115,10:22:24,0.75,1800,115150
20240115,10:25:02,0.75,100,115150
20240115,10:25:03,0.75,500,116450
20240115,10:25:03,0.75,300,116450
20240115,10:25:04,0.75,600,116450
20240115,10:25:05,0.75,800,116450
20240115,10:25:06,0.75,600,116450
20240115,10:25:07,0.75,500,116450
20240115,10:25:08,0.75,700,116450
20240115,10:25:09,0.75,200,116450
20240115,10:27:03,0.75,50,116450
20240115,10:27:04,0.75,50,116450
20240115,10:27:07,0.75,50,116450
20240115,10:27:08,0.75,50,116450
20240115,10:27:09,0.75,50,116450
20240115,10:27:14,0.7,50,116450
20240115,10:27:34,0.7,50,116450
20240115,10:28:02,0.75,100,116450
20240115,10:28:03,0.75,150,116450
20240115,10:28:04,0.75,200,116450
20240115,10:28:05,0.75,100,116450
20240115,10:28:06,0.75,250,116450
20240115,10:28:07,0.75,500,116450
20240115,10:28:08,0.75,250,116450
20240115,10:28:09,0.75,150,116450
20240115,10:29:02,0.75,50,116450
20240115,10:29:03,0.75,200,116450
20240115,10:29:04,0.75,250,116450
20240115,10:29:05,0.75,100,116450
20240115,10:29:08,0.75,200,116450
20240115,10:30:02,0.75,100,116450
20240115,10:30:03,0.75,50,116450
20240115,10:30:04,0.75,50,116450
20240115,10:30:05,0.75,50,116450
20240115,10:30:06,0.75,100,116450
20240115,10:30:07,0.75,50,116450
20240115,10:30:52,0.7,50,116450
20240115,10:31:02,0.75,50,116450
20240115,10:31:03,0.75,150,116450
20240115,10:31:04,0.75,200,116450
20240115,10:31:05,0.75,300,116450
20240115,10:31:06,0.75,250,116450
20240115,10:31:07,0.75,400,116450
20240115,10:31:08,0.75,350,116450
20240115,10:32:19,0.75,100,116450
20240115,10:32:20,0.75,100,116450
20240115,10:32:21,0.75,150,116450
20240115,10:32:22,0.75,50,116450
20240115,10:32:23,0.75,50,116450
20240115,10:32:24,0.75,50,116450
20240115,10:32:25,0.75,50,116450
20240115,10:32:26,0.75,50,116450
20240115,10:32:27,0.75,50,116450
20240115,10:32:28,0.75,50,116450
20240115,10:32:29,0.75,150,116450
20240115,10:32:30,0.75,8950,116450
20240115,10:32:32,0.8,150,116450
20240115,10:32:33,0.8,50,116450
20240115,10:32:34,0.8,100,116450
20240115,10:32:34,0.75,50,116450
20240115,10:32:35,0.8,50,116450
20240115,10:32:36,0.8,50,120000
20240115,10:32:37,0.8,50,120000
20240115,10:32:38,0.8,50,120000
20240115,10:32:39,0.75,150,120000
20240115,10:32:40,0.8,50,120000
20240115,10:32:41,0.8,50,120000
20240115,10:32:42,0.75,400,120000
20240115,10:32:43,0.8,300,120000
20240115,10:32:44,0.75,100,120000
20240115,10:32:45,0.8,50,120000
20240115,10:32:46,0.8,50,120000
20240115,10:32:47,0.8,50,120000
20240115,10:32:48,0.8,50,120000
20240115,10:32:49,0.8,50,120000
20240115,10:32:50,0.75,300,120000
20240115,10:32:51,0.8,50,120000
20240115,10:32:52,0.8,50,120000
20240115,10:32:54,0.75,750,120000
20240115,10:32:56,0.75,50,120000
20240115,10:33:02,0.8,50,120000
20240115,10:33:03,0.8,50,120000
20240115,10:33:04,0.8,50,120000
20240115,10:33:05,0.8,150,120000
20240115,10:33:06,0.8,150,120000
20240115,10:33:07,0.8,150,120000
20240115,10:33:08,0.8,150,120000
20240115,10:33:12,0.8,50,120000
20240115,10:33:13,0.8,300,120000
20240115,10:33:13,0.75,500,120000
20240115,10:33:14,0.8,350,120000
20240115,10:33:15,0.75,300,120000
20240115,10:33:16,0.8,50,120000
20240115,10:33:17,0.8,50,120000
20240115,10:33:18,0.8,50,120000
20240115,10:33:19,0.8,50,120000
20240115,10:33:20,0.8,50,120000
20240115,10:33:21,0.8,50,120000
20240115,10:33:22,0.8,50,120000
20240115,10:33:23,0.8,50,120000
20240115,10:33:24,0.8,50,120000
20240115,10:33:29,0.8,50,120000
20240115,10:33:30,0.8,50,120000
20240115,10:33:31,0.8,50,120000
20240115,10:33:32,0.8,50,120000
20240115,10:33:33,0.8,50,120000
20240115,10:33:34,0.8,50,120000
20240115,10:33:39,0.8,50,120000
20240115,10:33:40,0.8,50,120000
20240115,10:33:41,0.8,50,120000
20240115,10:33:42,0.8,50,120000
20240115,10:33:43,0.8,50,120000
20240115,10:33:44,0.8,50,120000
20240115,10:33:45,0.8,50,120000
20240115,10:33:46,0.8,50,120000
20240115,10:33:47,0.8,50,120000
20240115,10:34:15,0.75,1800,120000
20240115,10:34:47,0.75,1800,120000
20240115,10:35:02,0.8,100,120000
20240115,10:35:02,0.8,200,120000
20240115,10:35:03,0.8,250,120000
20240115,10:35:04,0.8,500,120000
20240115,10:35:05,0.8,1200,120000
20240115,10:35:06,0.8,1100,120000
20240115,10:35:07,0.8,300,120000
20240115,10:35:08,0.8,1050,120000
20240115,10:35:09,0.8,950,120000
20240115,10:35:10,0.8,500,120000
20240115,10:35:12,0.8,600,120000
20240115,10:35:12,0.8,500,120000
20240115,10:36:03,0.75,1800,118950
20240115,10:36:06,0.75,50,118950
20240115,10:40:26,0.75,50,117100
20240115,10:40:27,0.75,50,117100
20240115,10:40:40,0.75,50,117100
20240115,10:40:49,0.75,50,117100
20240115,10:40:51,0.75,50,117100
20240115,10:40:52,0.75,50,117100
20240115,10:40:55,0.75,50,117100
20240115,10:40:58,0.75,50,117100
20240115,10:41:04,0.75,100,117100
20240115,10:41:32,0.75,50,117100
20240115,10:41:33,0.75,50,117100
20240115,10:41:34,0.75,50,117100
20240115,10:41:35,0.75,50,117100
20240115,10:41:36,0.75,50,117100
20240115,10:41:37,0.75,50,117100
20240115,10:41:38,0.75,50,116300
20240115,10:41:39,0.75,50,116300
20240115,10:41:40,0.75,50,116300
20240115,10:41:41,0.75,50,116300
20240115,10:41:42,0.75,50,116300
20240115,10:41:43,0.75,50,116300
20240115,10:41:44,0.75,50,116300
20240115,10:41:45,0.75,50,116300
20240115,10:41:46,0.75,200,116300
20240115,10:41:47,0.75,200,116300
20240115,10:41:48,0.75,200,116300
20240115,10:42:01,0.75,50,116300
20240115,10:42:02,0.75,50,116300
20240115,10:42:03,0.75,50,116300
20240115,10:42:04,0.75,50,116300
20240115,10:42:05,0.75,50,116300
20240115,10:42:06,0.75,50,116300
20240115,10:42:07,0.75,50,116300
20240115,10:42:08,0.75,50,116300
20240115,10:42:09,0.75,50,116300
20240115,10:42:10,0.75,50,116300
20240115,10:42:11,0.75,50,116300
20240115,10:42:12,0.75,200,116300
20240115,10:42:13,0.75,200,116300
20240115,10:42:14,0.75,200,116300
20240115,10:42:19,0.75,50,116300
20240115,10:42:22,0.75,50,116300
20240115,10:42:50,0.75,50,116300
20240115,10:43:07,0.75,50,116300
20240115,10:43:37,0.75,600,116300
20240115,10:45:15,0.8,50,116300
20240115,10:45:51,0.8,50,113900
20240115,10:47:02,0.75,50,113900
20240115,10:47:03,0.75,50,113900
20240115,10:47:04,0.75,50,113900
20240115,10:47:05,0.75,50,113900
20240115,10:47:06,0.75,50,113900
20240115,10:47:07,0.75,50,113900
20240115,10:47:08,0.75,50,113900
20240115,10:47:09,0.75,50,113900
20240115,10:47:10,0.75,50,113900
20240115,10:47:11,0.75,50,113900
20240115,10:47:12,0.75,50,113900
20240115,10:47:13,0.75,50,113900
20240115,10:47:14,0.75,50,113900
20240115,10:47:15,0.75,50,113900
20240115,10:47:16,0.75,50,113900
20240115,10:47:17,0.75,50,113900
20240115,10:47:19,0.75,50,113900
20240115,10:47:20,0.75,50,113900
20240115,10:47:21,0.75,50,113900
20240115,10:47:22,0.75,50,113900
20240115,10:47:23,0.75,50,113900
20240115,10:47:24,0.75,50,113900
20240115,10:47:25,0.75,50,113900
20240115,10:47:26,0.75,50,113900
20240115,10:47:27,0.75,50,113900
20240115,10:47:28,0.75,50,113900
20240115,10:48:04,0.75,250,113900
20240115,10:48:07,0.75,300,113300
20240115,10:48:41,0.75,350,113300
20240115,10:49:55,0.75,50,113300
20240115,10:50:26,0.75,50,113300
20240115,10:51:46,0.8,450,114200
20240115,10:51:48,0.75,50,114200
20240115,10:51:59,0.8,100,114200
20240115,10:51:59,0.75,50,114200
20240115,10:52:23,0.75,50,114200
20240115,10:54:47,0.75,50,114200
20240115,10:56:12,0.75,50,114150
20240115,10:57:06,0.8,100,114150
20240115,10:57:07,0.8,100,114050
20240115,10:57:09,0.8,50,114050
20240115,10:57:19,0.75,50,114050
20240115,10:58:02,0.8,50,114050
20240115,10:58:03,0.8,50,114050
20240115,10:58:04,0.8,350,114050
20240115,10:58:05,0.8,50,114050
20240115,10:58:06,0.8,350,114050
20240115,10:58:07,0.8,450,114050
20240115,10:58:08,0.8,250,114050
20240115,10:58:09,0.8,150,114050
20240115,10:58:14,0.8,50,114050
20240115,10:58:16,0.75,300,114050
20240115,10:58:24,0.75,50,114050
20240115,10:58:35,0.75,50,114050
20240115,10:58:47,0.75,50,114050
20240115,11:00:15,0.75,50,113850
20240115,11:00:46,0.8,50,113850
20240115,11:01:14,0.75,50,113850
20240115,11:01:19,0.75,50,113850
20240115,11:01:20,0.75,50,113850
20240115,11:02:09,0.75,500,113850
20240115,11:02:35,0.75,50,113850
20240115,11:02:37,0.75,50,113850
20240115,11:03:34,0.8,50,113000
20240115,11:04:08,0.8,50,113000
20240115,11:04:59,0.75,250,113000
20240115,11:05:05,0.8,300,113000
20240115,11:05:08,0.8,200,113000
20240115,11:05:11,0.8,100,113000
20240115,11:05:12,0.75,250,113000
20240115,11:05:30,0.75,250,113000
20240115,11:05:36,0.75,300,113000
20240115,11:05:39,0.8,50,113000
20240115,11:05:41,0.75,250,113000
20240115,11:05:56,0.75,250,113250
20240115,11:06:33,0.8,1000,113250
20240115,11:07:00,0.75,1000,113250
20240115,11:07:01,0.75,250,113250
20240115,11:07:02,0.75,250,113250
20240115,11:07:03,0.75,250,113250
20240115,11:08:04,0.75,400,113250
20240115,11:08:05,0.75,250,113250
20240115,11:09:03,0.75,250,113250
20240115,11:09:04,0.75,300,114100
20240115,11:09:57,0.75,200,114100
20240115,11:11:28,0.75,250,114100
20240115,11:14:27,0.75,250,114100
20240115,11:14:39,0.75,300,114900
20240115,11:15:00,0.75,2200,115450
20240115,11:15:09,0.7,500,115450
20240115,11:15:11,0.7,650,115450
20240115,11:15:14,0.7,100,115450
20240115,11:15:15,0.7,450,115450
20240115,11:15:19,0.7,550,115450
20240115,11:15:22,0.7,500,115450
20240115,11:15:27,0.7,550,115450
20240115,11:15:31,0.7,100,115450
20240115,11:15:32,0.7,50,115450
20240115,11:18:08,0.7,50,114150
20240115,11:18:38,0.7,50,114150
20240115,11:19:14,0.75,50,114150
20240115,11:20:58,0.75,50,114150
20240115,11:20:59,0.75,50,114050
20240115,11:21:01,0.75,50,114050
20240115,11:21:03,0.75,50,114050
20240115,11:21:05,0.75,50,114050
20240115,11:21:07,0.75,50,114050
20240115,11:21:10,0.75,500,114050
20240115,11:21:15,0.75,400,114050
20240115,11:21:21,0.75,450,114050
20240115,11:21:25,0.75,400,114050
20240115,11:21:27,0.75,100,114050
20240115,11:21:28,0.75,500,114050
20240115,11:21:30,0.75,250,114050
20240115,11:21:32,0.75,100,114050
20240115,11:21:33,0.75,500,114050
20240115,11:21:37,0.75,500,114050
20240115,11:21:40,0.75,450,114050
20240115,11:23:04,0.7,50,114050
20240115,11:23:07,0.7,50,114050
20240115,11:23:08,0.7,50,114050
20240115,11:23:09,0.7,50,114050
20240115,11:23:24,0.75,50,114050
20240115,11:23:44,0.75,100,114050
20240115,11:24:01,0.7,50,115600
20240115,11:24:08,0.75,50,115600
20240115,11:24:11,0.75,50,115600
20240115,11:26:13,0.7,650,115600
20240115,11:26:15,0.7,650,115600
20240115,11:26:17,0.7,650,115600
20240115,11:26:19,0.7,550,115600
20240115,11:26:21,0.7,450,115600
20240115,11:26:24,0.7,550,115600
20240115,11:26:26,0.7,300,115600
20240115,11:26:28,0.7,650,115600
20240115,11:26:54,0.75,50,114550
20240115,11:26:57,0.75,50,114550
20240115,11:26:59,0.75,50,114550
20240115,11:27:03,0.7,150,114550
20240115,11:27:32,0.75,50,114550
20240115,11:29:06,0.7,50,114550
20240115,11:30:54,0.75,50,114350
20240115,11:31:03,0.7,50,114350
20240115,11:31:59,0.75,250,114350
20240115,11:32:24,0.75,250,114350
20240115,11:32:25,0.75,300,114350
20240115,11:32:29,0.75,300,114350
20240115,11:35:05,0.75,50,114350
20240115,11:35:32,0.75,50,113200
20240115,11:35:45,0.75,50,113200
20240115,11:36:27,0.75,100,113200
20240115,11:37:03,0.75,1550,113200
20240115,11:37:22,0.7,50,113200
20240115,11:41:30,0.75,50,111600
20240115,11:41:47,0.7,50,111600
20240115,11:43:24,0.75,1800,111600
20240115,11:49:41,0.75,50,109750
20240115,11:49:44,0.75,50,109750
20240115,11:49:51,0.75,50,109750
20240115,11:49:55,0.75,50,109750
20240115,11:50:01,0.75,50,109750
20240115,11:50:10,0.75,100,109750
20240115,11:50:19,0.75,150,109750
20240115,11:50:23,0.75,100,109750
20240115,11:50:25,0.75,500,109750
20240115,11:50:28,0.75,5500,109750
20240115,11:50:29,0.8,100,109750
20240115,11:50:30,0.8,450,109750
20240115,11:50:36,0.8,500,109750
20240115,11:50:40,0.8,500,109750
20240115,11:50:44,0.8,300,109750
20240115,11:50:47,0.8,100,109750
20240115,11:50:48,0.8,300,115050
20240115,11:50:53,0.8,300,115050
20240115,11:50:56,0.8,100,115050
20240115,11:50:56,0.75,100,115050
20240115,11:51:12,0.75,100,115050
20240115,11:51:29,0.75,100,115050
20240115,11:51:30,0.75,750,115050
20240115,11:51:41,0.75,1000,115050
20240115,11:51:50,0.75,300,115050
20240115,11:51:52,0.75,550,115050
20240115,11:51:54,0.75,550,115050
20240115,11:51:57,0.75,500,115050
20240115,11:52:00,0.7,300,115050
20240115,11:52:02,0.7,550,115050
20240115,11:52:04,0.7,550,115050
20240115,11:52:04,0.75,100,115050
20240115,11:52:07,0.7,100,115050
20240115,11:52:08,0.7,450,115050
20240115,11:52:21,0.75,50,115050
20240115,11:53:37,0.7,50,115050
20240115,11:54:25,0.75,50,112050
20240115,11:55:04,0.75,350,112050
20240115,11:55:17,0.75,350,112050
20240115,11:55:28,0.75,50,112050
20240115,11:55:29,0.75,50,112050
20240115,11:55:56,0.75,50,112050
20240115,11:55:57,0.75,50,112050
20240115,11:55:59,0.75,250,112050
20240115,11:56:16,0.75,300,112050
20240115,11:59:38,0.7,50,112350
20240115,12:00:06,0.7,50,112350
20240115,12:02:31,0.75,50,112350
20240115,12:02:53,0.7,50,112400
20240115,12:13:21,0.7,50,112400
20240115,12:15:48,0.7,50,112400
20240115,12:17:01,0.7,250,112400
20240115,12:17:16,0.7,50,112400
20240115,12:17:47,0.75,300,112400
20240115,12:18:09,0.7,50,112650
20240115,12:19:05,0.7,50,112650
20240115,12:22:20,0.7,50,112650
20240115,12:24:00,0.75,50,112650
20240115,12:24:05,0.75,50,112650
20240115,12:24:06,0.75,50,112650
20240115,12:24:08,0.75,50,112650
20240115,12:24:09,0.75,350,112650
20240115,12:24:11,0.75,450,112650
20240115,12:24:12,0.75,400,112650
20240115,12:24:14,0.75,450,112650
20240115,12:24:16,0.75,500,112650
20240115,12:24:19,0.75,500,112650
20240115,12:24:22,0.75,250,112650
20240115,12:24:24,0.75,100,112650
20240115,12:24:25,0.75,550,112650
20240115,12:24:53,0.75,50,112650
20240115,12:25:04,0.7,50,112650
20240115,12:25:04,0.7,100,112650
20240115,12:25:05,0.7,100,112650
20240115,12:25:06,0.7,100,112650
20240115,12:25:07,0.7,50,112650
20240115,12:25:09,0.7,50,112650
20240115,12:25:09,0.7,200,112650
20240115,12:25:30,0.75,250,112650
20240115,12:27:09,0.7,50,112650
20240115,12:27:12,0.7,50,112650
20240115,12:27:13,0.7,50,112650
20240115,12:27:14,0.7,50,112650
20240115,12:27:15,0.7,50,112650
20240115,12:27:16,0.7,50,112650
20240115,12:28:13,0.7,50,112650
20240115,12:31:37,0.7,50,112650
20240115,12:31:50,0.7,50,112650
20240115,12:32:01,0.7,450,112650
20240115,12:32:06,0.7,100,112650
20240115,12:32:09,0.7,500,112650
20240115,12:32:14,0.7,100,112650
20240115,12:32:15,0.7,450,112650
20240115,12:32:19,0.7,500,112650
20240115,12:32:25,0.7,450,112650
20240115,12:32:30,0.7,300,112650
20240115,12:32:34,0.7,100,112650
20240115,12:32:36,0.7,550,112650
20240115,12:32:42,0.7,250,112650
20240115,12:37:04,0.7,50,112650
20240115,12:38:28,0.7,150,112650
20240115,12:39:10,0.75,50,112650
20240115,12:39:53,0.7,50,112650
20240115,12:42:30,0.75,100,112650
20240115,12:43:12,0.7,50,112650
20240115,12:44:29,0.75,50,112650
20240115,12:44:36,0.7,50,112650
20240115,12:47:15,0.75,50,112650
20240115,12:47:24,0.7,50,112650
20240115,12:47:33,0.75,50,112650
20240115,12:47:51,0.75,50,112650
20240115,12:48:13,0.75,50,112650
20240115,12:48:20,0.75,150,112650
20240115,12:48:48,0.7,350,112650
20240115,13:00:07,0.75,300,112650
20240115,13:00:09,0.75,50,112650
20240115,13:03:06,0.7,50,112650
20240115,13:03:11,0.7,50,112650
20240115,13:03:59,0.7,50,112650
20240115,13:04:06,0.7,50,112650
20240115,13:07:42,0.7,50,112650
20240115,13:09:31,0.7,50,112650
20240115,13:14:32,0.7,50,112650
20240115,13:18:36,0.7,50,112650
20240115,13:18:46,0.7,50,112650
20240115,13:18:47,0.7,50,112650
20240115,13:18:54,0.7,50,112650
20240115,13:19:52,0.75,50,112650
20240115,13:20:05,0.7,50,112650
20240115,13:20:06,0.7,250,112650
20240115,13:20:07,0.7,150,112650
20240115,13:20:08,0.7,150,112650
20240115,13:20:09,0.7,150,112650
20240115,13:20:10,0.7,150,112650
20240115,13:20:11,0.7,350,112650
20240115,13:20:12,0.7,50,112650
20240115,13:20:19,0.75,50,112650
20240115,13:20:24,0.75,50,112650
20240115,13:20:49,0.75,50,112650
20240115,13:20:51,0.75,150,112650
20240115,13:20:54,0.75,100,112650
20240115,13:20:55,0.75,100,112650
20240115,13:20:56,0.75,450,112650
20240115,13:21:03,0.75,550,112650
20240115,13:21:10,0.75,300,112950
20240115,13:21:13,0.75,500,112950
20240115,13:21:20,0.75,100,112950
20240115,13:21:21,0.75,100,112950
20240115,13:21:23,0.75,550,112950
20240115,13:21:26,0.75,500,112950
20240115,13:24:41,0.7,50,112950
20240115,13:27:44,0.7,50,115450
20240115,13:29:16,0.7,550,115450
20240115,13:29:18,0.7,500,115450
20240115,13:29:22,0.7,550,115450
20240115,13:29:26,0.7,300,115450
20240115,13:29:28,0.7,500,115450
20240115,13:29:31,0.7,450,115450
20240115,13:29:34,0.7,100,115450
20240115,13:29:35,0.7,300,115450
20240115,13:29:37,0.7,300,115450
20240115,13:29:39,0.7,50,115450
20240115,13:30:30,0.75,500,114550
20240115,13:30:42,0.75,250,114550
20240115,13:32:51,0.7,50,114550
20240115,13:36:19,0.7,50,114550
20240115,13:36:39,0.7,50,114450
20240115,13:36:58,0.7,100,114450
20240115,13:37:57,0.7,50,114450
20240115,13:38:05,0.7,50,114450
20240115,13:38:19,0.7,50,114450
20240115,13:38:25,0.75,50,114450
20240115,13:38:26,0.75,50,114450
20240115,13:38:42,0.7,50,114450
20240115,13:39:12,0.7,50,114450
20240115,13:39:21,0.75,50,114050
20240115,13:39:29,0.7,50,114050
20240115,13:39:46,0.7,150,114050
20240115,13:40:05,0.7,50,114050
20240115,13:40:06,0.7,50,114050
20240115,13:40:38,0.7,50,114050
20240115,13:40:51,0.7,50,114050
20240115,13:41:10,0.7,100,114050
20240115,13:42:55,0.7,50,114050
20240115,13:47:34,0.7,50,113500
20240115,13:50:49,0.75,250,113400
20240115,13:50:50,0.75,250,113400
20240115,13:50:56,0.75,250,113400
20240115,13:51:04,0.75,300,113400
20240115,13:51:04,0.75,7350,112950
20240115,13:53:21,0.75,1100,112950
20240115,13:53:41,0.75,1800,112950
20240115,13:53:50,0.75,1750,112950
20240115,13:57:59,0.75,50,111850
20240115,13:58:02,0.75,50,111850
20240115,13:58:05,0.75,50,111850
20240115,13:58:08,0.75,50,111850
20240115,13:58:14,0.75,50,111850
20240115,13:58:19,0.75,50,111850
20240115,13:58:22,0.75,100,111850
20240115,13:58:28,0.75,50,111850
20240115,13:58:31,0.75,150,111850
20240115,13:58:35,0.75,500,111850
20240115,13:58:40,0.75,450,111850
20240115,13:58:44,0.75,850,111850
20240115,13:58:45,0.75,1750,111850
20240115,13:58:48,0.75,2700,111850
20240115,13:58:51,0.8,500,111850
20240115,13:58:55,0.8,500,111850
20240115,13:59:08,0.75,50,111850
20240115,13:59:28,0.75,50,111850
20240115,13:59:54,0.75,50,111850
20240115,14:01:06,0.75,1800,114050
20240115,14:02:07,0.75,50,114050
20240115,14:02:42,0.75,50,114050
20240115,14:05:03,0.7,150,112550
20240115,14:05:03,0.7,350,112550
20240115,14:05:05,0.7,300,112550
20240115,14:05:06,0.7,650,112550
20240115,14:05:07,0.7,550,112550
20240115,14:05:08,0.7,450,112550
20240115,14:05:09,0.7,300,112550
20240115,14:05:10,0.7,450,112550
20240115,14:05:11,0.7,1850,112550
20240115,14:05:12,0.7,500,112550
20240115,14:05:13,0.7,1450,112550
20240115,14:05:14,0.7,250,112550
20240115,14:05:15,0.7,100,112550
20240115,14:05:16,0.7,750,112550
20240115,14:05:17,0.7,50,112550
20240115,14:05:18,0.7,800,112550
20240115,14:05:19,0.7,800,112550
20240115,14:05:20,0.7,150,112550
20240115,14:05:21,0.7,950,112550
20240115,14:05:22,0.7,500,112550
20240115,14:05:23,0.7,350,112550
20240115,14:05:24,0.65,1250,112550
20240115,14:05:25,0.65,400,112550
20240115,14:05:26,0.65,250,112550
