date,time,tick_price,volume,open_interest
20231128,13:31:43,19.4,50,50
20231129,09:38:47,16.8,1,50
20231129,09:38:47,16.8,200,50
20231129,10:00:16,17.55,200,150
20231129,12:03:02,18.05,200,350
20231229,09:57:53,1.05,1,550
20231229,09:57:53,1.1,350,550
20231229,09:57:55,1.1,450,550
20231229,09:59:01,1.4,100,550
20231229,10:02:08,1.4,50,350
20231229,10:02:20,1.1,50,400
20231229,10:02:21,1.1,50,400
20231229,10:02:22,1.05,50,400
20231229,10:02:23,1.05,50,400
20231229,10:02:24,1.05,50,400
20231229,10:02:38,1.1,50,400
20231229,10:05:27,1.05,50,500
20231229,10:05:30,1.05,50,500
20231229,10:06:52,1.05,50,500
20231229,10:07:02,1.05,50,500
20231229,10:13:16,1.0,100,700
20231229,10:14:39,1.0,50,700
20231229,10:24:25,1.1,50,700
20231229,10:24:38,1.1,50,700
20231229,10:25:00,1.05,500,700
20231229,10:25:01,1.05,50,700
20231229,10:25:02,1.05,50,700
20231229,10:25:41,1.1,1250,700
20231229,10:26:10,1.1,250,700
20231229,10:26:14,1.15,250,700
20231229,10:26:17,1.15,50,700
20231229,10:26:18,1.15,1200,2200
20231229,10:26:42,1.25,1500,2200
20231229,10:26:58,1.25,200,2200
20231229,10:36:59,1.3,400,2200
20231229,10:37:03,1.25,250,4500
20231229,10:37:06,1.3,1900,4500
20231229,10:37:36,1.25,50,4500
20231229,10:37:41,1.35,1900,4500
20231229,10:37:45,1.3,1000,4500
20231229,10:38:57,1.25,200,4500
20231229,10:40:00,1.4,350,8250
20231229,10:41:04,1.3,3000,8250
20231229,10:41:11,1.3,1800,8250
20231229,10:41:35,1.3,500,8250
20231229,10:41:55,1.3,50,10700
20231229,10:41:59,1.3,600,10700
20231229,10:42:02,1.25,200,10700
20231229,10:42:08,1.3,250,10700
20231229,10:42:10,1.25,250,10700
20231229,10:42:35,1.3,900,10700
20231229,10:42:42,1.3,400,10700
20231229,10:42:44,1.4,350,10700
20231229,10:43:43,1.3,50,10700
20231229,10:43:55,1.4,50,10700
20231229,10:44:31,1.45,250,10550
20231229,10:46:08,1.5,250,10550
20231229,10:46:09,1.5,50,10550
20231229,10:46:57,1.35,50,10550
20231229,10:47:14,1.55,600,10550
20231229,10:47:52,1.35,300,11050
20231229,10:52:49,1.35,100,11050
20231229,10:56:09,1.35,50,11300
20231229,11:01:32,1.35,50,11450
20231229,11:03:13,1.2,500,11500
20231229,11:03:56,1.25,150,11500
20231229,11:09:12,1.2,50,11500
20231229,11:12:13,1.2,50,11500
20231229,11:20:11,1.2,200,11450
20231229,11:22:02,1.1,50,11500
20231229,11:27:08,1.15,50,11500
20231229,11:27:09,1.15,50,11500
20231229,11:30:55,1.25,50,11500
20231229,11:33:53,1.25,200,11400
20231229,11:36:13,1.3,100,11550
20231229,11:36:29,1.25,50,11550
20231229,11:37:39,1.3,50,11550
20231229,11:39:52,1.2,50,11550
20231229,11:40:13,1.2,50,11550
20231229,11:41:18,1.2,50,11550
20231229,11:42:16,1.25,250,11550
20231229,11:43:36,1.3,100,11550
20231229,11:49:07,1.2,50,11550
20231229,11:51:29,1.2,750,11300
20231229,11:52:26,1.25,200,11300
20231229,11:59:02,1.25,50,11600
20231229,11:59:14,1.2,50,11600
20231229,12:10:02,1.2,100,11600
20231229,12:10:07,1.3,50,11600
20231229,12:10:44,1.15,50,11600
20231229,12:14:58,1.25,200,11550
20231229,12:15:27,1.25,350,11550
20231229,12:16:05,1.25,450,11550
20231229,12:20:22,1.35,50,11550
20231229,12:20:33,1.35,750,11900
20231229,12:21:14,1.3,500,11900
20231229,12:21:15,1.3,250,11900
20231229,12:22:28,1.35,300,11900
20231229,12:24:28,1.4,1900,12150
20231229,12:31:57,1.3,50,13850
20231229,12:32:02,1.3,50,13850
20231229,12:40:05,1.35,50,13850
20231229,12:48:37,1.2,250,14000
20231229,12:58:45,1.2,400,14100
20231229,13:11:36,1.2,50,14400
20231229,13:15:22,1.35,50,14400
20231229,13:42:02,1.3,50,14400
20231229,13:46:46,1.3,500,14400
20231229,13:47:04,1.2,50,14400
20231229,13:52:01,1.35,250,14400
20231229,13:52:20,1.35,1250,14700
20231229,13:52:27,1.45,50,14700
20231229,13:52:32,1.45,650,14700
20231229,13:52:32,1.6,200,14700
20231229,13:53:36,1.6,350,14700
20231229,13:53:51,1.45,200,14700
20231229,13:53:52,1.45,1250,15650
20231229,13:54:13,1.55,2000,15650
20231229,13:54:47,1.45,250,15650
20231229,13:55:04,1.45,800,15650
20231229,13:55:04,1.45,1200,15650
20231229,13:55:12,1.4,700,15650
20231229,13:55:20,1.4,200,15650
20231229,13:56:38,1.4,1000,15650
20231229,13:58:06,1.45,600,21000
20231229,14:00:08,1.45,100,21000
20231229,14:01:49,1.45,100,21200
20231229,14:03:00,1.4,700,21250
20231229,14:03:16,1.4,50,21250
20231229,14:03:34,1.4,50,21250
20231229,14:04:10,1.45,1700,21250
20231229,14:08:57,1.4,200,21250
20231229,14:14:30,1.35,300,22500
20231229,14:16:37,1.45,50,22600
20231229,14:22:25,1.35,50,22900
20231229,14:22:30,1.3,200,22900
20231229,14:22:33,1.35,50,22900
20231229,14:31:49,1.25,750,22900
20231229,14:41:57,1.3,50,23150
20231229,14:42:01,1.25,300,23150
20231229,14:46:50,1.3,100,23150
20231229,14:48:23,1.25,100,23500
20231229,14:48:33,1.25,200,23500
20231229,14:53:31,1.2,50,23500
20231229,14:57:13,1.2,500,23800
20231229,14:59:53,1.2,50,23750
20231229,15:01:32,1.25,50,23750
20231229,15:01:52,1.25,200,23750
20231229,15:02:14,1.25,250,23750
20231229,15:02:27,1.3,100,23750
20231229,15:02:41,1.3,50,23750
20231229,15:04:00,1.2,50,23750
20231229,15:04:04,1.3,50,23750
20231229,15:04:06,1.3,2050,23750
20231229,15:04:49,1.35,900,23750
20231229,15:04:50,1.25,100,23750
20231229,15:04:52,1.25,150,23750
20231229,15:05:11,1.35,600,23750
20231229,15:05:12,1.35,400,23750
20231229,15:05:32,1.45,1700,23750
20231229,15:07:32,1.35,2000,26700
20231229,15:12:22,1.35,250,26700
20231229,15:14:16,1.35,250,26400
20231229,15:15:01,1.35,250,26450
20231229,15:16:14,1.35,250,26450
20231229,15:16:31,1.35,250,26450
20231229,15:18:19,1.35,100,26450
20231229,15:20:39,1.25,1700,27750
20231229,15:21:24,1.3,1100,27650
20231229,15:22:24,1.3,300,27650
20231229,15:24:06,1.35,400,27650
20231229,15:24:38,1.25,1800,28250
20231229,15:25:17,1.25,100,28250
20231229,15:25:29,1.25,100,28250
20231229,15:25:34,1.25,100,28250
20231229,15:25:36,1.2,100,28250
20231229,15:25:37,1.25,50,28250
20231229,15:25:48,1.2,50,28250
20231229,15:28:07,1.3,500,26200
20231229,15:28:25,1.25,200,26200
20231229,15:29:40,1.1,200,26200
20231229,15:29:48,1.3,1450,26200
20231229,15:29:52,1.3,800,26200
20240101,09:15:05,1.35,1,23450
20240101,09:15:05,1.35,50,23450
20240101,09:17:00,1.15,300,23450
20240101,09:17:24,1.15,50,23450
20240101,09:17:24,1.2,50,23450
20240101,09:19:55,1.15,50,23450
20240101,09:22:28,1.1,50,23500
20240101,09:27:43,1.1,50,23450
20240101,09:27:43,1.1,300,23450
20240101,09:40:02,1.1,100,23450
20240101,09:48:02,1.1,100,23450
20240101,09:48:53,1.15,1800,23450
20240101,09:52:39,1.2,150,23450
20240101,09:52:42,1.2,50,23450
20240101,09:52:56,1.2,50,23450
20240101,09:54:36,1.25,50,23450
20240101,09:54:51,1.25,350,23450
20240101,09:54:52,1.3,1300,23450
20240101,09:55:01,1.3,600,23450
20240101,09:55:02,1.3,250,23450
20240101,09:55:05,1.5,700,23450
20240101,09:55:06,1.35,1400,23450
20240101,09:55:07,1.35,100,23450
20240101,09:55:09,1.35,100,23450
20240101,09:55:12,1.35,500,23450
20240101,09:55:13,1.6,4700,23450
20240101,09:55:15,1.55,250,23450
20240101,09:55:18,1.4,50,23450
20240101,09:55:20,1.45,300,23450
20240101,09:55:23,1.4,500,23450
20240101,09:55:25,1.4,100,23450
20240101,09:55:32,1.35,300,23450
20240101,09:55:39,1.4,550,23450
20240101,09:55:57,1.35,100,23450
20240101,09:56:03,1.3,250,23450
20240101,09:56:06,1.35,900,23450
20240101,09:56:07,1.3,100,23450
20240101,09:56:12,1.3,50,23450
20240101,09:56:13,1.3,50,23450
20240101,09:56:31,1.35,250,31600
20240101,09:56:40,1.35,800,31600
20240101,09:56:42,1.35,100,31600
20240101,09:56:46,1.35,2500,31600
20240101,09:56:47,1.3,250,31600
20240101,09:56:48,1.5,800,31600
20240101,09:56:51,1.45,850,31600
20240101,09:57:15,1.5,150,31600
20240101,09:57:16,1.5,350,31600
20240101,09:57:17,1.55,150,31600
20240101,09:57:44,1.4,500,31600
20240101,09:59:19,1.35,250,31600
20240101,09:59:37,1.35,250,31600
20240101,10:00:38,1.35,200,36500
20240101,10:01:01,1.35,100,36500
20240101,10:01:02,1.3,550,36500
20240101,10:01:26,1.3,50,36500
20240101,10:02:49,1.35,400,36500
20240101,10:05:16,1.3,50,36650
20240101,10:05:56,1.3,400,36650
20240101,10:06:05,1.3,50,36650
20240101,10:06:43,1.3,50,36650
20240101,10:06:45,1.3,200,36650
20240101,10:08:08,1.3,50,36650
20240101,10:09:35,1.3,300,36650
20240101,10:11:10,1.25,650,36450
20240101,10:11:12,1.25,350,36450
20240101,10:24:07,1.2,500,36800
20240101,10:24:31,1.15,50,36800
20240101,10:24:36,1.15,50,36800
20240101,10:24:45,1.15,450,36800
20240101,10:24:46,1.05,2650,36800
20240101,10:30:56,1.05,1000,34100
20240101,10:31:35,1.2,50,34100
20240101,10:37:44,1.2,250,34150
20240101,10:40:58,1.2,250,34200
20240101,10:41:02,1.2,200,34200
20240101,10:47:10,1.25,150,34200
20240101,10:47:12,1.25,100,34050
20240101,10:47:13,1.25,150,34050
20240101,10:47:15,1.2,50,34050
20240101,10:47:38,1.2,50,34050
20240101,10:48:12,1.25,100,34100
20240101,10:55:20,1.2,50,34100
20240101,10:57:28,1.25,100,34100
20240101,10:57:41,1.25,200,34050
20240101,11:00:23,1.25,100,34050
20240101,11:04:33,1.25,50,34000
20240101,11:08:49,1.2,400,34000
20240101,11:08:49,1.2,100,34000
20240101,11:08:52,1.2,150,34000
20240101,11:10:27,1.2,50,34000
20240101,11:13:20,1.15,50,34000
20240101,11:13:53,1.15,50,34150
20240101,11:21:39,1.15,250,34150
20240101,11:21:41,1.15,250,34150
20240101,11:22:31,1.15,200,34150
20240101,11:22:53,1.2,50,34150
20240101,11:25:20,1.15,50,34150
20240101,11:28:29,1.15,700,34350
20240101,11:28:37,1.2,250,34350
20240101,11:34:04,1.1,250,34100
20240101,11:34:16,1.05,250,34100
20240101,11:37:19,1.1,200,34100
20240101,11:48:03,1.15,50,34150
20240101,12:03:23,1.1,50,34300
20240101,12:03:24,1.1,50,34250
20240101,12:03:31,1.1,100,34250
20240101,12:04:11,1.1,50,34250
20240101,12:04:44,1.1,50,34250
20240101,12:06:26,1.1,600,34250
20240101,12:07:58,1.05,100,34200
20240101,12:10:28,1.15,1650,34150
20240101,12:10:30,1.2,3300,34150
20240101,12:10:31,1.1,1350,34150
20240101,12:10:32,1.2,3650,34150
20240101,12:10:51,1.2,100,34150
20240101,12:10:59,1.2,200,34150
20240101,12:11:00,1.2,2000,34150
20240101,12:11:02,1.25,4050,34150
20240101,12:11:03,1.1,5350,34150
20240101,12:11:04,1.15,9750,34150
20240101,12:11:05,0.95,6950,34150
20240101,12:11:06,1.2,700,34150
20240101,12:11:07,1.3,10450,34150
20240101,12:11:09,0.75,5800,34150
20240101,12:11:10,1.2,6650,34150
20240101,12:11:11,1.25,950,34150
20240101,12:11:12,1.35,50,34150
20240101,12:11:14,1.25,50,34150
20240101,12:11:15,1.7,1500,34150
20240101,12:11:20,1.2,550,34150
20240101,12:11:21,1.25,550,34150
20240101,12:11:22,1.75,600,34150
20240101,12:11:23,1.75,1900,34150
20240101,12:11:24,1.25,9550,34150
20240101,12:11:25,0.6,9300,34150
20240101,12:11:26,0.6,13700,34150
20240101,12:11:27,1.15,4000,34150
20240101,12:11:28,1.2,300,34150
20240101,12:11:29,1.25,100,34150
20240101,12:11:31,1.25,650,34150
20240101,12:11:32,1.05,1900,34150
20240101,12:11:33,1.2,650,34150
20240101,12:11:35,1.2,200,34150
20240101,12:11:36,1.2,2250,34150
20240101,12:11:47,1.2,200,37850
20240101,12:11:58,1.25,1800,37850
20240101,12:12:06,1.2,500,37850
20240101,12:12:07,1.25,6250,37850
20240101,12:12:09,1.15,14900,37850
20240101,12:12:10,1.3,450,37850
20240101,12:12:11,1.3,1700,37850
20240101,12:12:11,1.3,150,37850
20240101,12:12:12,1.3,1200,37850
20240101,12:12:13,1.4,2750,37850
20240101,12:12:17,1.25,100,37850
20240101,12:12:18,1.35,1450,37850
20240101,12:12:19,1.25,7050,37850
20240101,12:12:20,1.35,4600,37850
20240101,12:12:21,1.25,10300,37850
20240101,12:12:23,1.15,3750,37850
20240101,12:12:24,1.25,300,37850
20240101,12:12:36,1.3,200,37850
20240101,12:12:50,1.55,1800,37850
20240101,12:12:51,1.35,500,37850
20240101,12:13:06,1.25,200,37850
20240101,12:13:11,1.35,4950,37850
20240101,12:14:08,1.35,500,37850
20240101,12:15:09,1.4,400,37850
20240101,12:15:12,1.35,5250,48300
20240101,12:15:13,1.35,400,48300
20240101,12:15:50,1.35,300,48300
20240101,12:16:03,1.35,1200,48300
20240101,12:16:08,1.35,2200,48300
20240101,12:16:09,1.3,250,48300
20240101,12:16:11,1.3,4200,48300
20240101,12:16:12,1.35,1550,48300
20240101,12:16:13,1.35,2600,48300
20240101,12:16:15,1.25,2000,48300
20240101,12:16:16,1.35,4650,48300
20240101,12:18:38,1.25,250,49650
20240101,12:19:26,1.25,900,49650
20240101,12:20:08,1.2,650,49650
20240101,12:20:41,1.2,950,49650
20240101,12:20:47,1.2,250,50050
20240101,12:20:47,1.2,1850,50050
20240101,12:20:48,1.25,50,50050
20240101,12:21:05,1.2,350,50050
20240101,12:22:51,1.2,350,50050
20240101,12:22:59,1.2,50,50050
20240101,12:23:03,1.2,50,50050
20240101,12:23:43,1.2,950,48800
20240101,12:24:14,1.2,50,48800
20240101,12:26:42,1.15,50,48800
20240101,12:27:07,1.15,50,49000
20240101,12:28:28,1.2,100,49000
20240101,12:29:14,1.15,400,49000
20240101,12:33:57,1.15,650,49000
20240101,12:33:59,1.2,300,48750
20240101,12:34:00,1.2,50,48750
20240101,12:34:02,1.2,50,48750
20240101,12:51:40,1.2,500,48750
20240101,12:52:46,1.2,100,48450
20240101,12:55:05,1.2,50,48450
20240101,13:08:17,1.15,50,48400
20240101,13:32:28,1.25,50,48450
20240101,13:36:05,1.15,50,48450
20240101,13:50:12,1.25,50,48450
20240101,13:50:18,1.25,250,48400
20240101,13:58:40,1.35,2150,48400
20240101,13:59:02,1.3,1600,48500
20240101,13:59:05,1.3,50,48500
20240101,13:59:20,1.35,200,48500
20240101,13:59:50,1.35,500,48500
20240101,13:59:54,1.35,50,48500
20240101,14:00:12,1.4,2050,48500
20240101,14:00:13,1.35,9600,50600
20240101,14:00:21,1.4,200,50600
20240101,14:00:23,1.4,100,50600
20240101,14:00:27,1.4,100,50600
20240101,14:00:32,1.4,100,50600
20240101,14:01:52,1.4,2500,50600
20240101,14:02:08,1.4,850,50600
20240101,14:02:09,1.4,2000,50600
20240101,14:02:17,1.45,1800,50600
20240101,14:02:25,1.5,1600,50600
20240101,14:02:43,1.5,950,50600
20240101,14:03:17,1.5,2050,64300
20240101,14:03:37,1.55,1000,64300
20240101,14:03:43,1.55,350,64300
20240101,14:03:44,1.55,100,64300
20240101,14:03:49,1.55,350,64300
20240101,14:03:49,1.55,1200,64300
20240101,14:03:51,1.55,50,64300
20240101,14:03:55,1.55,2100,64300
20240101,14:03:57,1.45,1000,64300
20240101,14:03:58,1.5,1000,64300
20240101,14:03:59,1.4,3400,64300
20240101,14:04:00,1.4,1000,64300
20240101,14:04:01,1.4,50,64300
20240101,14:04:02,1.4,50,64300
20240101,14:04:19,1.4,300,64300
20240101,14:04:21,1.5,1800,64300
20240101,14:04:24,1.4,2900,64300
20240101,14:04:26,1.5,50,64300
20240101,14:04:27,1.4,1200,64300
20240101,14:04:28,1.45,3650,64300
20240101,14:04:42,1.4,2400,64300
20240101,14:04:43,1.4,600,64300
20240101,14:04:45,1.55,1850,64300
20240101,14:04:48,1.4,1650,64300
20240101,14:04:51,1.4,200,64300
20240101,14:05:06,1.4,300,64300
20240101,14:05:10,1.4,500,64300
20240101,14:05:13,1.5,400,64300
20240101,14:05:16,1.55,50,64300
20240101,14:05:17,1.6,200,64300
20240101,14:05:18,1.55,800,64300
20240101,14:05:20,1.6,1850,64300
20240101,14:05:21,1.55,200,64300
20240101,14:05:22,1.65,650,64300
20240101,14:05:23,1.6,50,64300
20240101,14:05:27,1.65,200,64300
20240101,14:05:28,1.7,3750,64300
20240101,14:05:29,1.7,1100,64300
20240101,14:05:29,1.7,1150,64300
20240101,14:06:38,1.55,50,83650
20240101,14:06:57,1.55,50,83650
20240101,14:07:08,1.55,500,83650
20240101,14:08:47,1.55,500,83650
20240101,14:10:27,1.5,450,84050
20240101,14:10:31,1.5,50,84050
20240101,14:10:58,1.55,350,84050
20240101,14:11:26,1.6,2050,84050
20240101,14:11:50,1.65,1300,84050
20240101,14:11:51,1.65,550,84050
20240101,14:11:52,1.7,2050,84050
20240101,14:11:57,1.7,2050,84050
20240101,14:12:04,1.7,50,84050
20240101,14:12:09,1.7,1700,91100
20240101,14:13:02,1.6,50,91100
20240101,14:13:48,1.65,4050,91100
20240101,14:14:57,1.65,1200,91100
20240101,14:15:12,1.7,150,94000
20240101,14:15:17,1.7,200,94000
20240101,14:16:44,1.7,100,94000
20240101,14:17:48,1.7,150,94000
20240101,14:17:52,1.75,250,94000
20240101,14:17:53,1.6,50,94000
20240101,14:17:55,1.75,500,94000
20240101,14:17:58,1.75,100,94000
20240101,14:18:08,1.8,2100,94650
20240101,14:18:16,1.85,200,94650
20240101,14:18:31,1.85,1800,94650
20240101,14:18:34,1.85,600,94650
20240101,14:18:36,1.85,1800,94650
20240101,14:18:40,1.85,1800,94650
20240101,14:18:43,1.85,100,94650
20240101,14:18:54,1.9,1250,94650
20240101,14:18:55,1.9,2050,94650
20240101,14:18:57,1.95,2400,94650
20240101,14:18:58,1.95,150,94650
20240101,14:19:03,1.95,200,94650
20240101,14:19:16,1.85,2350,94650
20240101,14:19:20,1.85,1200,94650
20240101,14:19:24,1.85,50,94650
20240101,14:19:28,1.85,50,94650
20240101,14:19:43,1.85,100,94650
20240101,14:20:17,1.8,300,94650
20240101,14:20:33,1.8,950,94650
20240101,14:22:23,1.75,50,105850
20240101,14:22:24,1.75,50,105850
20240101,14:22:26,1.75,50,105850
20240101,14:22:27,1.75,50,105850
20240101,14:22:36,1.7,50,105850
20240101,14:22:56,1.7,50,105850
20240101,14:22:59,1.65,500,105850
20240101,14:23:00,1.65,100,105850
20240101,14:23:03,1.7,2700,105850
20240101,14:23:05,1.7,100,105850
20240101,14:23:34,1.7,300,105850
20240101,14:24:37,1.65,50,105750
20240101,14:25:35,1.75,250,105750
20240101,14:30:08,1.65,250,105500
20240101,14:30:25,1.7,550,105500
20240101,14:34:07,1.65,100,105050
20240101,14:34:08,1.65,150,105050
20240101,14:34:45,1.6,50,105050
20240101,14:42:24,1.65,300,105050
20240101,14:43:01,1.7,250,105200
20240101,14:43:50,1.75,350,105200
20240101,14:44:06,1.8,50,105200
20240101,14:44:14,1.8,50,105200
20240101,14:44:40,1.85,250,105200
20240101,14:44:40,1.8,100,105200
20240101,14:44:52,1.85,1250,105200
20240101,14:45:38,1.85,200,105200
20240101,14:47:54,1.8,50,106750
20240101,14:48:04,1.75,250,106850
20240101,14:48:45,1.75,50,106850
20240101,14:49:21,1.75,50,106850
20240101,14:50:23,1.9,200,106850
20240101,14:50:44,1.8,50,106850
20240101,15:02:44,1.75,200,106850
20240101,15:04:49,1.7,50,107250
20240101,15:09:17,1.7,50,107250
20240101,15:12:39,1.5,50,107250
20240101,15:13:03,1.55,100,107250
20240101,15:14:57,1.5,1950,107250
20240101,15:14:58,1.55,100,107250
20240101,15:15:59,1.45,200,105800
20240101,15:18:53,1.45,50,105800
20240101,15:20:06,1.5,400,106000
20240101,15:20:15,1.5,100,106000
20240101,15:21:09,1.55,200,106000
20240101,15:21:11,1.55,100,105750
20240101,15:21:22,1.5,150,105750
20240101,15:21:30,1.5,100,105750
20240101,15:24:40,1.45,200,105750
20240101,15:25:33,1.3,650,105800
20240101,15:25:34,1.3,100,105800
20240101,15:25:36,1.25,100,105800
20240101,15:25:51,1.4,100,105800
20240101,15:26:55,1.5,200,105800
20240101,15:28:16,1.4,50,105800
20240101,15:28:51,1.35,100,105000
20240101,15:28:52,1.3,50,105000
20240101,15:29:12,1.5,50,105000
20240101,15:29:14,1.55,50,105000
20240101,15:29:53,1.25,50,105000
20240102,09:15:00,1.25,1,104950
20240102,09:15:00,1.25,50,104950
20240102,09:15:03,1.55,150,104950
20240102,09:15:05,1.55,50,104950
20240102,09:16:20,1.5,50,104950
20240102,09:16:45,1.25,100,104950
20240102,09:17:06,1.25,100,104950
20240102,09:17:22,1.25,250,105300
20240102,09:20:43,1.2,150,105550
20240102,09:25:05,1.15,50,105550
20240102,09:25:40,1.05,150,105550
20240102,09:25:44,1.05,50,105550
20240102,09:28:27,1.1,50,105400
20240102,09:48:30,1.1,200,105400
20240102,09:49:11,1.25,100,105400
20240102,09:49:31,1.15,1850,105400
20240102,09:51:09,1.15,850,105450
20240102,09:51:10,1.15,50,105450
20240102,09:51:11,1.15,200,105450
20240102,09:51:12,1.15,50,105450
20240102,09:51:19,1.15,50,105450
20240102,09:51:34,1.15,50,105450
20240102,09:52:51,1.15,550,105450
20240102,09:54:03,1.15,350,105450
20240102,09:55:05,1.05,200,105400
20240102,09:57:16,1.1,50,105800
20240102,09:57:18,1.1,150,105800
20240102,09:57:41,1.05,700,105800
20240102,09:57:54,1.05,550,105800
20240102,09:59:06,1.1,450,105800
20240102,09:59:07,1.05,650,105800
20240102,09:59:10,1.05,50,105800
20240102,09:59:46,1.0,650,103850
20240102,10:01:57,0.95,350,103850
20240102,10:01:59,0.9,1900,103850
20240102,10:02:05,0.9,700,103850
20240102,10:02:06,0.9,300,103850
20240102,10:02:10,0.9,450,103850
20240102,10:02:11,0.9,150,103850
20240102,10:02:14,0.9,250,103850
20240102,10:02:24,0.9,200,103850
20240102,10:03:08,0.85,50,100200
20240102,10:04:41,0.85,50,100200
20240102,10:17:16,0.85,150,100200
20240102,10:29:07,0.95,800,100300
20240102,10:29:08,0.95,550,100300
20240102,10:29:48,1.05,50,99250
20240102,10:30:47,0.9,500,99250
20240102,10:30:48,0.9,400,99250
20240102,10:30:49,0.85,1550,99250
20240102,10:31:36,0.9,850,99250
20240102,10:31:51,0.9,700,99250
20240102,10:32:10,0.95,250,99250
20240102,10:32:21,0.85,100,99250
20240102,10:32:30,0.85,50,99250
20240102,10:32:46,1.0,200,97850
20240102,10:32:52,1.0,1800,97850
20240102,10:32:54,1.0,1400,97850
20240102,10:32:55,1.0,100,97850
20240102,10:32:59,0.9,1000,97850
20240102,10:33:00,0.95,3150,97850
20240102,10:33:02,1.0,1850,97850
20240102,10:33:19,0.9,250,97850
20240102,10:33:45,0.9,250,97850
20240102,10:35:14,0.9,250,97850
20240102,10:36:56,1.0,900,96500
20240102,10:36:56,1.0,600,96500
20240102,10:36:58,0.95,1450,96500
20240102,10:38:15,0.95,200,96500
20240102,10:40:14,0.9,500,96500
20240102,10:41:31,0.95,1950,95000
20240102,10:51:40,1.0,100,93300
20240102,10:52:13,1.0,50,93300
20240102,10:57:52,1.05,750,93300
20240102,10:57:52,1.05,700,93300
20240102,11:04:06,1.0,400,93300
20240102,11:10:41,1.0,500,93300
20240102,11:10:42,1.0,250,93300
20240102,11:10:56,1.05,400,93300
20240102,11:11:17,1.0,400,93300
20240102,11:11:44,1.0,600,93600
20240102,11:11:52,1.0,400,93600
20240102,11:12:00,1.05,600,93600
20240102,11:12:06,1.05,1950,93600
20240102,11:12:12,1.05,200,93600
20240102,11:14:18,1.05,300,93600
20240102,11:15:21,1.05,250,93600
20240102,11:16:49,1.05,500,95150
20240102,11:18:08,1.05,250,95100
20240102,11:18:28,1.1,450,95100
20240102,11:19:14,1.05,850,95100
20240102,11:19:51,1.15,700,95100
20240102,11:19:53,1.1,650,95100
20240102,11:22:44,1.05,500,95100
20240102,11:23:17,1.05,500,94600
20240102,11:24:59,1.1,550,95050
20240102,11:25:33,1.05,300,95050
20240102,11:25:34,1.1,600,95050
20240102,11:25:41,1.1,250,95050
20240102,11:25:48,1.1,200,95050
20240102,11:25:49,1.1,50,95050
20240102,11:26:48,1.05,300,95050
20240102,11:27:26,1.1,400,95000
20240102,11:27:27,1.05,300,95000
20240102,11:27:35,1.05,100,95000
20240102,11:27:42,1.05,2550,95000
20240102,11:27:43,1.05,350,95000
20240102,11:27:44,1.05,2150,95000
20240102,11:27:46,1.1,2950,95000
20240102,11:27:48,1.05,2000,95000
20240102,11:27:49,1.1,200,95000
20240102,11:27:50,1.05,2650,95000
20240102,11:27:51,1.05,1600,95000
20240102,11:28:03,1.1,1950,95000
20240102,11:28:08,1.05,500,95000
20240102,11:28:14,1.05,1300,95000
20240102,11:28:15,1.1,2350,95000
20240102,11:28:22,1.05,500,95000
20240102,11:29:07,1.05,50,95000
20240102,11:29:14,1.1,100,95000
20240102,11:30:11,1.05,1350,95000
20240102,11:31:12,1.1,950,94600
20240102,11:31:20,1.1,500,94600
20240102,11:31:23,1.1,50,94600
20240102,11:31:31,1.1,500,94600
20240102,11:31:36,1.05,1650,94600
20240102,11:31:41,1.1,700,94600
20240102,11:31:53,1.1,450,94600
20240102,11:32:03,1.05,400,94600
20240102,11:32:17,1.15,500,94600
20240102,11:32:35,1.1,550,94600
20240102,11:32:38,1.1,700,94600
20240102,11:32:45,1.1,650,95700
20240102,11:33:32,1.1,50,95700
20240102,11:35:18,1.1,450,95700
20240102,11:35:35,1.1,50,95700
20240102,11:37:13,1.05,2000,95350
20240102,11:37:23,1.1,1100,95350
20240102,11:37:25,1.1,350,95350
20240102,11:37:33,1.1,550,95350
20240102,11:37:36,1.1,200,95350
20240102,11:38:23,1.1,300,95350
20240102,11:42:13,1.1,50,95350
20240102,11:44:17,1.05,500,95450
20240102,11:47:04,1.05,100,95400
20240102,11:50:27,1.05,500,95300
20240102,11:50:28,1.05,400,95300
20240102,11:52:15,1.05,200,95600
20240102,11:52:18,1.05,300,95600
20240102,11:54:27,1.05,500,95300
20240102,11:54:28,1.05,1300,95300
20240102,11:55:14,1.0,2050,95300
20240102,11:57:21,1.05,200,93900
20240102,11:58:44,1.05,50,93900
20240102,11:58:45,1.05,50,93900
20240102,12:02:14,1.0,650,93800
20240102,12:02:14,0.95,5950,93800
20240102,12:02:38,0.95,750,93800
20240102,12:04:02,1.0,250,93800
20240102,12:04:03,1.0,1450,88450
20240102,12:04:04,1.0,300,88450
20240102,12:04:06,1.0,450,88450
20240102,12:04:07,1.0,250,88450
20240102,12:04:47,1.0,1250,88450
20240102,12:10:05,0.95,1950,88450
20240102,12:10:18,1.0,250,88600
20240102,12:11:10,0.95,2000,88600
20240102,12:11:50,0.95,950,88600
20240102,12:15:38,1.0,200,84350
20240102,12:20:29,1.0,150,84350
20240102,12:26:22,0.95,300,84350
20240102,12:37:45,0.9,50,84500
20240102,12:59:12,0.95,250,84650
20240102,12:59:18,0.95,250,84600
20240102,13:29:55,0.95,50,84400
20240102,13:30:51,1.0,50,84400
20240102,13:30:51,0.95,50,84400
20240102,13:36:21,0.95,500,84400
20240102,13:49:32,0.95,250,84400
20240102,13:49:32,0.95,50,84400
20240102,13:53:44,0.95,50,84400
20240102,13:53:56,1.0,50,84400
20240102,13:55:00,0.95,50,84450
20240102,13:58:36,0.9,1000,84400
20240102,13:59:12,0.9,50,84400
20240102,14:01:10,1.0,150,84500
20240102,14:12:12,0.95,200,84500
20240102,14:12:13,0.8,7450,84400
20240102,14:12:14,0.95,3550,84400
20240102,14:12:15,0.95,550,84400
20240102,14:12:17,0.95,300,84400
20240102,14:12:41,0.95,300,84400
20240102,14:12:50,0.95,850,84400
20240102,14:12:51,0.95,1200,84400
20240102,14:12:56,0.95,250,84400
20240102,14:12:59,0.95,250,84400
20240102,14:13:12,1.0,50,84400
20240102,14:13:31,1.0,450,84400
20240102,14:13:32,1.0,250,84400
20240102,14:13:40,1.0,250,84400
20240102,14:16:56,1.05,1900,84550
20240102,14:17:53,1.05,1700,84550
20240102,14:17:57,1.1,50,84550
20240102,14:18:19,1.15,50,87850
20240102,14:18:29,1.15,200,87850
20240102,14:18:37,1.15,1950,87850
20240102,14:18:53,1.2,1900,87850
20240102,14:18:58,1.15,550,87850
20240102,14:19:02,1.2,250,87850
20240102,14:19:07,1.15,250,87850
20240102,14:19:13,1.2,1050,87850
20240102,14:20:12,1.25,2050,87850
20240102,14:20:59,1.2,1400,87850
20240102,14:21:05,1.15,50,92650
20240102,14:21:24,1.2,2650,92650
20240102,14:21:47,1.25,1800,92650
20240102,14:21:51,1.25,50,92650
20240102,14:21:56,1.25,500,92650
20240102,14:21:57,1.25,200,92650
20240102,14:22:03,1.25,550,92650
20240102,14:22:07,1.25,150,92650
20240102,14:22:07,1.25,550,92650
20240102,14:23:03,1.2,700,92650
20240102,14:23:17,1.25,150,92650
20240102,14:23:18,1.25,650,92650
20240102,14:23:26,1.2,400,92650
20240102,14:23:27,1.2,150,92650
20240102,14:23:28,1.25,2000,92650
20240102,14:23:39,1.15,1200,92650
20240102,14:23:40,1.15,4700,92650
20240102,14:23:41,1.1,2150,92650
20240102,14:24:47,1.1,1200,101600
20240102,14:24:53,1.1,100,101600
20240102,14:24:57,1.1,100,101600
20240102,14:25:32,1.1,300,101600
20240102,14:31:22,1.1,400,101600
20240102,14:31:28,1.1,450,100600
20240102,14:32:29,1.05,150,100600
20240102,14:32:32,1.05,50,100600
20240102,14:32:36,1.05,50,100600
20240102,14:32:38,1.05,50,100600
20240102,14:32:59,1.1,200,100600
20240102,14:33:14,1.05,350,100600
20240102,14:33:15,1.15,3200,100550
20240102,14:33:16,1.1,200,100550
20240102,14:33:17,1.1,1400,100550
20240102,14:33:19,1.25,5100,100550
20240102,14:33:20,1.25,800,100550
20240102,14:33:22,1.25,1850,100550
20240102,14:33:24,1.25,1000,100550
20240102,14:33:26,1.25,2500,100550
20240102,14:33:27,1.25,200,100550
20240102,14:33:28,1.25,750,100550
20240102,14:34:06,1.25,1700,100550
20240102,14:34:12,1.3,2950,100550
20240102,14:34:25,1.4,2350,100550
20240102,14:34:28,1.35,50,100550
20240102,14:36:00,1.25,1950,100550
20240102,14:36:52,1.25,1000,120800
20240102,14:37:35,1.3,1000,120800
20240102,14:37:37,1.35,650,120800
20240102,14:37:46,1.3,600,120800
20240102,14:37:52,1.3,300,120800
20240102,14:37:52,1.3,650,120800
20240102,14:37:56,1.3,50,120800
20240102,14:37:59,1.3,50,120800
20240102,14:38:05,1.3,50,120800
20240102,14:38:08,1.35,2050,120800
20240102,14:38:10,1.35,50,120800
20240102,14:38:11,1.4,1550,120800
20240102,14:38:13,1.35,100,120800
20240102,14:38:13,1.35,400,120800
20240102,14:38:15,1.35,350,120800
20240102,14:38:15,1.35,50,120800
20240102,14:38:17,1.4,1750,120800
20240102,14:38:18,1.35,50,120800
20240102,14:38:32,1.4,1700,120800
20240102,14:38:32,1.4,300,120800
20240102,14:38:33,1.45,550,120800
20240102,14:38:35,1.4,50,120800
20240102,14:39:05,1.35,300,120800
20240102,14:39:06,1.4,1850,130750
20240102,14:39:09,1.4,200,130750
20240102,14:39:10,1.35,50,130750
20240102,14:39:14,1.35,50,130750
20240102,14:39:22,1.35,1600,130750
20240102,14:39:27,1.35,500,130750
20240102,14:39:32,1.35,250,130750
20240102,14:39:59,1.4,550,130750
20240102,14:40:00,1.45,1900,130750
20240102,14:40:00,1.45,1550,130750
20240102,14:40:03,1.45,1900,130750
20240102,14:40:04,1.45,300,130750
20240102,14:40:04,1.45,150,130750
20240102,14:40:06,1.45,2650,130750
20240102,14:40:09,1.45,1950,130750
20240102,14:40:10,1.45,500,130750
20240102,14:40:18,1.4,50,130750
20240102,14:40:33,1.45,3550,130750
20240102,14:40:34,1.45,150,130750
20240102,14:40:35,1.55,1400,130750
20240102,14:40:37,1.45,450,130750
20240102,14:40:38,1.45,2000,130750
20240102,14:40:39,1.5,1900,130750
20240102,14:40:40,1.5,200,130750
20240102,14:40:42,1.45,1700,130750
20240102,14:40:46,1.45,100,130750
20240102,14:40:46,1.5,1050,130750
20240102,14:40:54,1.45,50,130750
20240102,14:40:56,1.45,250,130750
20240102,14:40:57,1.45,900,130750
20240102,14:42:38,1.4,3050,130750
20240102,14:43:07,1.4,500,150350
20240102,14:43:08,1.4,500,150350
20240102,14:44:17,1.4,300,150350
20240102,14:44:25,1.4,1000,150350
20240102,14:44:27,1.35,500,150350
20240102,14:44:46,1.45,1800,150350
20240102,14:44:48,1.35,100,150350
20240102,14:44:49,1.3,200,150350
20240102,14:44:51,1.35,100,150350
20240102,14:44:54,1.35,100,150350
20240102,14:44:56,1.4,250,150350
20240102,14:44:59,1.45,1800,150350
20240102,14:45:00,1.35,300,150350
20240102,14:45:06,1.4,900,150350
20240102,14:46:37,1.35,100,153800
20240102,14:46:42,1.35,100,153800
20240102,14:46:46,1.35,100,153800
20240102,14:46:50,1.35,100,153800
20240102,14:46:52,1.35,100,153800
20240102,14:47:25,1.35,400,153800
20240102,14:48:40,1.25,1400,154650
20240102,14:48:42,1.3,700,154650
20240102,14:48:44,1.3,100,154650
20240102,14:48:45,1.3,400,154650
20240102,14:48:47,1.3,500,154650
20240102,14:48:49,1.3,50,154650
20240102,14:48:50,1.3,50,154650
20240102,14:48:51,1.3,350,154650
20240102,14:48:52,1.3,100,154650
20240102,14:48:53,1.3,400,154650
20240102,14:48:54,1.3,100,154650
20240102,14:48:56,1.3,300,154650
20240102,14:48:58,1.3,100,154650
20240102,14:48:58,1.3,50,154650
20240102,14:48:59,1.3,350,154650
20240102,14:49:00,1.3,50,154650
20240102,14:49:01,1.3,450,154650
20240102,14:49:03,1.3,100,154650
20240102,14:49:04,1.3,450,154650
20240102,14:49:07,1.3,400,154650
20240102,14:49:08,1.3,200,154650
20240102,14:49:09,1.3,100,154650
20240102,14:49:09,1.3,350,154650
20240102,14:49:10,1.3,50,154650
20240102,14:49:11,1.3,100,154650
20240102,14:49:12,1.3,350,154650
20240102,14:49:14,1.3,100,154650
20240102,14:49:16,1.3,300,154650
20240102,14:49:17,1.3,100,154650
20240102,14:49:19,1.3,100,154650
20240102,14:49:19,1.3,300,154650
20240102,14:49:21,1.3,300,154650
20240102,14:49:23,1.3,300,154650
20240102,14:50:01,1.3,50,154650
20240102,14:50:02,1.3,50,154650
20240102,14:51:30,1.25,500,154650
20240102,14:52:06,1.3,200,154850
20240102,14:52:19,1.3,200,154850
20240102,14:53:12,1.3,100,154850
20240102,14:53:20,1.3,300,154850
20240102,14:53:33,1.3,100,154850
20240102,14:53:59,1.25,100,154850
20240102,14:54:29,1.2,200,155000
20240102,14:54:31,1.2,200,155000
20240102,14:55:28,1.25,400,155000
20240102,14:55:32,1.2,200,155000
20240102,14:55:38,1.2,200,155000
20240102,14:55:39,1.2,200,155000
20240102,14:55:43,1.2,200,155000
20240102,14:56:16,1.2,200,155000
20240102,14:56:18,1.2,250,155000
20240102,14:56:44,1.25,100,155000
20240102,14:56:49,1.25,200,155000
20240102,14:57:44,1.15,200,155000
20240102,14:57:46,1.15,200,155150
20240102,14:57:48,1.15,250,155150
20240102,14:57:50,1.2,50,155150
20240102,14:57:53,1.2,50,155150
20240102,14:58:05,1.2,300,155150
20240102,14:58:06,1.15,250,155150
20240102,15:01:33,1.25,1300,155150
20240102,15:01:34,1.25,400,155500
20240102,15:02:24,1.25,600,155500
20240102,15:02:30,1.25,400,155500
20240102,15:02:37,1.3,400,155500
20240102,15:02:40,1.3,200,155500
20240102,15:02:42,1.3,200,155500
20240102,15:02:43,1.3,200,155500
20240102,15:02:46,1.3,200,155500
20240102,15:02:49,1.3,200,155500
20240102,15:02:51,1.3,200,155500
20240102,15:03:41,1.3,200,153850
20240102,15:06:14,1.2,2000,153850
20240102,15:06:27,1.25,5000,153850
20240102,15:08:00,1.15,3250,153850
20240102,15:08:25,1.25,2350,153850
20240102,15:12:52,1.2,800,153850
20240102,15:12:54,1.3,200,153850
20240102,15:12:55,1.35,650,153850
20240102,15:12:56,1.4,600,153850
20240102,15:12:57,1.25,2400,153850
20240102,15:13:01,1.3,100,153850
20240102,15:13:05,1.3,50,153850
20240102,15:13:08,1.35,150,153850
20240102,15:13:08,1.3,50,153850
20240102,15:13:11,1.3,50,153850
20240102,15:13:14,1.3,50,153850
20240102,15:13:19,1.3,50,153850
20240102,15:13:39,1.25,1100,153850
20240102,15:14:43,1.2,350,153850
20240102,15:15:00,1.2,5500,153850
20240102,15:15:05,1.2,1050,153850
20240102,15:15:06,1.3,1050,153850
20240102,15:15:50,1.15,1650,153850
20240102,15:15:51,1.1,2000,153850
20240102,15:15:55,1.15,50,153850
20240102,15:15:56,1.15,300,153850
20240102,15:16:05,1.15,900,153850
20240102,15:16:19,1.15,50,153850
20240102,15:16:41,1.25,650,153850
20240102,15:16:42,1.25,800,153850
20240102,15:17:17,1.25,500,153850
20240102,15:18:00,1.15,100,153850
20240102,15:19:23,1.2,100,153850
20240102,15:21:01,1.15,100,153850
20240102,15:21:02,1.2,4350,153850
20240102,15:21:03,1.2,1450,153850
20240102,15:21:11,1.2,3900,153750
20240102,15:21:22,1.15,150,153750
20240102,15:21:35,1.1,50,153750
20240102,15:21:44,1.1,50,153750
20240102,15:21:59,1.1,200,153750
20240102,15:22:02,1.15,200,153750
20240102,15:22:03,1.1,1600,153750
20240102,15:22:04,1.1,400,153750
20240102,15:22:05,1.2,4000,153750
20240102,15:22:06,1.2,900,153750
20240102,15:22:08,1.15,200,153750
20240102,15:22:21,1.2,1100,153750
20240102,15:24:03,1.25,250,153750
20240102,15:24:06,1.25,50,153750
20240102,15:24:09,1.25,250,153750
20240102,15:24:12,1.25,50,153750
20240102,15:24:14,1.25,50,153850
20240102,15:24:15,1.35,1800,153850
20240102,15:24:16,1.25,500,153850
20240102,15:24:42,1.25,50,153850
20240102,15:24:48,1.15,500,153850
20240102,15:24:48,1.25,250,153850
20240102,15:24:53,1.25,350,153850
20240102,15:24:56,1.25,250,153850
20240102,15:24:57,1.25,300,153850
20240102,15:25:01,1.25,300,153850
20240102,15:25:02,1.25,250,153850
20240102,15:25:02,1.3,450,153850
20240102,15:25:04,1.3,50,153850
20240102,15:25:45,1.3,50,153850
20240102,15:25:46,1.3,50,153850
20240102,15:25:47,1.2,650,153850
20240102,15:25:48,1.3,200,153850
20240102,15:25:49,1.3,1050,153850
20240102,15:26:04,1.25,50,153850
20240102,15:26:05,1.25,50,153850
20240102,15:26:06,1.25,50,153850
20240102,15:26:07,1.25,50,153850
20240102,15:26:08,1.25,50,153850
20240102,15:26:09,1.25,200,153850
20240102,15:26:10,1.25,950,153850
20240102,15:26:23,1.2,450,153850
20240102,15:26:26,1.2,250,153850
20240102,15:26:33,1.2,250,153850
20240102,15:26:40,1.2,250,153850
20240102,15:26:42,1.2,250,153850
20240102,15:26:51,1.2,200,153850
20240102,15:26:52,1.3,300,153850
20240102,15:26:54,1.3,250,153850
20240102,15:26:58,1.3,200,153850
20240102,15:26:59,1.3,200,153850
20240102,15:27:00,1.35,250,153850
20240102,15:27:02,1.4,250,153850
20240102,15:27:03,1.35,450,153850
20240102,15:27:05,1.35,450,153850
20240102,15:27:06,1.3,350,153850
20240102,15:27:07,1.25,50,153850
20240102,15:28:23,1.15,100,153500
20240102,15:28:26,1.2,400,153500
20240102,15:29:33,1.35,200,153500
20240102,15:29:34,1.35,600,153500
20240102,15:29:43,1.35,200,153500
20240102,15:29:47,1.05,800,153500
20240102,15:29:53,1.35,200,153500
20240103,09:15:03,1.0,1,152700
20240103,09:15:03,1.0,100,152700
20240103,09:15:19,1.25,50,152700
20240103,09:15:45,1.25,200,152700
20240103,09:15:53,1.05,150,152700
20240103,09:15:54,1.0,300,152700
20240103,09:15:55,1.0,200,152700
20240103,09:16:01,1.05,150,152700
20240103,09:16:08,1.0,400,152700
20240103,09:16:26,1.05,50,152700
20240103,09:16:27,1.05,50,152700
20240103,09:16:33,1.05,50,152700
20240103,09:16:45,1.0,2100,152700
20240103,09:16:47,1.05,50,152700
20240103,09:16:48,1.05,50,152700
20240103,09:16:51,1.05,100,152700
20240103,09:16:56,1.05,300,152700
20240103,09:16:59,1.05,100,152700
20240103,09:17:04,1.05,100,152700
20240103,09:17:05,1.05,600,152700
20240103,09:17:08,1.2,200,152700
20240103,09:17:09,1.2,550,152700
20240103,09:17:09,1.2,200,152700
20240103,09:17:11,1.05,150,152700
20240103,09:17:14,1.05,150,152700
20240103,09:17:16,1.05,300,152700
20240103,09:17:19,1.2,550,152700
20240103,09:17:20,1.2,1600,152700
20240103,09:17:21,1.25,750,152700
20240103,09:17:22,1.05,2900,152700
20240103,09:17:23,1.3,7250,152700
20240103,09:17:25,1.2,200,152700
20240103,09:17:26,1.05,1700,152700
20240103,09:17:27,1.05,4300,152700
20240103,09:17:29,1.05,50,154950
20240103,09:17:32,1.05,50,154950
20240103,09:17:37,1.05,300,154950
20240103,09:17:39,1.05,50,154950
20240103,09:17:39,1.05,600,154950
20240103,09:17:40,1.05,300,154950
20240103,09:17:41,1.05,600,154950
20240103,09:17:43,1.05,300,154950
20240103,09:17:45,1.05,300,154950
20240103,09:17:46,1.05,100,154950
20240103,09:17:48,1.05,400,154950
20240103,09:17:50,1.05,100,154950
20240103,09:17:51,1.05,400,154950
20240103,09:17:53,1.05,300,154950
20240103,09:17:53,1.05,200,154950
20240103,09:18:03,1.05,200,154950
20240103,09:19:00,1.05,100,154950
20240103,09:19:12,1.05,300,154950
20240103,09:19:20,1.1,1050,154950
20240103,09:19:28,1.15,300,154950
20240103,09:19:30,1.1,100,154950
20240103,09:19:31,1.1,550,154950
20240103,09:19:41,1.1,350,154950
20240103,09:19:48,1.1,300,154950
20240103,09:20:07,1.1,50,154950
20240103,09:20:14,1.15,1800,154950
20240103,09:20:14,1.1,350,154950
20240103,09:20:16,1.15,950,154950
20240103,09:20:17,1.15,300,154950
20240103,09:20:28,1.1,1050,158700
20240103,09:20:33,1.1,400,158700
20240103,09:20:39,1.1,200,158700
20240103,09:20:43,1.1,850,158700
20240103,09:20:59,1.1,400,158700
20240103,09:21:32,1.05,2000,158700
20240103,09:21:36,1.05,600,158700
20240103,09:21:51,1.05,1700,158700
20240103,09:23:13,1.05,50,158700
20240103,09:23:57,1.05,200,158500
20240103,09:23:58,1.05,250,158500
20240103,09:24:00,1.05,50,158500
20240103,09:25:00,1.1,50,158500
20240103,09:25:34,1.0,1250,158500
20240103,09:25:37,1.0,950,158500
20240103,09:27:34,1.0,50,158950
20240103,09:27:35,1.0,700,158950
20240103,09:28:01,1.0,350,158950
20240103,09:28:09,1.0,900,158950
20240103,09:28:12,1.0,900,158950
20240103,09:28:15,1.0,900,158950
20240103,09:30:37,1.0,2250,158750
20240103,09:30:37,1.1,2000,158750
20240103,09:30:48,1.0,300,158750
20240103,09:30:53,1.0,50,158750
20240103,09:31:28,1.05,650,158750
20240103,09:32:34,1.0,500,158750
20240103,09:32:43,1.05,50,162500
20240103,09:32:52,1.0,600,162500
20240103,09:33:03,1.05,1800,162500
20240103,09:33:17,1.0,500,162500
20240103,09:33:18,1.05,350,162500
20240103,09:33:33,1.0,700,162500
20240103,09:33:36,1.05,1100,162500
20240103,09:33:49,1.0,700,162500
20240103,09:33:53,1.0,2100,162500
20240103,09:33:57,0.95,200,162500
20240103,09:34:23,0.95,350,162500
20240103,09:34:25,1.0,550,162500
20240103,09:34:29,0.9,50,162500
20240103,09:34:33,0.9,1150,162500
20240103,09:34:33,0.9,250,162500
20240103,09:34:40,1.0,50,162500
20240103,09:34:43,0.95,100,162500
20240103,09:34:45,0.95,200,162500
20240103,09:35:04,1.0,500,162500
20240103,09:35:21,1.0,1300,162500
20240103,09:35:23,0.95,500,162500
20240103,09:35:36,0.95,50,165350
20240103,09:35:38,0.95,300,165350
20240103,09:35:42,1.0,400,165350
20240103,09:35:43,1.0,250,165350
20240103,09:35:47,1.0,250,165350
20240103,09:36:06,0.9,50,165350
20240103,09:36:21,0.95,1600,165350
20240103,09:36:24,0.95,50,165350
20240103,09:36:25,0.95,1000,165350
20240103,09:36:26,0.95,750,165350
20240103,09:37:00,0.95,700,165350
20240103,09:37:07,0.95,200,165350
20240103,09:37:11,0.95,50,165350
20240103,09:39:48,0.95,50,165050
20240103,09:39:49,0.9,150,165050
20240103,09:40:03,0.9,2750,165050
20240103,09:40:40,0.9,500,165050
20240103,09:40:47,0.9,250,165050
20240103,09:41:23,0.85,1800,165050
20240103,09:41:24,0.85,800,165050
20240103,09:41:31,0.85,50,164000
20240103,09:41:32,0.8,3200,164000
20240103,09:41:39,0.8,2050,164000
20240103,09:41:41,0.8,1800,164000
20240103,09:41:45,0.8,2100,164000
20240103,09:42:39,0.8,500,164000
20240103,09:42:41,0.8,1400,164000
20240103,09:43:30,0.8,1500,164000
20240103,09:43:58,0.75,250,164000
20240103,09:44:00,0.75,1250,164000
20240103,09:44:16,0.8,200,164000
20240103,09:44:18,0.7,3200,164000
20240103,09:44:19,0.7,250,164000
20240103,09:44:20,0.7,150,164000
20240103,09:44:21,0.65,2050,164000
20240103,09:44:23,0.7,50,164000
20240103,09:44:25,0.7,50,164000
20240103,09:44:32,0.7,950,157700
20240103,09:44:36,0.65,1800,157700
20240103,09:44:50,0.65,1700,157700
20240103,09:44:57,0.65,100,157700
20240103,09:45:06,0.65,50,157700
20240103,09:45:07,0.65,150,157700
20240103,09:45:09,0.65,2900,157700
20240103,09:45:16,0.65,1050,157700
20240103,09:45:19,0.65,100,157700
20240103,09:45:21,0.65,50,157700
20240103,09:45:30,0.65,1100,157700
20240103,09:45:50,0.65,250,157700
20240103,09:46:06,0.6,1800,157700
20240103,09:46:08,0.6,1800,157700
20240103,09:46:11,0.6,4400,157700
20240103,09:46:51,0.6,900,157700
20240103,09:47:58,0.65,50,149050
20240103,09:48:14,0.6,200,149050
20240103,09:48:31,0.65,50,149050
20240103,09:49:27,0.6,250,149050
20240103,09:49:36,0.65,500,149050
20240103,09:49:45,0.65,900,149050
20240103,09:50:01,0.65,700,149050
20240103,09:50:14,0.65,3450,149050
20240103,09:50:38,0.7,250,144700
20240103,09:50:49,0.7,850,144700
20240103,09:50:56,0.7,50,144700
20240103,09:51:32,0.7,1550,144700
20240103,09:51:42,0.7,650,144700
20240103,09:53:33,0.8,2850,144500
20240103,09:53:33,0.8,150,144500
20240103,09:53:34,0.8,50,144500
20240103,09:53:41,0.7,5400,144500
20240103,09:53:45,0.8,50,144500
20240103,09:53:45,0.7,1250,144500
20240103,09:53:47,0.7,50,144500
20240103,09:53:47,0.7,2600,144500
20240103,09:53:50,0.7,1100,144500
20240103,09:53:54,0.75,800,144500
20240103,09:53:58,0.75,2100,144500
20240103,09:54:52,0.7,350,144500
20240103,09:55:08,0.85,3400,144500
20240103,09:55:13,0.75,1800,144500
20240103,09:55:15,0.75,3300,144500
20240103,09:55:29,0.8,500,144500
20240103,09:55:42,0.8,1400,144500
20240103,09:55:48,0.75,1050,144500
20240103,09:56:07,0.75,100,144500
20240103,09:56:53,0.75,1400,144500
20240103,09:56:54,0.75,600,150400
20240103,09:56:58,0.75,50,150400
20240103,09:57:43,0.7,250,150400
20240103,09:58:06,0.75,1500,150400
20240103,09:58:52,0.8,200,150400
20240103,09:59:18,0.7,250,150400
20240103,09:59:31,0.8,1300,150400
20240103,09:59:35,0.75,300,150400
20240103,09:59:44,0.7,3000,147300
20240103,09:59:44,0.7,7300,147300
20240103,09:59:45,0.75,1850,147300
20240103,09:59:46,0.7,500,147300
20240103,09:59:47,0.7,250,147300
20240103,09:59:56,0.7,600,147300
20240103,10:00:07,0.7,100,147300
20240103,10:00:25,0.7,100,147300
20240103,10:00:26,0.7,900,147300
20240103,10:02:15,0.7,500,147300
20240103,10:02:19,0.7,200,147300
20240103,10:03:07,0.7,250,153900
20240103,10:03:58,0.65,50,153900
20240103,10:04:06,0.7,250,153900
20240103,10:04:08,0.7,250,153900
20240103,10:04:20,0.65,400,153900
20240103,10:06:19,0.7,1000,153900
20240103,10:06:52,0.7,100,152900
20240103,10:07:48,0.7,300,152900
20240103,10:14:39,0.7,900,152900
20240103,10:17:00,0.7,250,151500
20240103,10:21:03,0.65,1250,150350
20240103,10:22:46,0.65,1450,150350
20240103,10:22:48,0.65,250,150350
20240103,10:26:33,0.65,1500,150550
20240103,10:26:37,0.65,200,149100
20240103,10:27:57,0.65,50,149100
20240103,10:28:02,0.65,500,149100
20240103,10:30:04,0.65,350,148450
20240103,10:30:16,0.65,500,148450
20240103,10:30:40,0.65,100,148450
20240103,10:32:44,0.65,250,148450
20240103,10:32:50,0.65,350,147550
20240103,10:35:12,0.75,6650,147550
20240103,10:35:13,0.8,600,147550
20240103,10:35:14,0.8,100,147550
20240103,10:35:19,0.75,6500,147550
20240103,10:35:19,0.8,1800,147550
20240103,10:35:20,0.75,200,147550
20240103,10:35:22,0.8,12800,147550
20240103,10:35:29,0.85,800,147550
20240103,10:35:29,0.85,150,147550
20240103,10:35:30,0.9,4400,147550
20240103,10:35:31,0.9,50,147550
20240103,10:35:32,0.9,850,147550
20240103,10:35:34,0.85,700,147550
20240103,10:35:34,0.9,600,147550
20240103,10:35:36,0.9,2450,147550
20240103,10:35:37,0.9,450,147550
20240103,10:35:38,0.9,650,147550
20240103,10:35:39,0.9,10850,170150
20240103,10:35:40,0.85,800,170150
20240103,10:35:41,0.95,1800,170150
20240103,10:35:42,0.9,2650,170150
20240103,10:35:45,0.95,2450,170150
20240103,10:35:48,0.95,1550,170150
20240103,10:35:49,0.95,550,170150
20240103,10:36:02,1.05,1700,170150
20240103,10:36:03,0.95,1800,170150
20240103,10:36:25,0.95,500,170150
20240103,10:36:26,0.9,1200,170150
20240103,10:36:29,0.9,2250,170150
20240103,10:36:29,0.95,5050,170150
20240103,10:36:31,0.9,1150,170150
20240103,10:36:31,0.9,250,170150
20240103,10:36:34,0.85,200,170150
20240103,10:36:36,0.85,1550,170150
20240103,10:36:37,0.85,400,170150
20240103,10:36:57,0.85,750,170150
20240103,10:36:57,0.85,200,170150
20240103,10:36:58,0.85,50,170150
20240103,10:37:00,0.85,50,170150
20240103,10:37:02,0.85,50,170150
20240103,10:37:03,0.85,50,170150
20240103,10:37:05,0.85,50,170150
20240103,10:37:06,0.85,50,170150
20240103,10:37:07,0.85,50,170150
20240103,10:37:09,0.85,50,170150
20240103,10:37:10,0.85,50,170150
20240103,10:37:11,0.85,50,170150
20240103,10:37:12,0.85,50,170150
20240103,10:37:13,0.85,50,170150
20240103,10:37:15,0.85,50,170150
20240103,10:37:16,0.85,50,170150
20240103,10:37:17,0.85,50,170150
20240103,10:37:18,0.85,50,170150
20240103,10:37:20,0.85,50,170150
20240103,10:37:21,0.85,50,170150
20240103,10:37:22,0.85,50,170150
20240103,10:37:23,0.85,50,170150
20240103,10:37:25,0.85,50,170150
20240103,10:37:37,0.85,500,170150
20240103,10:37:39,0.8,1700,170150
20240103,10:37:39,0.8,300,170150
20240103,10:37:41,0.8,100,170150
20240103,10:37:44,0.8,600,170150
20240103,10:37:44,0.8,50,170150
20240103,10:37:45,0.8,150,170150
20240103,10:39:13,0.75,250,170150
20240103,10:39:55,0.8,50,187850
20240103,10:41:02,0.8,300,187850
20240103,10:41:06,0.8,400,187850
20240103,10:42:04,0.8,250,187350
20240103,10:42:22,0.8,250,187350
20240103,10:43:22,0.75,700,187350
20240103,10:43:24,0.75,50,187350
20240103,10:45:19,0.7,250,187150
20240103,10:45:31,0.7,100,187150
20240103,10:45:38,0.7,50,187150
20240103,10:46:16,0.7,2150,187150
20240103,10:46:25,0.65,50,187150
20240103,11:19:11,0.7,600,186750
20240103,11:20:11,0.7,650,186750
20240103,11:21:13,0.75,2750,186750
20240103,11:21:14,0.75,50,186300
20240103,11:23:49,0.75,250,187750
20240103,11:24:16,0.85,4200,187750
20240103,11:24:58,0.85,550,187750
20240103,11:25:00,0.85,50,187750
20240103,11:25:06,0.85,1700,187750
20240103,11:26:22,0.9,1950,187750
20240103,11:26:27,0.9,200,187750
20240103,11:26:29,0.9,650,187750
20240103,11:26:30,0.9,100,187750
20240103,11:26:31,0.9,50,187750
20240103,11:26:33,0.9,50,187750
20240103,11:26:36,0.9,50,187750
20240103,11:26:38,0.85,200,187750
20240103,11:26:43,0.85,500,187750
20240103,11:26:46,0.85,200,194900
20240103,11:28:10,0.75,1100,194900
20240103,11:28:50,0.75,1000,194900
20240103,11:30:53,0.8,100,194900
20240103,11:30:53,0.8,500,194900
20240103,11:31:06,0.8,50,194900
20240103,11:31:12,0.8,50,194900
20240103,11:32:18,0.75,1000,194900
20240103,11:32:18,0.75,50,194900
20240103,11:36:29,0.8,250,194900
20240103,11:38:06,0.8,250,194900
20240103,11:39:49,0.75,1000,194900
20240103,11:41:51,0.75,1200,194900
20240103,11:41:53,0.75,50,194900
20240103,11:42:08,0.75,600,194900
20240103,11:49:43,0.8,300,194950
20240103,11:51:02,0.8,300,194950
20240103,11:51:02,0.9,8600,194950
20240103,11:51:04,0.9,450,194950
20240103,11:51:10,0.9,50,194950
20240103,11:51:11,0.9,50,194950
20240103,11:51:18,0.9,1300,194950
20240103,11:51:20,0.9,50,194950
20240103,11:51:21,0.9,100,194950
20240103,11:51:24,0.9,150,194950
20240103,11:51:26,0.9,150,194950
20240103,11:51:27,0.9,1200,194950
20240103,11:51:28,0.95,900,194950
20240103,11:51:29,0.95,650,194950
20240103,11:51:32,0.95,1550,194950
20240103,11:51:33,0.95,1150,194950
20240103,11:52:20,0.85,1550,194950
20240103,11:52:20,0.85,50,194950
20240103,11:52:24,0.85,50,194950
20240103,11:52:25,0.85,100,194950
20240103,11:52:27,0.85,100,194950
20240103,11:52:32,0.85,100,194950
20240103,11:53:43,0.9,50,194950
20240103,11:55:26,0.85,50,208050
20240103,11:56:03,0.85,800,208050
20240103,11:57:16,0.85,250,208300
20240103,11:57:26,0.85,250,208300
20240103,11:58:23,0.85,250,208300
20240103,11:59:11,0.85,50,208300
20240103,11:59:12,0.85,150,208300
20240103,11:59:14,0.85,50,208300
20240103,12:00:59,0.85,50,208200
20240103,12:01:01,0.85,100,208200
20240103,12:01:04,0.85,100,208200
20240103,12:01:14,0.85,50,208200
20240103,12:01:32,0.8,1050,208200
20240103,12:01:33,0.8,150,208200
20240103,12:10:52,0.75,1450,208300
20240103,12:10:52,0.7,2250,208300
20240103,12:11:09,0.7,1000,208300
20240103,12:11:10,0.65,1800,208300
20240103,12:12:19,0.7,1750,208300
20240103,12:28:20,0.65,50,203650
20240103,12:28:29,0.6,500,205050
20240103,12:28:34,0.6,700,205050
20240103,12:29:25,0.55,850,205050
20240103,12:29:33,0.55,200,205050
20240103,12:30:04,0.55,350,204000
20240103,12:30:09,0.55,550,204000
20240103,12:30:16,0.55,100,204000
20240103,12:31:17,0.5,2000,204000
20240103,12:31:22,0.5,550,204000
20240103,12:40:40,0.5,300,200950
20240103,12:41:37,0.65,400,200950
20240103,12:43:53,0.55,400,200950
20240103,12:49:17,0.7,2400,200650
20240103,12:49:18,0.75,1800,200650
20240103,12:49:19,0.75,3950,200650
20240103,12:49:20,0.8,5100,200650
20240103,12:49:21,0.85,2450,200650
20240103,12:49:22,0.8,750,200650
20240103,12:49:23,0.85,2700,200650
20240103,12:49:38,0.75,50,200650
20240103,12:49:39,0.85,3050,200650
20240103,12:49:40,0.8,650,200650
20240103,12:49:42,0.8,50,200650
20240103,12:49:45,0.8,50,200650
20240103,12:50:01,0.8,1000,200650
20240103,12:50:05,0.8,350,200650
20240103,12:50:06,0.8,1500,200650
20240103,12:50:10,0.75,50,200650
20240103,12:50:32,0.75,600,200650
20240103,12:50:48,0.75,50,200650
20240103,12:50:55,0.75,100,200650
20240103,12:51:00,0.75,250,200650
20240103,12:51:13,0.75,250,220500
20240103,12:54:25,0.8,4500,220300
20240103,12:54:26,0.8,850,220300
20240103,12:54:28,0.7,1350,220300
20240103,12:54:29,0.7,1300,220300
20240103,12:54:33,0.75,250,220300
20240103,12:54:34,0.8,2800,220300
20240103,12:54:35,0.8,1200,220300
20240103,12:54:36,0.85,3300,220300
20240103,12:54:37,0.85,1650,220300
20240103,12:54:38,0.75,650,220300
20240103,12:54:39,0.8,600,220300
20240103,12:54:41,0.85,700,220300
20240103,12:54:42,0.8,50,220300
20240103,12:54:43,0.95,6000,220300
20240103,12:54:44,0.9,1600,220300
20240103,12:54:48,0.9,500,220300
20240103,12:54:53,0.9,350,220300
20240103,12:54:55,0.85,50,220300
20240103,12:54:56,0.85,50,220300
20240103,12:54:57,0.85,100,220300
20240103,12:54:58,0.85,300,220300
20240103,12:54:59,0.85,100,220300
20240103,12:55:00,0.95,2100,220300
20240103,12:55:02,0.9,2900,220300
20240103,12:55:04,0.9,400,220300
20240103,12:55:05,0.9,500,220300
20240103,12:55:06,0.9,100,220300
20240103,12:55:07,0.85,1000,220300
20240103,12:55:13,0.85,600,220300
20240103,12:55:14,0.85,50,220300
20240103,12:55:15,0.85,650,220300
20240103,12:55:16,0.85,400,220300
20240103,12:55:17,0.85,400,220300
20240103,12:55:18,0.85,100,220300
20240103,12:55:22,0.85,600,220300
20240103,12:55:23,0.9,1800,220300
20240103,12:55:24,0.85,100,220300
20240103,12:55:33,0.85,1000,220300
20240103,12:55:37,0.85,50,220300
20240103,12:55:39,0.85,100,220300
20240103,12:55:41,0.85,100,220300
20240103,12:55:44,0.85,50,220300
20240103,12:55:46,0.85,50,220300
20240103,12:55:47,0.85,50,220300
20240103,12:55:49,0.85,50,220300
20240103,12:55:52,0.85,50,220300
20240103,12:55:54,0.85,700,220300
20240103,12:56:06,0.85,1800,220300
20240103,12:56:07,0.85,150,220300
20240103,12:56:09,0.85,400,220300
20240103,12:56:10,0.8,3550,220300
20240103,12:56:12,0.85,50,220300
20240103,12:56:13,0.85,500,220300
20240103,12:56:14,0.85,100,220300
20240103,12:56:17,0.85,400,220300
20240103,12:56:18,0.85,500,220300
20240103,12:56:19,0.85,200,220300
20240103,12:56:41,0.9,2150,220300
20240103,12:56:44,0.9,2000,220300
20240103,12:56:48,0.85,600,220300
20240103,12:56:49,0.9,1950,220300
20240103,12:56:50,0.9,50,220300
20240103,12:56:51,0.9,400,220300
20240103,12:56:53,0.95,3550,220300
20240103,12:56:53,0.9,1100,220300
20240103,12:56:56,0.9,2400,220300
20240103,12:56:57,1.05,6100,220300
20240103,12:56:58,1.1,1900,220300
20240103,12:57:00,0.95,100,220300
20240103,12:57:00,1.0,2250,220300
20240103,12:57:01,0.9,1000,275250
20240103,12:57:05,0.9,1000,275250
20240103,12:57:08,0.9,1000,275250
20240103,12:57:09,0.9,50,275250
20240103,12:57:12,0.9,100,275250
20240103,12:57:15,0.9,100,275250
20240103,12:57:17,0.9,500,275250
20240103,12:57:18,0.9,50,275250
20240103,12:57:18,0.9,100,275250
20240103,12:57:19,0.9,500,275250
20240103,12:57:21,0.9,650,275250
20240103,12:57:22,0.9,300,275250
20240103,12:57:23,0.9,300,275250
20240103,12:57:24,0.9,500,275250
20240103,12:57:25,0.9,250,275250
20240103,12:57:26,0.9,400,275250
20240103,12:57:28,0.9,600,275250
20240103,12:57:29,0.9,350,275250
20240103,12:57:30,0.9,350,275250
20240103,12:57:31,0.9,50,275250
20240103,12:58:34,0.85,800,275250
20240103,12:58:36,0.85,700,275250
20240103,12:58:37,0.85,1050,275250
20240103,12:58:39,0.85,50,275250
20240103,12:58:50,0.85,750,275250
20240103,12:58:54,0.85,50,275250
20240103,12:59:02,0.85,50,275250
20240103,12:59:07,0.85,50,275250
20240103,12:59:09,0.85,50,275250
20240103,12:59:14,0.85,50,275250
20240103,12:59:19,0.85,50,275250
20240103,12:59:23,0.85,50,275250
20240103,12:59:27,0.85,50,275250
20240103,12:59:32,0.85,50,275250
20240103,12:59:36,0.85,50,275250
20240103,12:59:40,0.85,50,275250
20240103,12:59:43,0.85,50,275250
20240103,12:59:46,0.85,250,275250
20240103,12:59:50,0.85,50,275250
20240103,12:59:54,0.85,50,275250
20240103,12:59:56,0.85,50,275250
20240103,12:59:59,0.85,100,275250
20240103,13:00:52,0.85,50,275250
20240103,13:00:57,0.85,50,277150
20240103,13:00:59,0.9,1800,277150
20240103,13:01:00,0.85,50,277150
20240103,13:01:01,0.85,50,277150
20240103,13:01:02,0.85,50,277150
20240103,13:01:04,0.85,50,277150
20240103,13:01:05,0.85,50,277150
20240103,13:01:06,0.85,50,277150
20240103,13:01:07,0.85,50,277150
20240103,13:01:08,0.85,1700,277150
20240103,13:01:10,0.85,350,277150
20240103,13:01:15,0.85,250,277150
20240103,13:02:18,0.8,500,277150
20240103,13:04:00,0.85,50,277150
20240103,13:04:04,0.9,50,279450
20240103,13:04:22,0.9,1800,279450
20240103,13:04:26,0.95,2400,279450
20240103,13:04:27,0.95,1900,279450
20240103,13:04:28,0.95,3550,279450
20240103,13:04:29,0.9,400,279450
20240103,13:04:30,0.95,50,279450
20240103,13:04:31,0.9,500,279450
20240103,13:04:32,0.9,50,279450
20240103,13:04:33,0.95,1350,279450
20240103,13:04:34,0.9,3500,279450
20240103,13:04:36,0.95,50,279450
20240103,13:04:37,0.9,50,279450
20240103,13:04:38,0.9,1100,279450
20240103,13:04:39,0.9,100,279450
20240103,13:04:40,0.9,50,279450
20240103,13:04:41,0.9,50,279450
20240103,13:04:42,0.9,50,279450
20240103,13:04:43,0.9,100,279450
20240103,13:04:44,0.9,550,279450
20240103,13:04:46,0.9,50,279450
20240103,13:04:51,0.9,600,279450
20240103,13:04:51,0.95,1350,279450
20240103,13:04:52,0.9,50,279450
20240103,13:04:54,0.9,100,279450
20240103,13:04:56,0.9,50,279450
20240103,13:04:57,0.9,50,279450
20240103,13:04:58,0.9,50,279450
20240103,13:04:59,0.9,50,279450
20240103,13:05:01,0.9,50,279450
20240103,13:05:01,0.9,100,279450
20240103,13:05:02,0.9,50,279450
20240103,13:05:03,0.9,250,279450
20240103,13:05:04,0.9,50,279450
20240103,13:05:05,0.9,250,279450
20240103,13:05:07,0.9,250,279450
20240103,13:05:12,0.9,200,279450
20240103,13:06:15,0.85,550,292550
20240103,13:06:16,0.85,50,292550
20240103,13:06:17,0.85,50,292550
20240103,13:06:18,0.85,500,292550
20240103,13:06:19,0.85,100,292550
20240103,13:06:21,0.85,50,292550
20240103,13:06:22,0.85,50,292550
20240103,13:06:24,0.85,50,292550
20240103,13:06:36,0.85,2300,292550
20240103,13:06:45,0.8,1000,292550
20240103,13:06:46,0.85,350,292550
20240103,13:07:13,0.85,300,292550
20240103,13:07:28,0.8,50,292550
20240103,13:07:35,0.8,50,292550
20240103,13:07:42,0.8,50,292550
20240103,13:07:52,0.8,500,292550
20240103,13:08:10,0.85,200,292550
20240103,13:08:47,0.85,400,292550
20240103,13:10:21,0.8,100,292650
20240103,13:10:50,0.8,50,292650
20240103,13:10:53,0.8,700,292650
20240103,13:11:06,0.8,1100,292650
20240103,13:11:07,0.8,300,292650
20240103,13:11:18,0.8,1350,292650
20240103,13:11:36,0.8,100,292650
20240103,13:11:47,0.8,100,292650
20240103,13:11:51,0.8,100,292650
20240103,13:11:53,0.8,100,292650
20240103,13:11:55,0.8,100,292650
20240103,13:11:56,0.8,100,292650
20240103,13:11:58,0.8,100,292650
20240103,13:12:11,0.8,3800,292650
20240103,13:12:13,0.8,50,293350
20240103,13:12:16,0.85,50,293350
20240103,13:12:19,0.8,1500,293350
20240103,13:12:22,0.8,100,293350
20240103,13:12:23,0.8,50,293350
20240103,13:13:16,0.8,300,293350
20240103,13:13:30,0.8,300,293350
20240103,13:16:04,0.7,1350,294150
20240103,13:16:07,0.8,50,294150
20240103,13:16:46,0.8,200,294150
20240103,13:18:49,0.8,750,295050
20240103,13:23:27,0.8,2050,295050
20240103,13:24:28,0.8,600,294700
20240103,13:24:58,0.8,500,294850
20240103,13:25:10,0.8,1400,294850
20240103,13:25:14,0.8,150,294850
20240103,13:25:17,0.8,2300,294850
20240103,13:26:08,0.8,1400,294850
20240103,13:28:03,0.75,450,294850
20240103,13:28:06,0.75,300,298400
20240103,13:28:07,0.75,100,298400
20240103,13:28:09,0.75,200,298400
20240103,13:28:10,0.75,100,298400
20240103,13:28:11,0.75,100,298400
20240103,13:28:12,0.75,200,298400
20240103,13:28:13,0.75,100,298400
20240103,13:28:15,0.75,400,298400
20240103,13:28:16,0.75,2150,298400
20240103,13:28:17,0.75,250,298400
20240103,13:28:18,0.75,500,298400
20240103,13:28:19,0.75,50,298400
20240103,13:28:20,0.75,50,298400
20240103,13:28:21,0.75,50,298400
20240103,13:28:22,0.75,400,298400
20240103,13:28:24,0.75,350,298400
20240103,13:28:25,0.75,100,298400
20240103,13:28:27,0.75,350,298400
20240103,13:28:29,0.75,350,298400
20240103,13:28:30,0.75,50,298400
20240103,13:28:31,0.75,1100,298400
20240103,13:31:32,0.8,50,298400
20240103,13:31:32,0.8,50,298000
20240103,13:31:34,0.8,50,298000
20240103,13:31:35,0.8,50,298000
20240103,13:31:37,0.8,50,298000
20240103,13:31:38,0.8,50,298000
20240103,13:31:39,0.8,50,298000
20240103,13:31:44,0.8,50,298000
20240103,13:31:45,0.8,50,298000
20240103,13:31:47,0.8,50,298000
20240103,13:31:48,0.8,50,298000
20240103,13:31:49,0.8,50,298000
20240103,13:31:50,0.8,50,298000
20240103,13:31:53,0.8,50,298000
20240103,13:31:57,0.8,50,298000
20240103,13:31:58,0.8,50,298000
20240103,13:31:59,0.8,50,298000
20240103,13:32:00,0.8,50,298000
20240103,13:32:02,0.8,50,298000
20240103,13:32:03,0.8,50,298000
20240103,13:32:04,0.8,50,298000
20240103,13:32:05,0.8,50,298000
20240103,13:32:07,0.8,50,298000
20240103,13:32:10,0.8,50,298000
20240103,13:32:12,0.8,50,298000
20240103,13:33:40,0.8,50,298000
20240103,13:36:27,0.75,850,297650
20240103,13:36:28,0.75,200,297650
20240103,13:36:29,0.75,100,297650
20240103,13:36:30,0.75,550,297650
20240103,13:36:31,0.75,300,297650
20240103,13:36:32,0.75,650,297650
20240103,13:36:33,0.75,250,297650
20240103,13:36:34,0.75,50,297650
20240103,13:36:35,0.75,100,297650
20240103,13:36:37,0.75,100,297650
20240103,13:36:41,0.75,300,297650
20240103,13:36:41,0.75,850,297650
20240103,13:36:42,0.75,50,297650
20240103,13:36:43,0.75,400,297650
20240103,13:36:44,0.75,300,297650
20240103,13:36:48,0.75,300,297650
20240103,13:36:50,0.75,300,297650
20240103,13:37:02,0.75,800,297650
20240103,13:37:05,0.75,2100,297650
20240103,13:37:55,0.75,300,297650
20240103,13:37:57,0.75,100,297650
20240103,13:38:16,0.75,350,297650
20240103,13:38:17,0.75,100,297650
20240103,13:38:19,0.75,50,297650
20240103,13:38:20,0.75,50,297650
20240103,13:38:22,0.75,50,297650
20240103,13:38:39,0.75,50,297650
20240103,13:38:40,0.75,50,297650
20240103,13:38:42,0.75,50,297650
20240103,13:38:44,0.75,50,297650
20240103,13:38:45,0.75,50,297650
20240103,13:38:46,0.7,50,297650
20240103,13:38:47,0.75,100,297650
20240103,13:38:49,0.75,50,297650
20240103,13:38:50,0.75,50,297650
20240103,13:38:52,0.75,50,297650
20240103,13:38:54,0.75,50,297650
20240103,13:38:55,0.75,50,297650
20240103,13:38:57,0.75,50,297650
20240103,13:38:59,0.75,50,297650
20240103,13:39:00,0.75,50,297650
20240103,13:39:08,0.75,250,299350
20240103,13:39:13,0.75,100,299350
20240103,13:45:06,0.75,400,299350
20240103,13:45:07,0.75,50,299350
20240103,13:45:16,0.75,100,299750
20240103,13:45:21,0.75,100,299750
20240103,13:45:23,0.75,300,299750
20240103,13:45:26,0.75,100,299750
20240103,13:45:28,0.75,100,299750
20240103,13:45:31,0.75,100,299750
20240103,13:45:33,0.75,100,299750
20240103,13:45:35,0.75,100,299750
20240103,13:45:37,0.75,100,299750
20240103,13:45:45,0.75,50,299750
20240103,13:45:48,0.75,50,299750
20240103,13:45:50,0.75,50,299750
20240103,13:45:52,0.75,50,299750
20240103,13:45:53,0.7,300,299750
20240103,13:45:55,0.75,50,299750
20240103,13:49:50,0.8,400,299600
20240103,13:50:32,0.75,50,299600
20240103,13:50:34,0.75,50,299600
20240103,13:50:39,0.75,50,299600
20240103,13:50:44,0.75,50,299600
20240103,13:50:47,0.75,50,299600
20240103,13:50:50,0.75,50,299600
20240103,13:50:52,0.75,50,299600
20240103,13:50:53,0.75,50,299600
20240103,13:50:56,0.75,50,299600
20240103,13:51:00,0.75,50,299600
20240103,13:51:02,0.75,50,299600
20240103,13:51:05,0.75,50,299600
20240103,13:51:09,0.75,50,299200
20240103,13:51:15,0.75,50,299200
20240103,13:51:21,0.75,50,299200
20240103,13:51:22,0.75,50,299200
20240103,13:51:26,0.75,50,299200
20240103,13:51:34,0.75,50,299200
20240103,13:55:15,0.7,2400,299150
20240103,13:55:16,0.7,100,299150
20240103,13:55:18,0.7,300,299150
20240103,13:55:19,0.7,100,299150
20240103,13:55:21,0.7,300,299150
20240103,13:55:22,0.7,100,299150
20240103,13:55:23,0.7,600,299150
20240103,13:55:24,0.7,150,299150
20240103,13:55:25,0.7,600,299150
20240103,13:55:26,0.7,250,299150
20240103,13:55:27,0.7,200,299150
20240103,13:55:28,0.7,50,299150
20240103,13:55:29,0.7,150,299150
20240103,13:55:30,0.7,600,299150
20240103,13:55:31,0.7,50,299150
20240103,13:55:32,0.7,50,299150
20240103,13:55:33,0.7,50,299150
20240103,13:55:34,0.7,150,299150
20240103,13:55:35,0.7,50,299150
20240103,13:55:36,0.7,550,299150
20240103,13:55:37,0.6,4500,299150
20240103,13:55:38,0.65,2150,299150
20240103,13:55:39,0.6,5600,299150
20240103,13:55:40,0.65,1250,299150
20240103,13:55:41,0.7,100,299150
20240103,13:55:42,0.65,50,299150
20240103,13:55:43,0.6,7000,299150
20240103,13:55:44,0.65,100,299150
20240103,13:55:46,0.65,50,299150
20240103,13:55:47,0.65,50,299150
20240103,13:55:49,0.65,50,299150
20240103,13:55:50,0.65,50,299150
20240103,13:55:51,0.65,50,299150
20240103,13:55:52,0.65,50,299150
20240103,13:55:54,0.65,50,299150
20240103,13:55:55,0.65,50,299150
20240103,13:55:56,0.65,50,299150
20240103,13:55:57,0.7,1850,299150
20240103,13:55:59,0.7,100,299150
20240103,13:56:01,0.7,50,299150
20240103,13:56:02,0.7,50,299150
20240103,13:56:04,0.7,100,299150
20240103,13:56:06,0.7,50,299150
20240103,13:56:07,0.7,50,299150
20240103,13:56:09,0.7,50,299150
20240103,13:56:10,0.7,50,299150
20240103,13:56:12,0.7,100,299150
20240103,13:56:14,0.7,100,299150
20240103,13:56:16,0.7,50,299150
20240103,13:56:17,0.7,50,299150
20240103,13:56:19,0.7,50,299150
20240103,13:56:20,0.7,50,299150
20240103,13:56:21,0.7,50,299150
20240103,13:56:22,0.7,50,299150
20240103,13:56:24,0.7,50,299150
20240103,13:56:25,0.7,50,299150
20240103,13:56:26,0.7,50,299150
20240103,13:56:27,0.7,50,299150
20240103,13:56:29,0.7,100,299150
20240103,13:56:31,0.7,50,299150
20240103,13:56:32,0.7,50,299150
20240103,13:56:34,0.7,50,299150
20240103,13:56:35,0.7,50,299150
20240103,13:56:36,0.7,50,299150
20240103,13:56:37,0.7,50,299150
20240103,13:56:39,0.7,100,299150
20240103,13:56:41,0.7,50,299150
20240103,13:56:42,0.7,50,299150
20240103,13:56:44,0.7,100,299150
20240103,13:56:46,0.7,50,299150
20240103,13:56:47,0.7,50,299150
20240103,13:56:49,0.7,100,299150
20240103,13:56:51,0.7,150,299150
20240103,13:56:54,0.7,100,299150
20240103,13:56:56,0.7,100,299150
20240103,13:56:59,0.7,100,299150
20240103,13:57:00,0.7,100,299150
20240103,13:57:02,0.7,350,299150
20240103,13:57:03,0.7,250,299150
20240103,13:57:04,0.7,550,299150
20240103,13:57:05,0.7,450,299150
20240103,13:57:07,0.7,150,299150
20240103,13:57:19,0.7,50,282400
20240103,13:57:23,0.7,200,282400
20240103,13:57:29,0.7,50,282400
20240103,14:00:13,0.65,600,282400
20240103,14:00:14,0.65,100,282400
20240103,14:00:15,0.65,200,282400
20240103,14:00:17,0.65,250,282400
20240103,14:00:39,0.65,2100,282400
20240103,14:01:08,0.65,300,282400
20240103,14:09:04,0.65,400,282400
20240103,14:09:05,0.65,50,282850
20240103,14:09:10,0.65,100,282850
20240103,14:11:56,0.65,200,282600
20240103,14:13:03,0.65,300,282600
20240103,14:16:08,0.65,250,282350
20240103,14:17:07,0.65,200,282150
20240103,14:17:56,0.6,800,282150
20240103,14:17:57,0.6,1850,282150
20240103,14:18:00,0.55,1100,282150
20240103,14:18:17,0.65,50,279500
20240103,14:20:20,0.55,1750,279500
20240103,14:21:11,0.55,550,279500
20240103,14:21:19,0.55,100,277800
20240103,14:22:02,0.5,2050,277800
20240103,14:22:06,0.6,500,277800
20240103,14:24:56,0.55,250,275700
20240103,14:27:48,0.55,1500,275700
20240103,14:27:57,0.55,300,275650
20240103,14:28:03,0.55,750,275650
20240103,14:30:13,0.5,300,275650
20240103,14:30:32,0.6,350,275650
20240103,14:30:37,0.6,100,275500
20240103,14:33:13,0.5,500,275500
20240103,14:33:53,0.5,1500,275800
20240103,14:34:36,0.5,300,275800
20240103,14:34:38,0.55,400,275800
20240103,14:34:42,0.5,1000,275800
20240103,14:34:42,0.5,800,275800
20240103,14:34:54,0.5,50,275800
20240103,14:36:48,0.45,700,277350
20240103,14:37:24,0.5,500,277350
20240103,14:38:42,0.45,250,277350
20240103,14:39:34,0.45,500,278050
20240103,14:39:46,0.45,500,278050
20240103,14:40:18,0.45,300,278050
20240103,14:40:26,0.45,350,278050
20240103,14:44:19,0.4,1800,278050
20240103,14:45:08,0.4,400,278000
20240103,14:45:13,0.45,350,278000
20240103,14:46:18,0.4,100,278000
20240103,14:46:52,0.4,200,278650
20240103,14:49:26,0.4,500,278650
20240103,14:49:37,0.4,1000,278300
20240103,14:50:12,0.4,400,278300
20240103,14:51:46,0.45,250,278300
20240103,14:52:09,0.45,300,278500
20240103,14:52:18,0.45,250,278500
20240103,14:53:40,0.4,500,278500
20240103,14:55:54,0.45,2400,278500
20240103,14:56:53,0.4,400,278500
20240103,15:02:04,0.45,100,280150
20240103,15:03:01,0.4,200,280150
20240103,15:03:04,0.4,400,280150
20240103,15:03:06,0.4,200,280150
20240103,15:03:07,0.4,200,280150
20240103,15:03:08,0.4,200,280150
20240103,15:03:09,0.4,1000,280150
20240103,15:03:28,0.4,200,280150
20240103,15:03:29,0.4,600,280150
20240103,15:03:31,0.4,200,280150
20240103,15:03:32,0.4,200,280150
20240103,15:03:33,0.4,600,280150
20240103,15:03:39,0.4,850,280150
20240103,15:03:41,0.45,500,280150
20240103,15:05:35,0.45,700,280150
20240103,15:08:26,0.35,250,280250
20240103,15:08:43,0.35,350,280250
20240103,15:08:59,0.35,250,280250
20240103,15:09:12,0.4,50,280250
20240103,15:10:14,0.4,1600,280650
20240103,15:10:15,0.4,1550,280650
20240103,15:10:16,0.35,400,280650
20240103,15:10:17,0.4,1450,280650
20240103,15:10:18,0.4,400,280650
20240103,15:10:24,0.4,1250,280650
20240103,15:10:32,0.4,1350,280650
20240103,15:10:40,0.4,900,280650
20240103,15:10:52,0.35,250,280650
20240103,15:10:56,0.35,250,280650
20240103,15:10:57,0.35,300,280650
20240103,15:13:07,0.35,450,278850
20240103,15:13:43,0.35,650,278850
20240103,15:13:45,0.35,250,278850
20240103,15:14:23,0.35,600,278850
20240103,15:15:37,0.35,650,278850
20240103,15:20:50,0.35,500,278850
20240103,15:21:44,0.4,800,278850
20240103,15:22:29,0.4,200,278850
20240103,15:22:34,0.4,600,278850
20240103,15:22:53,0.4,600,278850
20240103,15:23:02,0.4,1800,278850
20240103,15:23:03,0.4,800,278850
20240103,15:23:40,0.4,2000,278850
20240103,15:23:43,0.35,7200,278850
20240103,15:23:44,0.35,19800,278850
20240103,15:23:45,0.35,10800,278850
20240103,15:23:46,0.35,21600,278850
20240103,15:23:47,0.35,23400,278850
20240103,15:23:48,0.35,9000,278850
20240103,15:23:49,0.35,18000,278850
20240103,15:23:50,0.35,25200,278850
20240103,15:23:51,0.35,23400,278850
20240103,15:23:52,0.35,12600,278850
20240103,15:23:53,0.35,23400,278850
20240103,15:23:54,0.35,18000,278850
20240103,15:23:55,0.35,23400,278850
20240103,15:23:56,0.35,19800,278850
20240103,15:23:57,0.35,10800,278850
20240103,15:23:58,0.35,19800,278850
20240103,15:23:59,0.35,21600,278850
20240103,15:24:00,0.35,19800,278850
20240103,15:24:01,0.35,19800,278850
20240103,15:24:02,0.35,23400,278850
20240103,15:24:03,0.35,18000,278850
20240103,15:24:04,0.35,12600,278850
20240103,15:24:05,0.35,19800,278850
20240103,15:24:06,0.35,28800,278850
20240103,15:24:07,0.35,10800,278850
20240103,15:24:08,0.35,23400,278850
20240103,15:24:09,0.35,21600,278850
20240103,15:24:10,0.35,21600,278850
20240103,15:24:11,0.35,14400,278850
20240103,15:24:12,0.35,23400,278850
20240103,15:24:13,0.35,12600,278850
20240103,15:24:14,0.35,19800,278850
20240103,15:24:15,0.35,21600,278850
20240103,15:24:16,0.35,21600,278850
20240103,15:24:17,0.35,10800,278850
20240103,15:24:18,0.35,19800,278850
20240103,15:24:19,0.35,3600,278850
20240103,15:24:23,0.4,7200,952050
20240103,15:24:24,0.4,50,952050
20240103,15:25:30,0.35,1000,952050
20240103,15:25:42,0.35,400,952050
20240103,15:25:52,0.35,50,952050
20240103,15:28:20,0.35,250,952050
20240103,15:29:32,0.4,50,954000
20240103,15:29:58,0.25,1100,954000
20240104,09:15:06,0.3,1,952800
20240104,09:15:06,0.3,150,952800
20240104,09:15:07,0.3,1350,952800
20240104,09:15:08,0.3,2000,952800
20240104,09:15:12,0.3,100,952800
20240104,09:15:36,0.3,900,952800
20240104,09:15:38,0.35,600,952800
20240104,09:15:41,0.35,50,952800
20240104,09:15:49,0.25,100,952800
20240104,09:16:03,0.25,450,952800
20240104,09:16:04,0.3,1300,952800
20240104,09:16:11,0.3,200,952800
20240104,09:16:20,0.3,1000,952800
20240104,09:16:43,0.25,1000,952800
20240104,09:16:44,0.25,950,952800
20240104,09:16:46,0.25,650,952800
20240104,09:16:47,0.25,300,952800
20240104,09:17:03,0.25,50,952800
20240104,09:17:05,0.25,50,952800
20240104,09:17:08,0.25,50,952800
20240104,09:17:13,0.2,50,952800
20240104,09:17:19,0.2,50,952800
20240104,09:17:50,0.2,1350,956250
20240104,09:17:51,0.2,19900,956250
20240104,09:17:52,0.25,19800,956250
20240104,09:17:53,0.25,14400,956250
20240104,09:17:54,0.25,18000,956250
20240104,09:17:55,0.25,19800,956250
20240104,09:17:56,0.25,21600,956250
20240104,09:17:57,0.25,23400,956250
20240104,09:17:58,0.25,23400,956250
20240104,09:17:59,0.25,10800,956250
20240104,09:18:00,0.25,23400,956250
20240104,09:18:01,0.25,16200,956250
20240104,09:18:02,0.25,19800,956250
20240104,09:18:03,0.25,21600,956250
20240104,09:18:04,0.25,16200,956250
20240104,09:18:05,0.25,19800,956250
20240104,09:18:06,0.25,19800,956250
20240104,09:18:07,0.25,18000,956250
20240104,09:18:08,0.25,19800,956250
20240104,09:18:09,0.25,27000,956250
20240104,09:18:10,0.25,10800,956250
20240104,09:18:11,0.25,19800,956250
20240104,09:18:12,0.25,19800,956250
20240104,09:18:13,0.25,32400,956250
20240104,09:18:14,0.25,18000,956250
20240104,09:18:16,0.25,22600,956250
20240104,09:18:17,0.25,18000,956250
20240104,09:18:18,0.25,23400,956250
20240104,09:18:19,0.25,19800,956250
20240104,09:18:20,0.25,14400,956250
20240104,09:18:21,0.25,25200,956250
20240104,09:18:22,0.25,18000,956250
20240104,09:18:23,0.25,18000,956250
20240104,09:18:24,0.25,25200,956250
20240104,09:18:25,0.25,3600,956250
20240104,09:18:26,0.25,21650,956250
20240104,09:18:27,0.25,18000,956250
20240104,09:18:31,0.25,50,956250
20240104,09:18:41,0.3,1450,956250
20240104,09:18:43,0.25,50,956250
20240104,09:18:49,0.25,50,956250
20240104,09:18:50,0.25,1800,956250
20240104,09:18:50,0.25,50,956250
20240104,09:18:51,0.25,1800,956250
20240104,09:18:54,0.25,50,956250
20240104,09:19:01,0.25,300,956250
20240104,09:19:31,0.25,250,956250
20240104,09:19:33,0.25,250,956250
20240104,09:19:35,0.25,1750,956250
20240104,09:19:36,0.25,750,956250
20240104,09:19:36,0.25,1500,956250
20240104,09:19:37,0.25,500,956250
20240104,09:19:40,0.25,500,956250
20240104,09:19:42,0.25,250,956250
20240104,09:19:42,0.25,700,956250
20240104,09:19:53,0.2,50,956250
20240104,09:21:32,0.25,3300,284100
20240104,09:21:59,0.25,50,284100
20240104,09:26:23,0.2,1800,282100
20240104,09:27:35,0.2,1800,282100
20240104,09:27:42,0.25,350,282100
20240104,09:28:02,0.25,500,282100
20240104,09:28:03,0.2,7000,282100
20240104,09:28:08,0.2,200,282100
20240104,09:28:14,0.2,350,282100
20240104,09:28:17,0.2,550,282100
20240104,09:28:18,0.15,3600,282100
20240104,09:28:21,0.15,3600,282100
20240104,09:28:25,0.15,1800,282100
20240104,09:28:26,0.15,1800,282100
20240104,09:28:28,0.15,9100,282100
20240104,09:28:29,0.15,1800,282100
20240104,09:28:30,0.15,4200,282100
20240104,09:28:31,0.2,4200,282100
20240104,09:28:32,0.15,3700,282100
20240104,09:28:33,0.2,6100,282100
20240104,09:28:34,0.2,1900,282100
20240104,09:28:38,0.2,2200,282100
20240104,09:28:40,0.15,1800,282100
20240104,09:28:42,0.15,1800,282100
20240104,09:28:45,0.2,700,282100
20240104,09:28:52,0.2,2800,282100
20240104,09:28:57,0.15,1800,282100
20240104,09:29:03,0.15,2500,282100
20240104,09:29:15,0.2,50,282100
20240104,09:29:20,0.2,1000,282100
20240104,09:30:04,0.2,250,256700
20240104,09:30:25,0.2,1050,256700
20240104,09:30:33,0.2,400,256700
20240104,09:30:45,0.15,1850,256700
20240104,09:30:54,0.15,1800,256700
20240104,09:31:39,0.15,1800,256700
20240104,09:31:53,0.15,3600,256700
20240104,09:32:17,0.15,3600,256700
20240104,09:32:30,0.15,9250,256700
20240104,09:32:31,0.1,1850,258650
20240104,09:32:31,0.1,50,258650
20240104,09:32:33,0.15,50,258650
20240104,09:32:36,0.15,50,258650
20240104,09:32:39,0.15,1800,258650
20240104,09:32:59,0.1,3550,258650
20240104,09:34:28,0.15,500,258650
20240104,09:34:43,0.15,50,258650
20240104,09:35:05,0.15,1000,258650
20240104,09:35:25,0.15,150,258650
20240104,09:35:25,0.15,900,242450
20240104,09:35:29,0.15,50,242450
20240104,09:35:29,0.15,1000,242450
20240104,09:35:34,0.15,1000,242450
20240104,09:35:35,0.1,1800,242450
20240104,09:40:24,0.1,1800,240650
20240104,09:41:28,0.1,1800,240650
20240104,09:41:32,0.15,200,238850
20240104,09:42:25,0.1,1800,238850
20240104,09:42:47,0.15,50,238850
20240104,09:46:20,0.15,850,235250
20240104,09:47:56,0.1,3600,235250
20240104,09:48:02,0.1,3600,235250
20240104,09:48:03,0.1,1800,235250
20240104,09:49:23,0.1,350,235250
20240104,09:53:43,0.1,3600,229900
20240104,09:53:44,0.1,3600,229900
20240104,09:54:11,0.15,100,229900
20240104,09:55:02,0.15,100,229900
20240104,09:55:14,0.1,3600,229900
20240104,09:55:20,0.15,100,229900
20240104,09:55:27,0.15,100,229900
20240104,09:57:36,0.1,3600,229500
20240104,09:58:47,0.1,3600,229500
20240104,09:59:54,0.1,3600,229500
20240104,10:03:41,0.1,1800,229500
20240104,10:03:43,0.1,1800,229500
20240104,10:03:53,0.1,1800,229500
20240104,10:03:54,0.1,3600,229500
20240104,10:03:57,0.1,3600,229500
20240104,10:03:59,0.1,3550,229500
20240104,10:04:01,0.1,150,229500
20240104,10:04:04,0.1,250,229500
20240104,10:04:05,0.05,3700,229500
20240104,10:04:06,0.05,4050,229500
20240104,10:04:08,0.05,50,229500
20240104,10:04:09,0.05,1800,229500
20240104,10:04:13,0.05,3600,229500
20240104,10:04:15,0.05,9000,229500
20240104,10:04:17,0.1,1800,229500
20240104,10:04:18,0.05,4600,229500
20240104,10:04:20,0.05,3600,229500
20240104,10:04:21,0.05,1800,229500
20240104,10:04:22,0.05,1800,229500
20240104,10:04:25,0.05,1800,229500
20240104,10:04:27,0.05,1800,229500
20240104,10:04:28,0.05,3600,229500
20240104,10:04:30,0.05,3600,229500
20240104,10:04:31,0.05,1800,229500
20240104,10:04:35,0.05,3600,229500
20240104,10:04:37,0.05,3600,229500
20240104,10:04:38,0.05,3600,229500
20240104,10:04:39,0.05,1800,229500
20240104,10:04:41,0.05,3600,229500
20240104,10:04:42,0.05,1800,229500
20240104,10:04:43,0.05,1800,229500
20240104,10:04:44,0.05,1800,229500
20240104,10:04:45,0.05,3600,229500
20240104,10:04:46,0.05,3600,229500
20240104,10:04:52,0.05,1800,229500
20240104,10:04:59,0.05,1800,229500
20240104,10:05:00,0.1,1300,229500
20240104,10:05:28,0.05,3600,211750
20240104,10:05:47,0.1,6000,211750
20240104,10:07:32,0.1,50,211750
20240104,10:11:04,0.1,1000,209600
20240104,10:11:08,0.05,4100,209600
20240104,10:11:12,0.1,100,209600
20240104,10:12:24,0.05,3750,209600
20240104,10:12:33,0.05,7200,208000
20240104,10:12:34,0.05,3600,208000
20240104,10:12:35,0.05,3600,208000
20240104,10:12:36,0.05,7200,208000
20240104,10:12:38,0.05,3600,208000
20240104,10:12:39,0.05,3600,208000
20240104,10:12:42,0.05,3600,208000
20240104,10:12:43,0.05,3600,208000
20240104,10:12:44,0.05,3600,208000
20240104,10:12:45,0.05,7200,208000
20240104,10:12:48,0.05,3600,208000
20240104,10:12:49,0.05,7200,208000
20240104,10:12:50,0.05,3600,208000
20240104,10:12:52,0.05,7200,208000
20240104,10:12:57,0.1,1800,208000
20240104,10:14:20,0.1,1800,208000
20240104,10:14:41,0.1,550,201450
20240104,10:15:25,0.1,3050,201450
20240104,10:15:34,0.1,1800,201450
20240104,10:16:55,0.1,6300,201450
20240104,10:19:40,0.1,500,201450
20240104,10:19:51,0.1,350,191550
20240104,10:19:56,0.1,850,191550
20240104,10:19:56,0.1,1400,191550
20240104,10:19:57,0.1,400,191550
20240104,10:20:03,0.05,150,191550
20240104,10:20:13,0.1,850,191550
20240104,10:25:53,0.05,50,191550
20240104,10:30:14,0.1,450,187200
20240104,10:30:41,0.1,400,187200
20240104,10:30:53,0.1,250,187200
20240104,10:38:45,0.1,300,186100
20240104,10:38:52,0.1,300,186100
20240104,10:38:52,0.1,250,186100
20240104,10:38:53,0.1,900,186100
20240104,10:38:54,0.1,350,186100
20240104,10:41:07,0.1,250,186100
20240104,10:42:50,0.1,350,184050
20240104,10:45:32,0.1,1350,184050
20240104,10:55:19,0.1,1000,184050
20240104,10:56:42,0.05,50,181700
20240104,10:56:48,0.1,50,181700
20240104,10:57:51,0.05,5400,181700
20240104,10:57:56,0.05,5400,181700
20240104,10:58:22,0.05,1800,181700
20240104,10:58:23,0.05,850,181700
20240104,10:58:52,0.05,4450,181700
20240104,10:59:18,0.1,1300,181700
20240104,10:59:56,0.1,50,181700
20240104,11:00:35,0.05,50,181700
20240104,11:09:11,0.1,300,181700
20240104,11:16:06,0.05,50,181700
20240104,11:18:29,0.1,500,181700
20240104,11:18:35,0.05,1800,181700
20240104,11:19:07,0.1,250,181700
20240104,11:19:32,0.1,500,181700
20240104,11:19:55,0.1,250,181700
20240104,11:20:35,0.1,250,181700
20240104,11:20:42,0.1,250,181700
20240104,11:21:38,0.05,100,180700
20240104,11:24:26,0.1,700,180800
20240104,11:28:34,0.05,1150,180800
20240104,11:40:07,0.05,50,180800
20240104,11:40:12,0.05,1750,180800
20240104,11:40:16,0.05,2200,180800
20240104,11:40:25,0.05,200,180800
20240104,11:40:29,0.05,950,180800
20240104,11:40:32,0.05,3750,180800
20240104,11:40:57,0.05,200,180800
20240104,11:40:57,0.05,2800,180800
20240104,11:40:58,0.05,2800,180800
20240104,11:41:23,0.05,2800,180800
20240104,11:41:25,0.05,2600,180800
20240104,11:41:34,0.05,50,180800
20240104,11:41:43,0.05,1400,180800
20240104,11:42:34,0.05,13500,165900
20240104,11:44:14,0.05,5800,165900
20240104,11:44:14,0.05,1550,165900
20240104,11:44:15,0.05,900,165900
20240104,11:49:59,0.05,800,165900
20240104,11:50:00,0.05,200,148150
20240104,11:50:01,0.05,50,148150
20240104,11:52:55,0.1,250,147850
20240104,11:53:10,0.1,250,147850
20240104,11:58:28,0.05,5100,147850
20240104,11:58:28,0.05,1800,147850
20240104,12:08:37,0.05,50,147850
20240104,12:08:38,0.05,50,142550
20240104,12:15:31,0.05,50,142550
20240104,12:15:36,0.05,50,142550
20240104,12:15:41,0.05,50,142550
20240104,12:21:46,0.1,500,142550
20240104,12:27:07,0.1,3600,142550
20240104,12:39:04,0.1,50,142550
20240104,12:42:21,0.05,50,142550
20240104,12:52:30,0.05,50,142550
20240104,13:51:59,0.05,500,142550
20240104,13:52:36,0.05,500,142550
20240104,13:53:15,0.05,150,142550
20240104,14:14:55,0.05,750,142550
20240104,14:41:23,0.05,100,142650
20240104,15:06:18,0.05,400,142650
20240104,15:07:49,0.05,350,142550
20240104,15:29:33,0.05,3100,142550
20240104,15:29:34,0.05,750,142550
