date,time,tick_price,volume,open_interest
20240119,10:55:36,15.0,150,150
20240119,11:15:46,26.9,50,150
20240119,11:16:18,26.9,50,150
20240119,11:29:04,18.0,50,200
20240119,11:30:26,22.05,50,200
20240119,11:30:34,22.05,250,200
20240119,11:36:33,22.05,400,450
20240123,09:59:10,12.0,1,850
20240123,09:59:10,12.0,500,850
20240123,10:01:35,12.0,100,750
20240123,10:05:40,12.0,50,750
20240123,11:08:08,12.0,100,750
20240123,11:48:15,21.0,100,750
20240123,11:48:54,22.0,600,750
20240123,11:49:04,22.25,350,750
20240123,11:49:43,22.25,50,750
20240123,11:53:15,21.85,250,1600
20240123,11:53:37,22.05,350,1600
20240123,11:53:47,22.25,550,1600
20240123,11:53:56,22.55,500,1600
20240123,11:54:18,22.9,50,3250
20240123,11:55:06,22.9,100,3250
20240123,11:56:27,22.9,50,3250
20240123,12:01:00,24.0,250,3250
20240123,12:03:44,25.7,250,3500
20240123,12:08:29,28.0,100,3750
20240123,12:09:43,28.0,150,3650
20240123,12:10:05,28.0,1000,3650
20240123,12:13:30,27.5,100,4200
20240123,12:14:10,27.25,450,4200
20240123,12:15:51,26.5,100,4350
20240123,12:19:29,26.75,50,4350
20240123,12:19:40,26.5,50,4350
20240123,12:20:34,27.1,50,4350
20240123,12:23:48,26.4,50,4400
20240123,12:26:43,28.2,150,4450
20240123,12:28:20,28.2,150,4500
20240123,12:32:41,25.85,50,4650
20240123,12:38:23,24.4,50,4700
20240123,12:42:20,27.7,200,4700
20240123,12:43:08,28.05,50,4700
20240123,12:44:34,27.3,50,4700
20240123,12:45:51,29.1,1450,4800
20240123,12:48:52,29.75,200,6100
20240123,12:58:41,33.4,50,6000
20240123,12:58:53,34.05,1000,6000
20240123,12:59:39,34.1,500,6000
20240123,12:59:50,34.1,500,6000
20240123,13:00:41,33.7,100,6550
20240123,13:02:21,32.95,50,6550
20240123,13:03:52,32.45,50,6700
20240123,13:04:02,33.0,50,6700
20240123,13:07:25,33.0,50,6800
20240123,13:08:06,33.0,1800,6800
20240123,13:09:20,33.55,250,7900
20240123,13:09:57,33.55,1800,7900
20240123,13:12:06,33.65,50,7900
20240123,13:14:30,32.85,100,7400
20240123,13:17:02,32.85,100,7400
20240123,13:18:24,32.2,200,7500
20240123,13:19:56,31.25,100,7500
20240123,13:21:08,32.35,50,7500
20240123,13:23:01,32.75,200,7650
20240123,13:23:12,32.75,850,7650
20240123,13:23:31,33.7,1800,7650
20240123,13:23:41,33.65,1800,7650
20240123,13:23:50,33.45,2200,7650
20240123,13:24:12,33.55,550,7650
20240123,13:24:21,33.9,450,7650
20240123,13:24:42,33.9,50,12400
20240123,13:25:22,34.2,50,12400
20240123,13:26:33,34.8,50,12400
20240123,13:26:45,35.15,400,12400
20240123,13:26:57,35.6,50,12400
20240123,13:27:09,35.7,200,12400
20240123,13:28:54,35.7,100,13150
20240123,13:29:05,33.6,400,13150
20240123,13:30:55,33.5,50,13050
20240123,13:31:16,33.25,50,13050
20240123,13:31:26,33.6,1200,13050
20240123,13:31:36,33.45,400,13050
20240123,13:31:45,33.45,950,13050
20240123,13:32:45,34.3,150,13050
20240123,13:33:05,34.2,1050,13050
20240123,13:33:45,34.55,200,15200
20240123,13:34:04,34.45,250,15200
20240123,13:35:23,34.55,500,15200
20240123,13:35:53,33.9,250,15200
20240123,13:36:41,33.75,300,14550
20240123,13:37:20,34.0,100,14550
20240123,13:38:00,34.1,150,14550
20240123,13:41:12,34.5,400,14700
20240123,13:41:33,34.7,100,14700
20240123,13:41:44,34.4,150,14700
20240123,13:42:34,34.35,200,15200
20240123,13:42:45,34.1,100,15200
20240123,13:43:18,34.65,200,15200
20240123,13:43:28,34.65,100,15200
20240123,13:43:47,34.5,50,15200
20240123,13:44:27,34.65,100,15200
20240123,13:44:55,34.55,100,15200
20240123,13:46:42,33.6,50,15600
20240123,13:47:50,33.15,600,15600
20240123,13:48:00,33.15,100,15600
20240123,13:48:28,32.9,150,14850
20240123,13:50:42,33.05,200,14850
20240123,13:51:43,34.6,100,14950
20240123,13:51:54,35.15,50,14950
20240123,13:52:05,34.85,1000,14950
20240123,13:52:18,35.15,100,14950
20240123,13:52:30,35.3,150,14950
20240123,13:52:41,35.15,300,14950
20240123,13:52:53,34.8,50,14950
20240123,13:53:24,34.65,50,14950
20240123,13:53:45,34.0,100,14950
20240123,13:54:25,34.75,100,14250
20240123,13:54:46,35.05,50,14250
20240123,13:55:16,35.05,50,14250
20240123,13:56:16,35.55,250,14250
20240123,13:56:50,35.85,100,14250
20240123,13:57:33,35.85,500,14700
20240123,13:58:26,36.4,100,14700
20240123,13:58:48,36.4,50,14700
20240123,13:59:08,36.55,250,14700
20240123,13:59:39,36.55,50,14700
20240123,14:01:40,36.4,50,14650
20240123,14:02:09,35.9,150,14650
20240123,14:02:30,35.25,1050,14650
20240123,14:04:09,36.2,100,14550
20240123,14:04:18,35.65,350,14550
20240123,14:04:28,35.35,200,14550
20240123,14:05:59,33.65,50,14550
20240123,14:06:29,33.75,550,14850
20240123,14:06:48,33.8,300,14850
20240123,14:07:09,33.75,1000,14850
20240123,14:07:58,34.8,100,14850
20240123,14:11:01,36.0,50,15300
20240123,14:13:23,35.15,50,15350
20240123,14:13:32,36.05,50,15350
20240123,14:14:07,35.85,50,15350
20240123,14:15:16,36.45,200,15350
20240123,14:15:26,36.3,50,15350
20240123,14:15:57,36.9,850,15350
20240123,14:16:08,36.9,50,15350
20240123,14:16:20,37.9,50,15350
20240123,14:18:02,37.9,100,15350
20240123,14:18:50,37.65,50,14600
20240123,14:19:21,38.0,50,14600
20240123,14:20:20,38.0,100,14600
20240123,14:21:31,39.9,400,14700
20240123,14:21:43,40.8,50,14700
20240123,14:22:08,41.7,300,14700
20240123,14:22:56,41.7,50,14700
20240123,14:23:09,41.95,200,14700
20240123,14:23:22,41.0,50,14700
20240123,14:23:33,40.25,1050,14700
20240123,14:23:55,40.5,1800,14700
20240123,14:24:06,40.5,2000,14700
20240123,14:24:30,41.35,100,14700
20240123,14:24:43,42.55,1600,15300
20240123,14:24:54,41.65,500,15300
20240123,14:27:05,45.75,100,15300
20240123,14:27:54,46.3,50,15300
20240123,14:28:05,46.6,50,15300
20240123,14:28:29,47.05,250,15300
20240123,14:28:54,46.05,150,15300
20240123,14:29:44,46.1,200,15300
20240123,14:30:14,46.3,50,15300
20240123,14:32:19,41.3,750,15350
20240123,14:32:40,42.1,50,15350
20240123,14:32:51,41.8,100,15350
20240123,14:33:12,42.2,550,15350
20240123,14:33:24,42.1,1000,15350
20240123,14:33:54,41.85,950,14950
20240123,14:34:25,42.4,250,14950
20240123,14:34:37,42.85,150,14950
20240123,14:34:48,43.2,500,14950
20240123,14:34:59,43.6,100,14950
20240123,14:35:10,43.75,100,14950
20240123,14:35:41,44.1,350,14950
20240123,14:35:53,44.0,100,14950
20240123,14:36:04,44.2,100,14950
20240123,14:36:24,44.2,150,14950
20240123,14:37:06,43.95,800,15900
20240123,14:38:12,44.1,100,15900
20240123,14:38:33,44.5,900,15900
20240123,14:38:44,45.2,150,15900
20240123,14:38:55,45.0,300,15900
20240123,14:39:22,47.05,50,15900
20240123,14:39:35,46.0,1200,15900
20240123,14:39:46,45.95,500,15900
20240123,14:39:57,46.05,400,15900
20240123,14:40:07,46.25,600,15900
20240123,14:40:17,46.15,250,15900
20240123,14:40:27,45.8,100,15900
20240123,14:40:39,44.6,150,15900
20240123,14:40:50,45.15,350,15900
20240123,14:41:00,44.6,400,15900
20240123,14:41:11,44.45,250,15900
20240123,14:41:32,44.0,100,15900
20240123,14:41:46,43.35,750,15900
20240123,14:41:59,43.8,850,15900
20240123,14:42:41,44.4,250,15250
20240123,14:42:52,44.0,1000,15250
20240123,14:43:03,44.75,200,15250
20240123,14:43:13,45.05,250,15250
20240123,14:45:05,46.6,500,15250
20240123,14:45:16,46.7,100,15250
20240123,14:45:27,46.0,2150,15250
20240123,14:45:38,45.25,350,15800
20240123,14:45:48,46.0,350,15800
20240123,14:46:19,46.35,250,15800
20240123,14:46:29,45.9,100,15800
20240123,14:46:49,45.25,350,15800
20240123,14:47:10,45.3,50,15800
20240123,14:47:31,45.85,100,15800
20240123,14:47:50,46.35,300,15800
20240123,14:48:00,46.75,50,15800
20240123,14:48:10,46.05,100,15800
20240123,14:48:21,45.8,1000,15800
20240123,14:48:32,45.0,450,15800
20240123,14:49:04,43.6,1350,16200
20240123,14:49:16,43.9,150,16200
20240123,14:50:42,42.65,500,16200
20240123,14:50:54,42.95,50,16200
20240123,14:51:06,40.95,1500,16200
20240123,14:51:17,41.15,50,16200
20240123,14:51:38,41.15,50,17000
20240123,14:51:51,41.3,150,17000
20240123,14:52:03,41.55,100,17000
20240123,14:52:14,41.15,100,17000
20240123,14:52:44,41.9,1150,17000
20240123,14:52:56,41.85,950,17000
20240123,14:53:06,42.2,250,17000
20240123,14:53:16,43.1,200,17000
20240123,14:53:38,43.75,300,17000
20240123,14:53:49,43.5,450,17000
20240123,14:53:59,43.35,100,17000
20240123,14:54:09,44.05,100,17000
20240123,14:54:32,44.8,250,17000
20240123,14:56:01,44.6,50,18750
20240123,14:57:15,46.0,50,18750
20240123,14:59:02,47.45,150,18700
20240123,14:59:48,48.05,1200,18700
20240123,15:00:11,48.05,100,18700
20240123,15:00:23,47.45,100,18700
20240123,15:01:06,46.25,1250,19800
20240123,15:01:18,46.15,250,19800
20240123,15:01:30,45.85,100,19800
20240123,15:01:41,45.9,50,19800
20240123,15:01:52,46.25,600,19800
20240123,15:02:17,47.3,200,19800
20240123,15:02:30,48.55,350,19800
20240123,15:02:44,47.6,350,19800
20240123,15:03:35,47.45,100,19800
20240123,15:03:48,48.85,250,21450
20240123,15:04:15,48.85,600,21450
20240123,15:04:28,48.9,400,21450
20240123,15:04:39,48.2,200,21450
20240123,15:04:51,48.75,200,21450
20240123,15:05:14,49.8,100,21450
20240123,15:05:36,49.8,100,21450
20240123,15:05:47,49.2,300,21450
20240123,15:05:59,48.25,200,21450
20240123,15:06:10,48.4,200,21450
20240123,15:25:41,43.0,200,21450
20240124,09:15:28,47.6,1,27200
20240124,09:15:28,46.95,1,27200
20240124,09:15:28,49.4,700,27200
20240124,09:15:36,50.0,100,27200
20240124,09:16:10,50.0,100,27200
20240124,09:16:50,50.25,300,27200
20240124,09:16:50,46.35,300,27200
20240124,09:16:59,51.25,250,27200
20240124,09:17:07,49.95,200,27200
20240124,09:17:24,49.9,200,27200
20240124,09:17:32,50.15,750,27200
20240124,09:17:39,49.8,100,27200
20240124,09:17:47,49.85,100,27200
20240124,09:17:54,49.75,250,28350
20240124,09:18:00,49.6,50,28350
20240124,09:18:01,49.65,100,28350
20240124,09:18:07,49.95,200,28350
20240124,09:18:09,50.4,150,28350
20240124,09:18:10,50.4,100,28350
20240124,09:18:12,50.25,100,28350
20240124,09:18:15,50.45,50,28350
20240124,09:18:17,50.75,100,28350
20240124,09:18:18,51.45,100,28350
20240124,09:18:19,51.45,100,28350
20240124,09:18:20,51.45,150,28350
20240124,09:18:22,51.05,100,28350
20240124,09:18:23,51.3,150,28350
20240124,09:18:24,51.05,50,28350
20240124,09:18:26,51.1,50,28350
20240124,09:18:27,51.5,50,28350
20240124,09:18:44,53.1,50,28350
20240124,09:19:20,53.1,100,28350
20240124,09:19:31,54.9,300,28350
20240124,09:19:43,55.0,50,28350
20240124,09:20:16,55.0,100,28350
20240124,09:20:26,55.0,50,28350
20240124,09:21:00,55.0,50,29350
20240124,09:21:04,52.9,500,29350
20240124,09:21:11,51.9,50,29350
20240124,09:21:18,51.4,100,29350
20240124,09:21:19,51.5,50,29350
20240124,09:21:26,51.95,150,29350
20240124,09:21:27,51.9,50,29350
20240124,09:21:29,52.25,50,29350
20240124,09:21:30,52.0,50,29350
20240124,09:21:32,52.1,100,29350
20240124,09:21:34,51.65,50,29350
20240124,09:21:36,51.45,50,29350
20240124,09:21:38,51.3,50,29350
20240124,09:21:43,50.4,50,29350
20240124,09:22:15,47.3,100,29350
20240124,09:22:25,47.2,150,29350
20240124,09:22:36,47.45,100,29350
20240124,09:22:47,45.95,200,29350
20240124,09:22:59,45.95,250,29350
20240124,09:23:19,47.2,350,29350
20240124,09:23:30,47.35,150,29350
20240124,09:23:50,46.6,500,29350
20240124,09:24:00,45.8,200,31300
20240124,09:24:10,45.8,200,31300
20240124,09:24:20,45.8,250,31300
20240124,09:24:30,47.75,100,31300
20240124,09:24:40,47.25,150,31300
20240124,09:24:50,47.8,100,31300
20240124,09:25:10,48.85,650,31300
20240124,09:25:30,50.25,1400,31300
20240124,09:25:41,50.1,200,31300
20240124,09:26:03,50.55,300,31300
20240124,09:26:14,50.6,1000,31300
20240124,09:26:26,51.3,50,31300
20240124,09:26:46,50.6,300,31300
20240124,09:27:06,49.1,50,31700
20240124,09:27:25,48.05,300,31700
20240124,09:27:36,49.05,450,31700
20240124,09:28:04,48.2,350,31700
20240124,09:30:06,44.3,50,31250
20240124,09:30:26,44.3,200,31250
20240124,09:30:45,45.0,150,31250
20240124,09:31:43,43.15,1350,31250
20240124,09:31:55,42.7,50,31250
20240124,09:32:07,41.25,1800,31250
20240124,09:32:37,43.5,150,31250
20240124,09:32:48,42.75,100,31250
20240124,09:32:58,42.55,200,30600
20240124,09:33:18,42.15,250,30600
20240124,09:33:39,43.15,150,30600
20240124,09:34:02,43.15,50,30600
20240124,09:34:14,43.6,550,30600
20240124,09:34:25,44.0,250,30600
20240124,09:34:53,43.95,400,30600
20240124,09:35:23,43.35,100,30600
20240124,09:35:53,44.8,200,30500
20240124,09:36:03,44.1,800,30500
20240124,09:36:12,44.65,1450,30500
20240124,09:36:32,44.95,250,30500
20240124,09:36:42,45.3,150,30500
20240124,09:36:51,45.1,50,30500
20240124,09:37:19,45.4,800,30500
20240124,09:37:28,45.05,50,30500
20240124,09:37:47,44.15,300,30500
20240124,09:38:18,44.0,200,30500
20240124,09:38:28,43.0,100,30500
20240124,09:38:49,43.0,350,30500
20240124,09:39:08,43.05,150,28300
20240124,09:39:39,42.45,150,28300
20240124,09:39:50,41.65,150,28300
20240124,09:40:12,41.35,50,28300
20240124,09:40:23,40.75,600,28300
20240124,09:40:46,40.9,150,28300
20240124,09:40:56,40.5,950,28300
20240124,09:41:06,41.75,650,28300
20240124,09:41:17,41.75,50,28300
20240124,09:41:27,41.55,50,28300
20240124,09:41:37,42.0,50,28300
20240124,09:42:17,42.55,300,27850
20240124,09:43:15,42.9,650,27850
20240124,09:44:13,44.05,100,27850
20240124,09:44:32,43.45,100,27850
20240124,09:44:42,42.9,200,27850
20240124,09:45:01,42.7,200,27150
20240124,09:45:22,41.9,50,27150
20240124,09:45:32,41.6,350,27150
20240124,09:45:42,41.4,350,27150
20240124,09:45:52,40.85,150,27150
20240124,09:46:04,40.2,1150,27150
20240124,09:46:15,40.2,500,27150
20240124,09:46:27,39.35,900,27150
20240124,09:46:37,38.3,200,27150
20240124,09:46:49,38.2,50,27150
20240124,09:47:34,36.85,600,27150
20240124,09:47:45,36.1,2200,27150
20240124,09:47:55,36.0,250,27150
20240124,09:48:07,35.8,300,26850
20240124,09:48:18,36.6,300,26850
20240124,09:48:48,36.4,700,26850
20240124,09:49:07,37.65,100,26850
20240124,09:49:18,37.5,1250,26850
20240124,09:49:28,38.3,300,26850
20240124,09:49:38,37.95,250,26850
20240124,09:49:48,38.1,50,26850
20240124,09:49:57,37.65,300,26850
20240124,09:50:07,37.65,150,26850
20240124,09:50:18,37.55,200,26850
20240124,09:50:37,37.4,100,26850
20240124,09:50:56,38.1,950,26850
20240124,09:51:05,38.1,1150,28650
20240124,09:51:15,38.05,700,28650
20240124,09:51:34,38.2,50,28650
20240124,09:51:44,38.25,50,28650
20240124,09:51:54,38.25,200,28650
20240124,09:52:06,38.45,200,28650
20240124,09:52:18,38.7,250,28650
20240124,09:52:37,39.35,100,28650
20240124,09:52:47,39.0,50,28650
20240124,09:53:06,38.25,50,28650
20240124,09:53:15,38.35,50,28650
20240124,09:54:50,37.55,150,30200
20240124,09:55:33,36.7,50,30200
20240124,09:55:45,36.25,50,30200
20240124,09:55:57,35.9,50,30200
20240124,09:56:19,35.6,50,30200
20240124,09:56:42,35.0,50,30200
20240124,09:56:54,34.45,100,30200
20240124,09:57:06,34.2,350,30250
20240124,09:57:18,34.0,100,30250
20240124,09:57:41,33.5,400,30250
20240124,09:57:52,33.4,400,30250
20240124,09:58:12,33.7,150,30250
20240124,09:58:32,34.0,100,30250
20240124,09:58:53,33.65,450,30250
20240124,09:59:05,33.75,50,30250
20240124,10:00:18,32.35,100,31000
20240124,10:00:30,31.4,300,31000
20240124,10:01:15,31.1,400,31000
20240124,10:01:27,31.95,1250,31000
20240124,10:01:57,32.7,150,31000
20240124,10:02:07,32.7,50,31000
20240124,10:02:18,33.7,150,31000
20240124,10:02:28,33.7,150,31000
20240124,10:02:38,33.9,150,31000
20240124,10:02:50,34.6,50,31000
20240124,10:03:11,35.15,150,31650
20240124,10:03:45,36.1,50,31650
20240124,10:04:10,37.0,300,31650
20240124,10:04:21,37.0,300,31650
20240124,10:04:31,36.95,50,31650
20240124,10:05:06,38.3,100,31650
20240124,10:05:40,37.5,100,31650
20240124,10:05:51,36.75,1000,31650
20240124,10:06:14,36.45,50,31300
20240124,10:06:24,36.0,50,31300
20240124,10:06:35,35.45,200,31300
20240124,10:06:58,34.75,50,31300
20240124,10:07:09,34.85,150,31300
20240124,10:07:22,34.25,100,31300
20240124,10:07:33,34.9,50,31300
20240124,10:07:44,34.9,50,31300
20240124,10:08:57,36.35,50,31300
20240124,10:09:07,36.1,550,31350
20240124,10:09:28,36.6,650,31350
20240124,10:09:38,37.0,50,31350
20240124,10:09:48,36.35,50,31350
20240124,10:09:58,36.85,50,31350
20240124,10:10:08,37.0,50,31350
20240124,10:10:20,37.65,400,31350
20240124,10:10:32,38.15,250,31350
20240124,10:11:04,38.4,400,31350
20240124,10:12:33,39.5,50,31800
20240124,10:14:15,39.5,150,31800
20240124,10:14:45,39.15,100,31800
20240124,10:14:55,39.25,50,31800
20240124,10:15:05,38.6,50,31850
20240124,10:15:15,38.4,150,31850
20240124,10:15:36,37.5,150,31850
20240124,10:15:48,36.3,100,31850
20240124,10:15:59,35.75,300,31850
20240124,10:16:10,35.4,450,31850
20240124,10:16:20,35.8,100,31850
20240124,10:16:30,35.55,100,31850
20240124,10:16:40,35.55,50,31850
20240124,10:17:01,35.7,1100,31850
20240124,10:17:11,35.5,500,31850
20240124,10:17:42,34.9,450,31850
20240124,10:17:51,34.35,200,31850
20240124,10:18:11,34.2,50,32700
20240124,10:18:54,34.7,1150,32700
20240124,10:19:06,34.8,1200,32700
20240124,10:19:26,34.8,200,32700
20240124,10:20:13,33.65,100,32700
20240124,10:20:53,32.55,100,32700
20240124,10:21:04,31.95,200,32450
20240124,10:21:16,32.3,200,32450
20240124,10:21:45,31.8,100,32450
20240124,10:23:49,32.15,200,32450
20240124,10:23:58,31.6,300,32450
20240124,10:24:19,31.95,100,32700
20240124,10:24:28,31.95,100,32700
20240124,10:24:37,32.05,100,32700
20240124,10:25:37,31.5,50,32700
20240124,10:25:47,31.25,50,32700
20240124,10:25:58,31.15,250,32700
20240124,10:26:26,31.75,50,32700
20240124,10:26:48,31.7,50,32700
20240124,10:27:08,32.05,100,32700
20240124,10:27:18,31.4,50,32800
20240124,10:27:39,31.05,700,32800
20240124,10:28:14,30.15,900,32800
20240124,10:30:14,31.5,850,32850
20240124,10:30:34,31.9,50,32850
20240124,10:30:56,31.65,50,32850
20240124,10:31:06,31.55,50,32850
20240124,10:31:48,30.85,550,32850
20240124,10:32:07,31.05,50,32850
20240124,10:32:28,31.55,250,32850
20240124,10:33:06,31.4,150,32850
20240124,10:33:44,31.3,50,32850
20240124,10:34:04,31.1,450,32850
20240124,10:34:46,31.05,150,32850
20240124,10:35:14,30.95,100,32850
20240124,10:35:43,30.95,50,32850
20240124,10:36:32,31.1,300,32850
20240124,10:37:29,31.15,50,32850
20240124,10:37:39,31.0,900,32850
20240124,10:38:10,31.15,50,32850
20240124,10:38:20,31.15,100,32850
20240124,10:39:19,32.15,100,33150
20240124,10:39:41,32.05,100,33150
20240124,10:39:51,31.5,550,33150
20240124,10:40:20,31.45,100,33150
20240124,10:40:31,32.0,50,33150
20240124,10:40:41,32.4,50,33150
20240124,10:42:51,33.1,100,33600
20240124,10:44:29,32.7,150,33600
20240124,10:44:51,33.65,50,33600
20240124,10:45:12,33.75,150,33650
20240124,10:45:46,35.45,100,33650
20240124,10:45:57,33.85,100,33650
20240124,10:48:24,33.75,800,33800
20240124,10:49:04,33.65,50,33800
20240124,10:49:13,33.65,100,33800
20240124,10:49:43,34.35,50,33800
20240124,10:50:33,32.65,100,33800
20240124,10:54:09,31.55,200,34500
20240124,10:55:02,31.1,50,34500
20240124,10:58:11,31.0,50,34500
20240124,11:00:11,31.9,250,34500
20240124,11:06:01,31.1,50,34550
20240124,11:06:11,30.8,200,34700
20240124,11:06:21,30.7,100,34700
20240124,11:06:31,30.55,50,34700
20240124,11:06:41,30.8,100,34700
20240124,11:07:00,31.1,200,34700
20240124,11:07:39,31.85,250,34700
20240124,11:07:58,31.65,100,34700
20240124,11:10:21,32.45,750,35500
20240124,11:10:49,31.65,200,35500
20240124,11:11:08,31.35,50,35500
20240124,11:11:37,31.35,50,35500
20240124,11:11:46,31.5,100,35500
20240124,11:12:10,31.95,100,35500
20240124,11:12:48,31.75,50,35500
20240124,11:13:06,32.2,200,35500
20240124,11:13:45,32.05,100,35500
20240124,11:14:04,31.65,100,35500
20240124,11:14:14,31.85,100,35500
20240124,11:14:42,32.1,50,35500
20240124,11:14:51,32.15,100,35500
20240124,11:15:04,32.15,650,35500
20240124,11:15:15,32.1,100,36250
20240124,11:15:24,32.25,350,36250
20240124,11:20:45,30.7,950,35800
20240124,11:22:03,31.5,100,35800
20240124,11:22:49,31.75,100,35800
20240124,11:24:34,32.85,200,35750
20240124,11:26:09,35.2,100,35750
20240124,11:27:22,36.8,50,35850
20240124,11:29:54,36.95,50,35850
20240124,11:31:13,41.55,250,35850
20240124,11:31:38,40.65,50,35850
20240124,11:32:00,42.0,50,35850
20240124,11:32:12,42.85,50,35850
20240124,11:32:24,43.0,50,35850
20240124,11:32:36,44.0,250,35850
20240124,11:32:47,44.0,50,35850
20240124,11:33:08,44.05,50,35850
20240124,11:33:30,41.8,150,35800
20240124,11:33:40,42.05,350,35800
20240124,11:33:50,42.8,650,35800
20240124,11:33:59,42.55,950,35800
20240124,11:34:11,40.4,750,35800
20240124,11:34:22,41.15,250,35800
20240124,11:34:43,42.75,300,35800
20240124,11:34:52,43.25,350,35800
20240124,11:35:02,43.6,400,35800
20240124,11:35:12,43.45,200,35800
20240124,11:35:23,42.85,450,35800
20240124,11:35:33,42.9,250,35800
20240124,11:35:53,42.65,150,35800
20240124,11:36:04,42.0,200,35800
20240124,11:36:29,37.35,150,36650
20240124,11:37:16,36.45,300,36650
20240124,11:37:47,37.3,100,36650
20240124,11:37:57,36.5,50,36650
20240124,11:40:01,40.4,50,36600
20240124,11:43:56,38.65,250,36650
20240124,11:44:00,38.8,50,36650
20240124,11:44:28,39.3,50,36650
20240124,11:50:18,39.5,1000,36650
20240124,11:50:28,40.65,100,36650
20240124,11:50:37,40.8,100,36650
20240124,11:50:47,40.4,400,36650
20240124,11:50:56,41.65,100,36650
20240124,11:51:34,40.55,50,35200
20240124,11:51:43,41.2,50,35200
20240124,11:52:31,41.05,50,35200
20240124,11:52:49,41.2,150,35200
20240124,11:52:58,41.5,650,35200
20240124,11:53:07,41.15,450,35200
20240124,11:53:26,40.75,50,35200
20240124,11:54:03,41.3,100,35200
20240124,11:54:13,41.2,50,35200
20240124,11:54:41,40.0,300,35350
20240124,11:54:51,39.9,400,35350
20240124,11:55:01,39.75,50,35350
20240124,11:59:01,41.4,150,35350
20240124,11:59:11,41.25,50,35350
20240124,11:59:20,40.45,150,35350
20240124,11:59:29,40.15,100,35350
20240124,11:59:39,40.35,150,35350
20240124,12:01:39,40.5,100,35250
20240124,12:01:48,40.9,50,35250
20240124,12:02:53,41.3,150,35250
20240124,12:03:22,40.8,100,35150
20240124,12:03:32,42.1,50,35150
20240124,12:06:16,44.0,50,35150
20240124,12:06:28,41.2,50,35150
20240124,12:06:40,41.7,1150,35150
20240124,12:06:51,41.45,50,35150
20240124,12:07:01,42.05,50,35150
20240124,12:08:28,44.0,50,35150
20240124,12:08:34,43.6,50,35150
20240124,12:09:29,42.85,50,34000
20240124,12:09:40,43.15,100,34000
20240124,12:10:06,43.25,50,34000
20240124,12:10:25,42.45,100,34000
20240124,12:10:54,42.35,50,34000
20240124,12:11:04,42.8,50,34000
20240124,12:11:59,42.55,50,34000
20240124,12:12:45,43.35,50,34000
20240124,12:12:55,43.6,50,34000
20240124,12:13:33,44.35,50,34000
20240124,12:14:10,43.25,100,34000
20240124,12:15:23,41.45,50,34100
20240124,12:15:32,41.6,50,34100
20240124,12:16:37,41.0,200,34100
20240124,12:17:55,40.5,500,34100
20240124,12:18:27,40.05,50,34100
20240124,12:18:46,40.45,50,34100
20240124,12:18:56,40.4,1600,34100
20240124,12:19:05,40.05,1100,34100
20240124,12:19:24,40.0,1050,34100
20240124,12:19:37,39.2,950,34100
20240124,12:19:49,38.45,250,34100
20240124,12:20:11,36.3,650,34100
20240124,12:20:21,37.05,550,34100
20240124,12:20:41,37.7,100,34100
20240124,12:21:21,38.2,100,34100
20240124,12:21:30,38.2,50,35000
20240124,12:21:40,38.45,200,35000
20240124,12:21:49,38.8,100,35000
20240124,12:22:09,39.05,100,35000
20240124,12:22:19,40.0,50,35000
20240124,12:22:39,40.5,50,35000
20240124,12:23:07,40.95,50,35000
20240124,12:24:39,40.95,50,34950
20240124,12:24:50,41.3,300,34950
20240124,12:25:00,41.65,50,34950
20240124,12:25:09,39.85,50,34950
20240124,12:27:51,45.0,50,35150
20240124,12:28:03,45.7,50,35150
20240124,12:28:36,47.35,50,35150
20240124,12:30:42,42.6,100,35050
20240124,12:31:01,43.0,50,35050
20240124,12:31:11,42.8,950,35050
20240124,12:32:55,44.45,50,35050
20240124,12:33:04,44.45,50,35050
20240124,12:33:24,45.55,50,35050
20240124,12:34:22,47.55,250,35250
20240124,12:35:00,45.25,100,35250
20240124,12:35:10,44.6,50,35250
20240124,12:35:48,45.55,50,35250
20240124,12:36:45,45.9,150,35450
20240124,12:38:47,46.2,150,35450
20240124,12:38:56,46.25,50,35450
20240124,12:39:14,46.2,150,35450
20240124,12:39:24,46.2,150,35450
20240124,12:39:33,46.05,50,35600
20240124,12:40:02,47.0,100,35600
20240124,12:44:26,45.0,50,35550
20240124,12:45:32,44.6,150,35500
20240124,12:46:31,43.55,50,35500
20240124,12:46:43,42.25,100,35500
20240124,12:49:23,43.05,100,35550
20240124,12:49:43,41.25,50,35550
20240124,12:50:39,39.5,50,35550
20240124,12:51:32,38.25,350,35600
20240124,12:55:11,40.0,450,35600
20240124,12:55:20,40.0,600,35600
20240124,12:56:08,39.65,50,35600
20240124,12:56:17,39.2,50,35600
20240124,12:57:42,39.05,50,36600
20240124,12:58:50,37.5,50,36600
20240124,13:00:09,36.25,450,36600
20240124,13:01:51,32.75,50,36400
20240124,13:03:03,34.3,50,36400
20240124,13:03:23,34.15,150,36300
20240124,13:03:33,34.25,50,36300
20240124,13:03:43,34.15,200,36300
20240124,13:03:53,33.85,100,36300
20240124,13:04:03,34.4,100,36300
20240124,13:04:25,35.3,50,36300
20240124,13:04:35,35.6,100,36300
20240124,13:04:45,36.35,300,36300
20240124,13:04:54,36.0,150,36300
20240124,13:05:37,36.6,50,36300
20240124,13:05:48,36.55,200,36300
20240124,13:06:20,37.25,50,36300
20240124,13:07:54,37.7,50,35650
20240124,13:08:04,37.1,100,35650
20240124,13:09:12,38.25,250,35650
20240124,13:09:21,38.45,50,35650
20240124,13:09:43,39.1,250,35650
20240124,13:12:39,37.55,700,35700
20240124,13:13:46,38.8,50,35700
20240124,13:14:06,39.05,50,35700
20240124,13:15:00,38.7,50,35700
20240124,13:17:06,38.8,100,35700
20240124,13:19:27,35.35,100,35800
20240124,13:19:48,34.4,50,35800
20240124,13:22:35,37.2,50,35800
20240124,13:23:20,37.2,50,35800
20240124,13:39:31,36.6,50,35850
20240124,13:42:36,36.65,50,35900
20240124,13:51:51,37.6,100,35900
20240124,13:55:27,37.1,50,35950
20240124,13:56:30,35.8,50,35950
20240124,13:57:16,36.2,50,35950
20240124,13:58:29,35.75,50,35950
20240124,13:58:56,35.1,50,35950
20240124,13:59:01,35.0,150,35950
20240124,13:59:02,35.0,50,35950
20240124,13:59:05,35.25,50,35950
20240124,13:59:06,35.15,50,35950
20240124,13:59:09,35.1,50,35950
20240124,13:59:10,35.2,50,35950
20240124,13:59:37,35.75,50,35950
20240124,13:59:45,35.95,50,35950
20240124,13:59:48,36.4,50,35950
20240124,13:59:49,36.5,50,35950
20240124,13:59:57,36.85,50,35950
20240124,14:00:08,36.25,50,35950
20240124,14:01:18,35.45,50,35250
20240124,14:01:27,34.9,350,35250
20240124,14:01:56,34.4,1000,35250
20240124,14:02:06,34.7,100,35250
20240124,14:02:16,35.1,250,35250
20240124,14:03:13,35.05,50,35250
20240124,14:03:22,34.95,700,35250
20240124,14:03:50,34.5,450,36250
20240124,14:04:00,34.0,200,36250
20240124,14:04:09,34.1,50,36250
20240124,14:04:47,33.65,50,36250
20240124,14:05:30,32.4,50,36250
20240124,14:05:42,31.55,600,36250
20240124,14:05:54,31.9,200,36250
20240124,14:06:06,31.45,100,36250
20240124,14:06:17,32.2,150,36250
20240124,14:07:25,32.75,250,36350
20240124,14:08:32,34.2,750,36350
20240124,14:09:02,33.45,50,36350
20240124,14:09:31,34.1,300,36350
20240124,14:09:52,34.1,50,36400
20240124,14:10:01,34.1,50,36400
20240124,14:10:11,34.2,50,36400
20240124,14:10:42,34.8,150,36400
20240124,14:11:47,34.4,50,36400
20240124,14:11:57,34.25,100,36400
20240124,14:12:15,33.65,500,36400
20240124,14:12:25,33.5,200,36400
20240124,14:12:45,33.4,50,36350
20240124,14:12:54,33.0,150,36350
20240124,14:13:04,33.35,450,36350
20240124,14:13:14,33.15,50,36350
20240124,14:14:09,32.65,100,36350
20240124,14:14:54,32.85,100,36350
20240124,14:15:22,32.5,150,36350
20240124,14:15:32,32.3,50,36350
20240124,14:17:37,34.0,50,36300
20240124,14:17:46,34.5,50,36300
20240124,14:17:55,34.25,50,36300
20240124,14:18:27,33.5,150,36300
20240124,14:18:38,33.1,400,36400
20240124,14:18:58,33.85,300,36400
20240124,14:19:27,33.35,50,36400
20240124,14:19:46,34.15,50,36400
20240124,14:20:05,33.25,150,36400
20240124,14:20:14,32.5,350,36400
20240124,14:20:24,32.85,100,36400
20240124,14:20:34,32.55,50,36400
20240124,14:20:55,31.95,50,36400
20240124,14:21:06,31.8,1050,36400
20240124,14:21:38,30.85,200,36400
20240124,14:22:01,30.5,450,36400
20240124,14:22:11,31.4,700,36400
20240124,14:22:32,32.0,200,36400
20240124,14:22:41,32.7,300,36400
20240124,14:22:52,31.85,150,36400
20240124,14:23:01,32.55,100,36400
20240124,14:23:11,31.7,100,36400
20240124,14:23:20,32.05,150,36400
20240124,14:23:30,31.65,50,36400
20240124,14:23:39,31.4,50,36400
20240124,14:23:49,30.5,100,36400
20240124,14:24:00,31.25,100,36400
20240124,14:24:09,31.4,100,36400
20240124,14:24:31,32.2,100,36400
20240124,14:25:01,32.5,50,36400
20240124,14:25:20,32.05,50,36400
20240124,14:27:11,31.55,50,36400
20240124,14:27:31,31.65,100,36400
20240124,14:27:51,30.95,50,36450
20240124,14:28:17,30.3,50,36450
20240124,14:28:20,30.35,50,36450
20240124,14:28:54,29.9,100,36450
20240124,14:29:24,29.45,50,36450
20240124,14:29:34,29.45,50,36450
20240124,14:29:42,29.55,50,36450
20240124,14:29:44,29.5,100,36450
20240124,14:29:45,30.25,250,36450
20240124,14:29:57,29.55,50,36450
20240124,14:30:09,29.6,50,36450
20240124,14:31:36,28.55,100,36400
20240124,14:31:56,28.55,200,36400
20240124,14:32:24,28.7,150,36400
20240124,14:33:02,29.7,50,36400
20240124,14:34:36,29.2,50,36400
20240124,14:34:46,28.7,50,36400
20240124,14:34:55,28.4,100,36400
20240124,14:35:45,28.0,200,36400
20240124,14:35:58,27.7,200,36400
20240124,14:36:21,27.7,100,36400
20240124,14:36:31,28.65,50,36400
20240124,14:37:29,27.65,50,36600
20240124,14:37:38,27.65,50,36600
20240124,14:37:48,28.45,150,36600
20240124,14:39:20,28.5,50,36600
20240124,14:40:46,27.0,300,36650
20240124,14:43:05,24.9,50,36750
20240124,14:43:15,24.9,150,36750
20240124,14:43:39,24.2,150,36750
20240124,14:43:50,24.2,200,36750
20240124,14:44:12,24.9,50,36750
20240124,14:46:21,25.0,200,36650
20240124,14:46:42,26.25,1250,36650
20240124,14:47:03,25.4,250,36650
20240124,14:49:54,26.35,100,36650
20240124,14:50:06,25.0,50,36650
20240124,14:50:37,27.0,400,36650
20240124,14:51:26,25.25,250,36650
20240124,14:52:50,26.15,100,36650
20240124,14:53:36,25.55,100,37050
20240124,14:53:46,25.5,50,37050
20240124,14:54:44,24.3,50,37150
20240124,14:55:34,24.85,50,37150
20240124,14:56:13,25.25,50,37150
20240124,14:58:45,24.5,100,37050
20240124,14:58:55,25.1,150,37050
20240124,14:59:47,24.2,50,37050
20240124,15:00:09,23.75,200,37050
20240124,15:00:21,23.6,50,37050
20240124,15:00:32,23.6,50,37050
20240124,15:02:07,24.75,50,37100
20240124,15:02:17,24.8,250,37100
20240124,15:02:27,23.25,200,37100
20240124,15:02:38,25.75,50,37100
20240124,15:02:50,26.05,100,37100
20240124,15:03:02,25.35,550,37100
20240124,15:03:15,25.55,100,37100
20240124,15:03:27,26.2,200,37100
20240124,15:03:37,26.15,50,37100
20240124,15:03:48,27.05,50,37050
20240124,15:04:19,24.05,50,37050
20240124,15:04:31,23.25,50,37050
20240124,15:04:42,23.8,50,37050
20240124,15:04:52,24.25,250,37050
20240124,15:05:12,24.05,100,37050
20240124,15:06:01,23.75,350,37050
20240124,15:07:21,23.8,200,37100
20240124,15:08:00,23.7,700,37100
20240124,15:08:20,23.7,400,37100
20240124,15:08:39,23.65,500,37100
20240124,15:09:19,24.15,100,37100
20240124,15:09:49,24.05,100,37050
20240124,15:10:37,23.45,100,37050
20240124,15:12:39,22.95,50,37050
20240124,15:13:46,22.65,250,37100
20240124,15:14:13,22.65,500,37100
20240124,15:14:22,22.75,50,37100
20240124,15:14:31,22.55,50,37100
20240124,15:14:51,22.35,50,37100
20240124,15:15:10,22.0,100,37100
20240124,15:15:29,21.65,300,37100
20240124,15:16:02,20.65,50,37100
20240124,15:16:36,20.65,150,37200
20240124,15:16:47,20.65,50,37200
20240124,15:17:07,20.55,450,37200
20240124,15:17:40,20.55,50,37200
20240124,15:17:50,20.6,150,37200
20240124,15:18:00,20.45,100,37200
20240124,15:18:12,20.65,150,37200
20240124,15:19:29,20.0,400,37700
20240124,15:20:12,19.15,1050,37700
20240124,15:20:22,19.8,50,37700
20240124,15:20:31,19.85,250,37700
20240124,15:21:18,19.85,100,37700
20240124,15:21:36,19.8,150,37700
20240124,15:22:04,20.0,200,37250
20240124,15:22:24,19.65,100,37250
20240124,15:22:50,19.95,50,37250
20240124,15:22:59,20.05,150,37250
20240124,15:23:08,20.05,250,37250
20240124,15:23:26,20.05,450,37250
20240124,15:24:04,20.75,1000,37250
20240124,15:25:19,19.7,2450,37550
20240124,15:25:47,19.5,650,37550
20240124,15:26:05,19.65,150,37550
20240124,15:27:10,19.35,50,37550
20240124,15:27:17,18.65,1100,37550
20240124,15:27:18,19.3,50,37550
20240124,15:27:21,19.3,50,37550
20240124,15:27:34,19.3,250,37550
20240124,15:27:39,19.3,250,37550
20240124,15:27:40,19.3,50,37550
20240124,15:28:11,19.3,50,37650
20240124,15:28:20,19.3,50,37650
20240124,15:28:29,19.3,50,37650
20240124,15:28:38,19.35,500,37650
20240124,15:28:56,19.35,50,37650
20240124,15:29:26,19.1,50,37650
20240124,15:29:32,18.9,50,37650
20240124,15:29:59,16.9,50,37650
20240125,09:15:41,24.65,1,31550
20240125,09:15:41,22.05,100,31550
20240125,09:16:52,23.5,50,31550
20240125,09:17:11,23.35,50,31550
20240125,09:17:32,22.8,350,31550
20240125,09:18:17,22.55,50,32050
20240125,09:18:38,21.6,100,32050
20240125,09:18:59,22.45,50,32050
20240125,09:19:10,22.8,150,32050
20240125,09:19:22,22.85,100,32050
20240125,09:19:34,22.9,250,32050
20240125,09:19:46,23.15,500,32050
20240125,09:19:57,23.3,1000,32050
20240125,09:20:08,23.4,250,32050
20240125,09:20:18,23.0,450,32050
20240125,09:20:27,22.8,650,32050
20240125,09:20:56,22.75,200,32050
20240125,09:21:06,22.6,100,32050
20240125,09:21:15,22.4,200,32000
20240125,09:21:25,22.45,300,32000
20240125,09:21:43,22.65,50,32000
20240125,09:21:52,22.85,450,32000
20240125,09:22:03,23.0,650,32000
20240125,09:22:12,22.9,250,32000
20240125,09:22:22,23.1,450,32000
20240125,09:22:32,23.0,250,32000
20240125,09:22:52,23.0,50,32000
20240125,09:23:02,23.45,100,32000
20240125,09:23:12,23.75,100,32000
20240125,09:23:21,23.8,300,32000
20240125,09:23:40,24.55,900,32000
20240125,09:23:51,25.0,750,32000
20240125,09:24:03,25.9,450,32000
20240125,09:24:14,26.2,250,32100
20240125,09:24:24,26.95,300,32100
20240125,09:24:36,26.5,100,32100
20240125,09:24:46,26.9,300,32100
20240125,09:24:53,26.7,250,32100
20240125,09:25:04,26.9,50,32100
20240125,09:26:16,26.2,800,32100
20240125,09:26:24,25.95,50,32100
20240125,09:26:29,26.05,200,32100
20240125,09:26:30,26.1,200,32100
20240125,09:26:40,25.8,100,32100
20240125,09:27:03,25.95,300,32100
20240125,09:27:05,25.8,50,31850
20240125,09:27:39,25.05,50,31850
20240125,09:28:02,23.6,950,31850
20240125,09:28:13,23.3,50,31850
20240125,09:28:55,24.1,50,31850
20240125,09:29:57,24.05,50,31850
20240125,09:30:18,23.35,150,31900
20240125,09:30:39,22.95,50,31900
20240125,09:31:40,23.9,50,31900
20240125,09:31:50,23.9,50,31900
20240125,09:32:00,24.2,50,31900
20240125,09:32:11,24.55,350,31900
20240125,09:32:22,24.55,450,31900
20240125,09:32:56,24.7,250,31900
20240125,09:32:59,25.15,100,31900
20240125,09:33:13,25.3,300,31850
20240125,09:33:13,25.3,150,31850
20240125,09:33:28,25.4,50,31850
20240125,09:33:42,25.5,100,31850
20240125,09:34:00,25.45,100,31850
20240125,09:34:01,25.45,100,31850
20240125,09:34:03,25.35,200,31850
20240125,09:34:41,26.2,50,31850
20240125,09:35:12,26.45,100,31850
20240125,09:35:24,26.15,50,31850
20240125,09:36:02,26.15,50,31850
20240125,09:36:21,26.85,50,32200
20240125,09:36:31,25.5,300,32200
20240125,09:37:40,24.95,100,32200
20240125,09:38:38,24.55,100,32200
20240125,09:38:48,24.55,50,32200
20240125,09:39:26,25.5,250,32100
20240125,09:39:55,26.05,200,32100
20240125,09:40:34,25.7,50,32100
20240125,09:40:53,25.55,100,32100
20240125,09:41:22,25.55,200,32100
20240125,09:42:51,25.8,50,32150
20240125,09:43:00,26.5,50,32150
20240125,09:44:31,26.65,100,32150
20240125,09:44:43,27.15,300,32150
20240125,09:45:16,28.0,300,32250
20240125,09:45:37,28.35,150,32250
20240125,09:45:49,28.45,250,32250
20240125,09:46:10,28.45,200,32250
20240125,09:46:31,27.25,50,32250
20240125,09:47:04,26.95,150,32250
20240125,09:47:15,26.35,400,32250
20240125,09:47:48,27.4,100,32250
20240125,09:48:08,26.95,300,32250
20240125,09:48:40,27.25,50,32150
20240125,09:49:00,27.15,100,32150
20240125,09:49:11,26.45,200,32150
20240125,09:50:45,26.7,100,32150
20240125,09:50:55,27.4,50,32150
20240125,09:51:25,27.0,50,32200
20240125,09:52:33,27.55,100,32200
20240125,09:52:43,27.95,100,32200
20240125,09:52:53,28.0,100,32200
20240125,09:53:23,28.4,50,32200
20240125,09:53:33,28.7,100,32200
20240125,09:53:44,28.75,50,32200
20240125,09:53:54,28.8,50,32200
20240125,09:54:04,29.2,150,32200
20240125,09:55:06,29.2,350,32050
20240125,09:55:17,28.95,200,32050
20240125,09:55:27,28.65,150,32050
20240125,09:55:39,27.65,250,32050
20240125,09:55:50,28.35,100,32050
20240125,09:56:00,28.55,100,32050
20240125,09:56:10,28.05,200,32050
20240125,09:56:30,28.6,100,32050
20240125,09:56:50,28.0,150,32050
20240125,09:57:58,28.25,200,32150
20240125,09:58:08,28.5,300,32150
20240125,09:58:27,28.2,50,32150
20240125,09:58:37,27.95,800,32150
20240125,09:59:16,27.4,50,32150
20240125,09:59:26,27.6,150,32150
20240125,09:59:46,27.85,100,32150
20240125,10:01:18,28.1,600,32150
20240125,10:01:39,28.5,50,32150
20240125,10:01:49,28.85,450,32150
20240125,10:02:30,28.8,600,32150
20240125,10:03:00,28.7,100,32150
20240125,10:03:10,28.3,150,32150
20240125,10:06:00,27.55,1000,33150
20240125,10:06:41,27.6,300,33150
20240125,10:07:00,27.6,100,33150
20240125,10:07:20,27.4,100,33150
20240125,10:08:29,27.05,150,33150
20240125,10:08:49,27.2,300,33150
20240125,10:08:59,27.4,600,33150
20240125,10:09:30,27.8,100,33050
20240125,10:09:40,28.25,100,33050
20240125,10:10:02,28.3,650,33050
20240125,10:10:13,28.1,250,33050
20240125,10:10:24,27.7,150,33050
20240125,10:10:55,27.7,50,33050
20240125,10:11:15,28.05,1200,33050
20240125,10:11:25,27.9,200,33050
20240125,10:11:36,28.05,100,33050
20240125,10:13:27,27.95,900,33000
20240125,10:15:06,27.8,150,33000
20240125,10:15:36,27.65,50,33050
20240125,10:16:05,27.95,100,33050
20240125,10:16:16,28.15,100,33050
20240125,10:16:39,28.6,200,33050
20240125,10:18:32,28.95,100,32950
20240125,10:19:03,29.15,100,32950
20240125,10:19:36,29.65,500,32950
20240125,10:20:33,31.2,250,32950
20240125,10:20:45,31.2,250,32950
20240125,10:20:57,31.35,100,32950
20240125,10:21:21,33.05,700,32950
20240125,10:21:43,32.0,50,32950
20240125,10:22:14,31.45,50,32950
20240125,10:22:36,31.1,250,32950
20240125,10:22:47,31.0,50,32950
20240125,10:24:06,32.1,400,32950
20240125,10:24:27,31.95,700,33100
20240125,10:26:33,30.45,100,33100
20240125,10:27:04,30.85,400,33100
20240125,10:29:24,30.3,300,33000
20240125,10:29:58,30.8,100,33000
20240125,10:30:09,30.45,1000,33000
20240125,10:30:19,29.85,50,33000
20240125,10:30:29,29.6,50,33000
20240125,10:31:01,30.25,100,33000
20240125,10:32:20,29.65,500,33000
20240125,10:32:41,29.55,100,33000
20240125,10:33:43,29.95,200,33050
20240125,10:33:53,30.3,50,33050
20240125,10:34:02,30.35,550,33050
20240125,10:34:12,30.6,700,33050
20240125,10:34:22,31.0,100,33050
20240125,10:34:33,31.1,350,33050
20240125,10:34:43,32.0,200,33050
20240125,10:34:53,32.45,550,33050
20240125,10:35:04,32.2,100,33050
20240125,10:35:14,32.0,50,33050
20240125,10:35:23,32.05,350,33050
20240125,10:35:25,31.5,150,33050
20240125,10:35:44,31.95,50,33050
20240125,10:35:49,32.2,150,33050
20240125,10:35:52,32.4,100,33050
20240125,10:35:53,31.95,550,33050
20240125,10:36:05,32.5,250,33050
20240125,10:38:01,31.75,50,33350
20240125,10:38:12,30.35,200,33350
20240125,10:38:22,30.45,550,33350
20240125,10:39:56,30.5,50,33500
20240125,10:40:35,30.3,50,33500
20240125,10:41:06,29.35,200,33500
20240125,10:41:16,29.05,200,33500
20240125,10:41:29,29.55,450,33500
20240125,10:43:39,32.1,250,33450
20240125,10:44:11,32.6,100,33450
20240125,10:44:21,32.65,100,33450
20240125,10:45:32,31.4,750,33650
20240125,10:45:51,31.8,850,33650
20240125,10:46:01,31.55,650,33650
20240125,10:46:12,31.65,150,33650
20240125,10:46:42,32.3,550,33650
20240125,10:46:48,32.05,300,33650
20240125,10:46:49,31.95,100,33650
20240125,10:46:50,31.8,50,33650
20240125,10:46:51,31.8,150,33650
20240125,10:46:52,31.95,100,33650
20240125,10:47:00,32.1,200,33650
20240125,10:47:12,32.2,50,33650
20240125,10:47:18,31.85,400,33650
20240125,10:47:19,31.85,100,33650
20240125,10:48:36,32.95,100,33750
20240125,10:49:14,32.3,150,33750
20240125,10:49:24,32.95,300,33750
20240125,10:49:33,32.7,50,33750
20240125,10:49:42,32.65,50,33750
20240125,10:50:01,31.95,450,33750
20240125,10:53:26,33.1,50,33750
20240125,10:53:47,33.9,650,33750
20240125,10:54:03,33.9,50,33750
20240125,10:54:07,33.2,50,33750
20240125,10:54:39,35.0,450,34350
20240125,10:55:13,36.5,500,34350
20240125,10:55:35,36.6,200,34350
20240125,10:55:47,36.6,450,34350
20240125,10:56:10,36.2,1200,34350
20240125,10:56:22,35.6,400,34350
20240125,10:56:33,35.1,300,34350
20240125,10:56:43,34.7,200,34350
20240125,10:57:13,35.65,100,34350
20240125,10:57:34,35.3,300,34500
20240125,10:57:44,35.3,100,34500
20240125,10:57:54,35.2,350,34500
20240125,10:58:04,34.95,750,34500
20240125,10:58:13,35.0,1200,34500
20240125,10:58:24,35.5,300,34500
20240125,10:58:34,35.0,400,34500
20240125,10:58:44,35.4,400,34500
20240125,10:58:54,35.9,1050,34500
20240125,10:59:04,35.9,950,34500
20240125,10:59:24,35.55,1050,34500
20240125,10:59:56,35.55,1100,34500
20240125,11:00:16,35.4,50,34500
20240125,11:00:37,35.55,700,36700
20240125,11:00:49,35.05,300,36700
20240125,11:01:09,34.85,50,36700
20240125,11:02:01,36.25,100,36700
20240125,11:02:23,35.9,150,36700
20240125,11:02:33,34.95,350,36700
20240125,11:03:05,34.85,50,36700
20240125,11:03:15,34.65,50,36700
20240125,11:03:26,34.05,150,36700
20240125,11:04:21,33.9,50,37350
20240125,11:04:31,34.3,250,37350
20240125,11:04:42,34.5,200,37350
20240125,11:06:11,34.2,200,37350
20240125,11:06:21,34.75,100,37350
20240125,11:06:30,34.55,100,37800
20240125,11:07:08,33.95,50,37800
20240125,11:07:18,34.45,200,37800
20240125,11:07:37,34.05,100,37800
20240125,11:08:05,34.2,50,37800
20240125,11:08:15,34.2,150,37800
20240125,11:10:19,33.55,50,37800
20240125,11:10:48,33.3,100,37800
20240125,11:10:59,33.1,150,37800
20240125,11:11:09,32.7,100,37800
20240125,11:11:39,32.7,200,37800
20240125,11:11:48,32.0,150,37800
20240125,11:12:10,31.8,250,37800
20240125,11:12:20,32.1,50,37800
20240125,11:13:07,32.05,50,37750
20240125,11:13:16,32.15,50,37750
20240125,11:13:46,32.95,250,37750
20240125,11:13:56,33.4,250,37750
20240125,11:14:06,33.3,300,37750
20240125,11:14:16,33.9,350,37750
20240125,11:14:25,33.85,1150,37750
20240125,11:14:35,34.1,450,37750
20240125,11:14:46,34.05,400,37750
20240125,11:14:56,33.85,50,37750
20240125,11:15:06,33.5,150,37750
20240125,11:15:24,34.2,900,36350
20240125,11:15:27,34.25,50,36350
20240125,11:15:29,34.45,100,36350
20240125,11:15:34,34.25,50,36350
20240125,11:15:36,34.55,50,36350
20240125,11:15:36,34.45,50,36350
20240125,11:15:37,34.2,200,36350
20240125,11:16:16,33.5,100,36350
20240125,11:16:46,33.5,50,36350
20240125,11:17:26,33.4,50,36350
20240125,11:17:35,33.2,50,36350
20240125,11:17:45,32.6,50,36350
20240125,11:18:38,32.4,50,35200
20240125,11:20:01,31.35,250,35200
20240125,11:20:24,30.25,50,35200
20240125,11:20:35,31.05,450,35200
20240125,11:20:47,31.05,200,35200
20240125,11:21:30,29.8,400,36150
20240125,11:21:41,29.35,600,36150
20240125,11:21:53,29.1,200,36150
20240125,11:22:04,28.6,50,36150
20240125,11:22:15,28.35,100,36150
20240125,11:22:26,28.95,300,36150
20240125,11:22:37,28.6,100,36150
20240125,11:22:49,27.95,200,36150
20240125,11:23:01,28.8,300,36150
20240125,11:24:07,30.0,250,36150
20240125,11:24:27,30.45,200,35800
20240125,11:25:08,30.75,600,35800
20240125,11:25:28,30.4,50,35800
20240125,11:25:38,30.75,50,35800
20240125,11:25:48,30.75,400,35800
20240125,11:25:58,30.4,250,35800
20240125,11:26:08,30.45,100,35800
20240125,11:26:26,29.95,700,35800
20240125,11:26:37,30.1,450,35800
20240125,11:28:42,32.25,250,35100
20240125,11:29:23,32.15,50,35100
20240125,11:30:03,31.0,250,35100
20240125,11:31:28,31.45,100,34600
20240125,11:31:38,31.8,250,34600
20240125,11:33:09,30.55,100,34600
20240125,11:33:39,31.05,400,34900
20240125,11:34:08,31.4,650,34900
20240125,11:35:20,32.3,100,34900
20240125,11:35:31,32.05,100,34900
20240125,11:35:41,31.85,50,34900
20240125,11:38:13,28.95,100,35300
20240125,11:38:35,28.3,50,35300
20240125,11:39:07,27.1,900,35300
20240125,11:39:31,27.15,150,34400
20240125,11:39:43,27.2,100,34400
20240125,11:39:54,27.25,50,34400
20240125,11:40:04,26.4,50,34400
20240125,11:40:17,26.55,300,34400
20240125,11:40:29,25.85,1300,34400
20240125,11:40:41,25.85,550,34400
20240125,11:41:04,25.55,200,34400
20240125,11:41:26,25.65,50,34400
20240125,11:41:47,25.7,1000,34400
20240125,11:41:57,25.65,100,34400
20240125,11:42:08,25.95,1400,34400
20240125,11:42:19,26.05,450,34400
20240125,11:42:30,25.7,550,34700
20240125,11:42:52,25.2,50,34700
20240125,11:43:34,25.35,50,34700
20240125,11:43:44,24.8,200,34700
20240125,11:43:54,24.9,800,34700
20240125,11:44:37,24.9,1450,34700
20240125,11:44:49,24.65,250,34700
20240125,11:45:00,24.65,400,34700
20240125,11:45:10,24.95,150,34700
20240125,11:45:22,25.35,750,34700
20240125,11:45:33,25.05,200,34700
20240125,11:45:43,25.25,50,36700
20240125,11:45:53,24.55,50,36700
20240125,11:46:03,24.5,350,36700
20240125,11:46:13,24.75,50,36700
20240125,11:46:24,24.95,100,36700
20240125,11:46:34,25.15,50,36700
20240125,11:47:15,26.1,200,36700
20240125,11:47:27,26.15,100,36700
20240125,11:48:24,25.75,200,36700
20240125,11:48:32,25.7,50,37600
20240125,11:48:33,25.7,350,37600
20240125,11:48:34,25.85,100,37600
20240125,11:48:36,25.8,100,37600
20240125,11:48:38,25.9,250,37600
20240125,11:48:40,25.85,50,37600
20240125,11:48:49,25.7,50,37600
20240125,11:48:57,25.65,250,37600
20240125,11:49:03,25.95,50,37600
20240125,11:49:08,26.25,50,37600
20240125,11:49:09,26.4,50,37600
20240125,11:49:11,26.6,100,37600
20240125,11:49:15,26.45,100,37600
20240125,11:49:19,26.4,50,37600
20240125,11:49:24,26.75,100,37600
20240125,11:49:31,26.8,50,37600
20240125,11:49:42,26.85,100,37600
20240125,11:49:48,27.0,900,37600
20240125,11:49:49,26.95,400,37600
20240125,11:49:50,27.1,350,37600
20240125,11:49:51,27.15,200,37600
20240125,11:49:52,27.2,200,37600
20240125,11:49:53,27.5,500,37600
20240125,11:49:54,27.35,200,37600
20240125,11:49:55,27.3,100,37600
20240125,11:49:56,27.3,250,37600
20240125,11:49:57,27.35,50,37600
20240125,11:50:03,27.45,50,37600
20240125,11:50:05,27.6,50,37600
20240125,11:50:08,27.55,50,37600
20240125,11:50:11,27.85,50,37600
20240125,11:50:13,27.8,50,37600
20240125,11:50:15,28.6,100,37600
20240125,11:50:16,28.55,500,37600
20240125,11:50:18,29.0,50,37600
20240125,11:50:21,29.0,300,37600
20240125,11:50:22,28.9,50,37600
20240125,11:50:23,28.75,150,37600
20240125,11:50:25,28.7,500,37600
20240125,11:50:26,28.55,500,37600
20240125,11:50:27,28.9,450,37600
20240125,11:50:29,29.3,50,37600
20240125,11:50:31,29.5,50,37600
20240125,11:50:35,30.05,350,37600
20240125,11:50:41,30.25,200,37600
20240125,11:50:56,31.4,50,37600
20240125,11:51:05,30.65,300,37600
20240125,11:51:07,30.55,300,37600
20240125,11:51:08,30.55,250,37600
20240125,11:51:19,30.15,550,37600
20240125,11:51:21,30.0,50,37600
20240125,11:52:01,29.8,50,39150
20240125,11:52:33,30.6,100,39150
20240125,11:52:43,30.8,550,39150
20240125,11:53:24,29.65,50,39150
20240125,11:53:55,30.4,3650,39150
20240125,11:54:48,30.4,50,41050
20240125,11:55:19,30.4,100,41050
20240125,11:55:30,31.3,50,41050
20240125,11:55:41,31.45,50,41050
20240125,11:56:02,31.35,150,41050
20240125,11:56:13,31.05,100,41050
20240125,11:56:54,31.9,100,41050
20240125,11:57:16,31.35,50,41050
20240125,11:58:46,31.0,100,41400
20240125,11:59:16,30.1,50,41400
20240125,11:59:26,29.35,50,41400
20240125,11:59:37,29.5,50,41400
20240125,11:59:47,30.1,50,41400
20240125,12:00:06,29.95,50,41400
20240125,12:02:16,29.45,50,41650
20240125,12:02:26,29.45,50,41650
20240125,12:03:06,29.6,750,41650
20240125,12:04:51,30.55,50,42100
20240125,12:05:28,31.0,200,42100
20240125,12:05:38,31.2,200,42100
20240125,12:06:17,31.1,100,42100
20240125,12:06:27,31.5,100,42100
20240125,12:06:36,31.25,50,42500
20240125,12:06:46,31.8,50,42500
20240125,12:06:57,31.5,250,42500
20240125,12:07:06,31.5,300,42500
20240125,12:07:16,31.8,400,42500
20240125,12:07:35,32.05,50,42500
20240125,12:07:55,31.9,50,42500
20240125,12:08:05,32.4,200,42500
20240125,12:09:34,31.6,50,43100
20240125,12:11:07,31.45,50,43100
20240125,12:11:26,31.05,150,43100
20240125,12:11:35,30.6,50,43100
20240125,12:11:45,30.35,550,43100
20240125,12:13:23,30.9,50,43400
20240125,12:15:35,31.9,100,43400
20240125,12:15:57,32.75,100,43400
20240125,12:20:32,32.5,50,43500
20240125,12:20:42,32.4,50,43500
20240125,12:22:34,32.55,1250,43400
20240125,12:23:52,31.95,1250,43400
20240125,12:24:02,31.95,50,43400
20240125,12:24:39,29.85,250,44550
20240125,12:24:50,30.2,950,44550
20240125,12:24:59,30.25,50,44550
20240125,12:25:27,29.65,100,44550
20240125,12:25:36,29.85,250,44550
20240125,12:25:47,29.95,100,44550
20240125,12:26:06,29.55,50,44550
20240125,12:26:16,29.4,150,44550
20240125,12:26:26,30.1,450,44550
20240125,12:26:35,29.65,50,44550
20240125,12:27:34,29.45,50,45100
20240125,12:27:39,28.5,100,45100
20240125,12:28:00,27.95,50,45100
20240125,12:28:04,28.55,250,45100
20240125,12:28:08,28.05,50,45100
20240125,12:28:10,28.2,50,45100
20240125,12:28:13,28.2,50,45100
20240125,12:28:19,27.95,50,45100
20240125,12:28:20,28.4,100,45100
20240125,12:28:31,28.7,150,45100
20240125,12:28:48,28.1,100,45100
20240125,12:28:52,28.65,50,45100
20240125,12:28:53,28.65,50,45100
20240125,12:28:59,28.65,50,45100
20240125,12:29:05,28.15,50,45100
20240125,12:29:08,28.7,50,45100
20240125,12:29:12,28.5,100,45100
20240125,12:29:47,28.45,250,45100
20240125,12:29:57,28.65,200,45100
20240125,12:30:06,28.5,650,45100
20240125,12:30:15,28.25,550,45100
20240125,12:30:24,28.6,250,45100
20240125,12:30:52,28.05,100,45300
20240125,12:31:01,28.75,50,45300
20240125,12:31:27,29.0,100,45300
20240125,12:31:28,29.05,50,45300
20240125,12:31:29,28.95,50,45300
20240125,12:31:36,28.95,50,45300
20240125,12:31:37,28.9,50,45300
20240125,12:31:43,29.05,50,45300
20240125,12:33:53,29.65,250,45050
20240125,12:34:13,29.5,100,45050
20240125,12:34:33,29.4,50,45050
20240125,12:34:42,29.05,100,45050
20240125,12:35:30,28.45,850,45050
20240125,12:35:40,28.05,400,45050
20240125,12:35:49,28.1,150,45050
20240125,12:36:46,28.4,50,45650
20240125,12:37:32,28.05,100,45650
20240125,12:37:58,28.05,50,45650
20240125,12:38:07,27.7,50,45650
20240125,12:38:17,27.4,300,45650
20240125,12:38:36,27.45,100,45650
20240125,12:40:02,27.0,100,46050
20240125,12:40:32,26.35,250,46050
20240125,12:40:41,26.6,150,46050
20240125,12:47:14,27.5,50,46150
20240125,12:49:05,27.0,50,46150
20240125,12:49:15,26.85,300,46150
20240125,12:49:24,26.85,50,46150
20240125,12:49:42,27.0,350,46150
20240125,12:50:11,27.3,50,46150
20240125,12:52:08,28.45,350,46350
20240125,12:52:26,28.8,50,46350
20240125,12:53:20,28.05,50,46350
20240125,12:53:28,28.05,50,46350
20240125,12:53:36,28.25,50,46350
20240125,12:54:40,28.65,50,46200
20240125,12:54:59,29.05,100,46200
20240125,12:55:18,29.0,50,46200
20240125,12:55:27,28.65,300,46200
20240125,12:55:36,28.65,50,46200
20240125,12:55:54,28.7,50,46200
20240125,12:56:22,29.5,50,46200
20240125,12:56:32,29.9,350,46200
20240125,12:56:50,29.5,150,46200
20240125,12:58:14,29.0,50,45500
20240125,12:59:23,30.95,200,45500
20240125,12:59:34,31.2,1150,45500
20240125,12:59:44,30.3,200,45500
20240125,12:59:54,30.75,500,45500
20240125,13:00:05,31.3,150,45500
20240125,13:00:16,31.25,200,45500
20240125,13:00:27,31.1,50,45500
20240125,13:00:37,30.3,50,45500
20240125,13:01:16,29.95,100,45600
20240125,13:01:26,30.1,50,45600
20240125,13:01:35,30.2,50,45600
20240125,13:02:23,29.55,100,45600
20240125,13:02:32,29.8,200,45600
20240125,13:02:50,29.7,100,45600
20240125,13:03:00,29.6,250,45600
20240125,13:03:10,29.8,100,45600
20240125,13:03:19,30.0,50,45600
20240125,13:03:28,29.85,100,45600
20240125,13:03:37,29.85,50,45600
20240125,13:04:22,30.15,100,45250
20240125,13:04:40,29.7,100,45250
20240125,13:05:08,28.7,50,45250
20240125,13:05:46,28.8,50,45250
20240125,13:07:39,29.25,50,45100
20240125,13:08:07,29.0,1300,45100
20240125,13:10:10,29.85,50,46200
20240125,13:10:57,29.35,50,46200
20240125,13:11:06,29.5,50,46200
20240125,13:11:15,29.25,250,46200
20240125,13:11:24,29.25,1000,46200
20240125,13:12:09,29.05,50,46200
20240125,13:12:46,28.6,50,45800
20240125,13:13:14,28.25,200,45800
20240125,13:13:41,28.35,50,45800
20240125,13:14:20,27.3,1400,45800
20240125,13:14:29,27.3,1400,45800
20240125,13:14:48,27.3,200,45800
20240125,13:15:07,26.8,1300,45800
20240125,13:15:18,26.8,400,45800
20240125,13:15:28,26.85,50,45800
20240125,13:15:38,26.6,2400,48950
20240125,13:16:26,26.5,1350,48950
20240125,13:16:36,26.4,750,48950
20240125,13:16:45,26.3,50,48950
20240125,13:17:04,26.3,50,48950
20240125,13:17:33,25.8,1100,48950
20240125,13:17:43,25.8,550,48950
20240125,13:18:39,26.8,50,48950
20240125,13:19:06,27.05,250,51250
20240125,13:20:10,26.55,50,51250
20240125,13:22:06,26.5,1050,51350
20240125,13:25:33,27.4,50,51100
20240125,13:25:43,27.65,50,51100
20240125,13:25:53,27.55,50,51100
20240125,13:26:12,27.35,50,51100
20240125,13:26:30,27.5,50,51100
20240125,13:26:58,27.95,150,51100
20240125,13:27:08,27.9,300,51100
20240125,13:27:17,27.9,700,51100
20240125,13:27:46,27.9,1000,51100
20240125,13:28:15,27.7,100,51100
20240125,13:28:44,28.2,50,51100
20240125,13:29:03,28.4,50,51100
20240125,13:29:22,28.7,1500,51100
20240125,13:29:32,28.7,250,51100
20240125,13:29:42,28.6,50,51100
20240125,13:31:26,28.0,50,50000
20240125,13:31:45,28.6,150,50000
20240125,13:33:56,28.15,150,49800
20240125,13:34:05,27.95,200,49800
20240125,13:35:51,28.35,50,49800
20240125,13:37:16,28.3,50,49850
20240125,13:39:52,27.2,50,49850
20240125,13:40:45,27.3,50,49850
20240125,13:40:54,27.4,450,49850
20240125,13:41:46,27.5,300,49850
20240125,13:42:44,27.15,200,50250
20240125,13:43:01,27.0,50,50250
20240125,13:43:11,26.65,100,50250
20240125,13:43:47,26.95,50,50250
20240125,13:43:55,26.85,50,50250
20240125,13:44:03,27.0,50,50250
20240125,13:46:31,26.8,200,50750
20240125,13:47:32,26.0,1800,50750
20240125,13:47:40,26.0,200,50750
20240125,13:48:56,25.9,150,51000
20240125,13:49:06,25.95,50,51000
20240125,13:49:15,26.05,50,51000
20240125,13:49:24,25.55,100,51000
20240125,13:49:33,25.5,100,51000
20240125,13:50:02,25.3,650,51000
20240125,13:50:12,25.1,100,51000
20240125,13:50:43,25.05,100,51000
20240125,13:52:15,26.3,100,51200
20240125,13:53:02,26.15,550,51200
20240125,13:53:22,26.6,100,51200
20240125,13:53:31,26.3,200,51200
20240125,13:53:41,26.6,150,51200
20240125,13:53:50,26.45,100,51200
20240125,13:53:59,26.7,50,51200
20240125,13:54:09,26.45,50,51200
20240125,13:54:19,26.4,350,51200
20240125,13:55:33,26.75,100,50300
20240125,13:55:44,26.85,50,50300
20240125,13:56:13,26.85,50,50300
20240125,13:56:32,26.3,50,50300
20240125,13:56:42,26.15,50,50300
20240125,14:00:55,25.25,200,50150
20240125,14:01:15,25.2,50,50150
20240125,14:02:02,25.05,150,50150
20240125,14:02:11,25.55,200,50150
20240125,14:02:47,24.9,50,50150
20240125,14:04:27,24.95,50,50450
20240125,14:05:21,24.75,50,50450
20240125,14:05:30,24.7,50,50450
20240125,14:06:16,24.65,100,50450
20240125,14:06:35,24.15,100,50450
20240125,14:07:13,24.65,100,50600
20240125,14:10:19,24.95,50,50700
20240125,14:13:02,24.75,50,50700
20240125,14:13:10,24.8,50,50700
20240125,14:13:37,25.2,50,50700
20240125,14:15:50,26.75,50,50700
20240125,14:17:42,27.1,50,50800
20240125,14:18:42,27.05,750,50800
20240125,14:19:19,26.8,200,50450
20240125,14:19:28,26.85,550,50450
20240125,14:19:46,26.85,250,50450
20240125,14:21:13,27.3,200,50450
20240125,14:21:40,26.9,250,50450
20240125,14:21:49,27.0,150,50600
20240125,14:21:58,27.05,200,50600
20240125,14:23:00,26.95,1650,50600
20240125,14:23:36,26.75,100,50600
20240125,14:25:29,26.6,100,50250
20240125,14:25:46,27.0,1250,50250
20240125,14:27:22,26.6,50,50250
20240125,14:28:26,26.85,400,50350
20240125,14:28:35,26.8,50,50350
20240125,14:28:44,26.7,150,50350
20240125,14:29:02,26.5,750,50350
20240125,14:29:11,26.2,400,50350
20240125,14:29:49,26.1,100,50350
20240125,14:30:16,25.85,50,50350
20240125,14:32:36,26.0,100,49600
20240125,14:32:45,26.05,50,49600
20240125,14:33:04,26.4,50,49600
20240125,14:34:08,26.0,250,49600
20240125,14:34:17,25.55,50,49600
20240125,14:35:21,25.65,50,49600
20240125,14:35:31,26.0,500,49600
20240125,14:38:38,26.9,50,50100
20240125,14:38:58,27.45,200,50100
20240125,14:39:18,27.15,50,50100
20240125,14:39:27,27.25,100,50100
20240125,14:39:57,27.95,50,49950
20240125,14:40:06,28.1,100,49950
20240125,14:40:16,28.0,50,49950
20240125,14:41:51,28.0,50,49950
20240125,14:44:30,28.4,100,49850
20240125,14:45:15,28.3,100,49850
20240125,14:45:51,28.0,600,49850
20240125,14:46:28,27.3,250,50200
20240125,14:46:57,28.5,600,50200
20240125,14:47:50,27.55,50,50200
20240125,14:48:07,27.15,50,50200
20240125,14:48:51,27.4,550,50200
20240125,14:49:53,27.55,50,50750
20240125,14:50:09,27.6,50,50750
20240125,14:50:17,27.55,50,50750
20240125,14:50:25,27.5,50,50750
20240125,14:51:00,27.4,50,50750
20240125,14:52:28,27.65,50,50650
20240125,14:52:46,27.45,50,50650
20240125,14:53:58,27.0,250,50650
20240125,14:54:08,27.0,400,50650
20240125,14:55:04,26.55,50,50000
20240125,14:55:23,26.15,50,50000
20240125,14:55:32,26.4,150,50000
20240125,14:56:36,26.3,150,50000
20240125,14:56:45,26.0,50,50000
20240125,14:57:03,26.0,100,50000
20240125,14:57:37,25.95,50,50000
20240125,14:57:46,25.8,300,50000
20240125,14:58:13,25.9,200,49900
20240125,14:58:21,25.9,450,49900
20240125,14:58:30,25.8,200,49900
20240125,14:58:39,25.8,50,49900
20240125,14:58:48,25.35,200,49900
20240125,14:59:22,25.7,50,49900
20240125,15:00:05,25.0,100,49900
20240125,15:00:26,24.55,50,49900
20240125,15:00:45,24.15,50,49900
20240125,15:01:16,22.85,250,49100
20240125,15:01:27,22.8,50,49100
20240125,15:01:48,22.15,50,49100
20240125,15:02:19,21.5,50,49100
20240125,15:02:40,21.45,50,49100
20240125,15:02:59,21.45,350,49100
20240125,15:03:09,21.75,50,49100
20240125,15:04:10,22.0,500,49450
20240125,15:04:21,21.7,700,49450
20240125,15:05:04,20.95,50,49450
20240125,15:05:15,20.3,350,49450
20240125,15:05:37,19.7,1800,49450
20240125,15:05:59,19.7,50,49450
20240125,15:07:16,19.35,1050,49400
20240125,15:07:46,19.45,150,49400
20240125,15:07:57,19.65,100,49400
20240125,15:08:08,19.75,250,49400
20240125,15:08:18,19.65,400,49400
20240125,15:08:28,19.75,100,49400
20240125,15:08:39,19.5,100,49400
20240125,15:09:11,19.1,1000,49400
20240125,15:09:22,19.0,50,49400
20240125,15:09:34,19.0,50,49400
20240125,15:09:57,19.0,500,49400
20240125,15:10:29,19.9,350,48300
20240125,15:10:51,20.0,750,48300
20240125,15:11:12,19.95,1200,48300
20240125,15:11:22,19.7,200,48300
20240125,15:11:31,19.55,150,48300
20240125,15:11:43,19.8,650,48300
20240125,15:11:53,19.35,750,48300
20240125,15:12:04,19.1,100,48300
20240125,15:12:27,19.05,50,48300
20240125,15:12:38,19.15,150,48300
20240125,15:12:50,19.0,350,48300
20240125,15:13:01,18.75,200,48300
20240125,15:13:11,18.45,500,47150
20240125,15:13:32,18.4,350,47150
20240125,15:13:43,18.15,50,47150
20240125,15:13:55,18.15,50,47150
20240125,15:14:26,18.85,550,47150
20240125,15:14:37,19.1,1050,47150
20240125,15:14:49,19.1,1550,47150
20240125,15:14:59,19.1,100,47150
20240125,15:15:10,19.25,400,47150
20240125,15:15:20,19.25,1450,47150
20240125,15:15:30,19.4,600,47150
20240125,15:15:40,19.2,950,47150
20240125,15:16:01,18.95,2400,46250
20240125,15:16:13,18.7,1100,46250
20240125,15:16:24,18.9,1150,46250
20240125,15:16:55,18.6,2050,46250
20240125,15:17:05,18.65,1200,46250
20240125,15:17:15,18.6,1750,46250
20240125,15:17:26,18.45,550,46250
20240125,15:17:38,18.5,3050,46250
20240125,15:17:50,18.5,1650,46250
20240125,15:17:59,18.5,300,46250
20240125,15:18:10,18.6,1050,46250
20240125,15:18:21,18.6,150,46250
20240125,15:18:31,18.65,250,46250
20240125,15:18:42,18.5,250,46250
20240125,15:18:52,18.0,2500,46250
20240125,15:19:02,18.0,1300,52450
20240125,15:19:11,17.7,400,52450
20240125,15:19:23,17.5,1900,52450
20240125,15:19:34,17.5,250,52450
20240125,15:19:44,17.7,3300,52450
20240125,15:20:22,17.9,300,52450
20240125,15:20:31,17.8,7600,52450
20240125,15:20:41,17.65,50,52450
20240125,15:20:51,17.7,1000,52450
20240125,15:21:29,17.1,200,52450
20240125,15:21:39,17.1,250,52450
20240125,15:21:50,17.2,1250,52450
20240125,15:22:00,17.2,150,52450
20240125,15:22:27,17.0,50,64150
20240125,15:22:36,17.0,100,64150
20240125,15:22:44,16.9,150,64150
20240125,15:22:55,16.8,50,64150
20240125,15:23:15,16.8,250,64150
20240125,15:23:35,17.75,150,64150
20240125,15:23:45,17.6,350,64150
20240125,15:23:57,17.65,500,64150
20240125,15:24:09,17.8,3900,64150
20240125,15:24:19,17.75,1450,64150
20240125,15:24:28,17.7,50,64150
20240125,15:25:34,17.5,2600,67300
20240125,15:25:43,16.8,1650,67300
20240125,15:25:53,16.6,1200,67300
20240125,15:26:13,16.5,1700,67300
20240125,15:26:23,16.3,1400,67300
20240125,15:26:33,16.6,300,67300
20240125,15:26:43,16.5,3250,67300
20240125,15:26:53,17.65,8850,67300
20240125,15:27:03,17.3,400,67300
20240125,15:27:25,16.9,300,67300
20240125,15:27:37,15.2,6500,67300
20240125,15:27:50,17.0,2450,67300
20240125,15:28:02,16.95,100,67300
20240125,15:28:11,17.3,500,77900
20240125,15:28:22,16.95,3150,77900
20240125,15:28:35,16.4,2600,77900
20240125,15:28:45,17.3,100,77900
20240125,15:29:15,17.35,150,77900
20240125,15:29:35,17.4,400,77900
20240125,15:29:47,18.1,750,77900
20240125,15:29:58,16.9,1300,77900
20240125,15:30:04,17.85,50,77900
20240129,09:15:10,18.4,1,82800
20240129,09:15:10,18.4,50,82800
20240129,09:15:44,14.45,50,82800
20240129,09:15:52,14.45,200,82800
20240129,09:16:22,15.6,2050,82800
20240129,09:16:26,15.65,50,82800
20240129,09:16:46,15.5,50,82800
20240129,09:16:51,15.7,50,82800
20240129,09:17:03,15.65,300,82800
20240129,09:17:29,15.7,50,82900
20240129,09:17:50,15.95,150,82900
20240129,09:18:01,15.95,250,82900
20240129,09:18:10,16.2,6100,82900
20240129,09:18:18,15.95,1750,82900
20240129,09:18:26,15.75,1050,82900
20240129,09:18:34,15.7,700,82900
20240129,09:18:42,15.8,1700,82900
20240129,09:18:50,15.7,500,82900
20240129,09:18:57,15.7,450,82900
20240129,09:18:59,15.65,250,82900
20240129,09:19:01,15.65,250,82900
20240129,09:19:37,15.3,3150,82900
20240129,09:19:39,15.35,500,82900
20240129,09:19:54,15.3,200,82900
20240129,09:19:55,15.35,500,82900
20240129,09:19:57,15.3,700,82900
20240129,09:20:05,15.25,500,82900
20240129,09:20:07,15.2,50,82900
20240129,09:20:12,15.3,50,73600
20240129,09:20:14,15.3,450,73600
20240129,09:20:17,15.3,500,73600
20240129,09:20:25,15.15,150,73600
20240129,09:20:28,15.2,350,73600
20240129,09:20:33,15.1,500,73600
20240129,09:20:40,15.3,1050,73600
20240129,09:20:42,15.35,500,73600
20240129,09:20:58,15.35,500,73600
20240129,09:21:06,15.2,3350,73600
20240129,09:21:15,15.1,1300,73600
20240129,09:21:25,14.9,1850,73600
20240129,09:21:34,15.25,3600,73600
20240129,09:21:57,15.25,1000,73600
20240129,09:22:00,15.25,50,73600
20240129,09:22:03,15.2,450,73600
20240129,09:22:05,15.15,50,73600
20240129,09:22:15,15.15,1550,73600
20240129,09:22:17,15.25,500,73600
20240129,09:22:23,15.15,450,73600
20240129,09:22:25,15.15,250,73600
20240129,09:22:36,15.15,250,73600
20240129,09:22:38,15.25,50,73600
20240129,09:22:41,15.3,2400,73600
20240129,09:22:53,15.4,100,73600
20240129,09:23:07,15.15,150,73600
20240129,09:24:11,15.15,100,68050
20240129,09:24:19,15.2,50,68050
20240129,09:25:05,15.1,550,68050
20240129,09:25:22,15.1,650,68050
20240129,09:25:30,15.1,300,68050
20240129,09:25:38,15.2,300,68050
20240129,09:25:47,15.35,800,68050
20240129,09:25:55,15.3,850,68050
20240129,09:26:11,15.3,150,68050
20240129,09:26:33,15.25,50,66900
20240129,09:26:40,15.3,850,66900
20240129,09:26:46,15.3,100,66900
20240129,09:26:52,15.3,100,66900
20240129,09:26:58,15.3,100,66900
20240129,09:27:06,15.25,50,66900
20240129,09:27:13,15.3,1700,66900
20240129,09:27:49,15.45,100,66900
20240129,09:28:05,15.35,50,66900
20240129,09:28:11,15.35,50,66900
20240129,09:28:18,15.5,100,66900
20240129,09:28:41,15.4,600,66900
20240129,09:29:36,15.3,50,68800
20240129,09:29:43,15.45,100,68800
20240129,09:30:13,15.45,150,68800
20240129,09:31:41,15.8,100,68800
20240129,09:31:48,15.95,50,68800
20240129,09:32:25,16.0,50,69050
20240129,09:32:56,16.15,500,69050
20240129,09:33:23,15.95,50,69050
20240129,09:33:29,16.1,100,69050
20240129,09:33:42,16.35,400,69050
20240129,09:33:49,16.35,300,69050
20240129,09:33:55,16.45,400,69050
20240129,09:34:03,16.3,50,69050
20240129,09:34:20,16.1,3400,69050
20240129,09:34:28,16.1,100,69050
20240129,09:34:56,16.4,50,69050
20240129,09:35:16,16.55,100,73150
20240129,09:35:23,16.55,50,73150
20240129,09:35:29,16.5,50,73150
20240129,09:35:43,16.5,150,73150
20240129,09:36:11,16.85,350,73150
20240129,09:36:38,16.65,350,73150
20240129,09:39:00,17.2,200,73200
20240129,09:39:42,17.45,200,73200
20240129,09:40:03,17.45,100,73200
20240129,09:40:09,17.3,350,73200
20240129,09:41:01,17.15,1850,73200
20240129,09:41:22,17.15,50,70850
20240129,09:41:47,16.9,50,70850
20240129,09:42:10,16.9,750,70850
20240129,09:42:24,16.9,50,70850
20240129,09:42:40,17.05,100,70850
20240129,09:42:50,17.0,50,70850
20240129,09:43:03,17.05,250,70850
20240129,09:43:10,16.75,50,70850
20240129,09:43:53,16.9,450,70850
20240129,09:43:59,17.0,400,70850
20240129,09:44:12,17.0,50,70850
20240129,09:44:33,17.05,350,70450
20240129,09:44:41,17.1,600,70450
20240129,09:45:12,16.9,200,70450
20240129,09:45:59,17.05,50,70450
20240129,09:46:19,16.8,1000,70450
20240129,09:47:41,17.1,300,70600
20240129,09:48:01,17.1,300,70600
20240129,09:48:48,17.0,900,70600
20240129,09:49:07,16.95,200,70600
20240129,09:49:13,17.2,50,70600
20240129,09:49:21,17.3,50,70600
20240129,09:49:55,17.35,50,70600
20240129,09:50:00,17.35,100,70600
20240129,09:50:12,17.25,100,70600
20240129,09:51:02,17.35,100,70400
20240129,09:52:08,17.4,50,70400
20240129,09:53:10,17.3,300,70400
20240129,09:53:23,17.3,50,70650
20240129,09:53:29,17.4,100,70650
20240129,09:54:26,17.65,100,70650
20240129,09:54:47,17.55,50,70650
20240129,09:55:33,17.7,150,70650
20240129,09:55:53,17.7,800,70650
20240129,09:56:20,17.7,50,70450
20240129,09:56:55,17.2,1650,70450
20240129,09:57:36,17.05,50,70450
20240129,09:57:44,16.4,100,70450
20240129,09:58:17,16.65,400,70450
20240129,09:58:35,16.15,400,70450
20240129,09:58:59,15.9,50,70450
20240129,09:59:17,15.75,150,70450
20240129,09:59:25,15.9,50,70450
20240129,09:59:40,15.85,100,70450
20240129,09:59:48,15.65,200,70450
20240129,09:59:56,15.65,100,70450
20240129,10:00:48,15.75,50,70450
20240129,10:01:36,15.9,100,70450
20240129,10:01:43,16.1,100,70450
20240129,10:01:50,16.15,550,70450
20240129,10:02:14,16.35,100,70450
20240129,10:03:14,16.5,50,70400
20240129,10:03:27,16.65,300,70400
20240129,10:03:33,16.7,200,70400
20240129,10:04:51,16.6,200,70400
20240129,10:05:09,16.45,300,70400
20240129,10:05:36,16.45,50,70250
20240129,10:05:50,16.55,50,70250
20240129,10:06:12,16.6,300,70250
20240129,10:06:25,16.45,50,70250
20240129,10:06:31,16.45,350,70250
20240129,10:06:43,16.55,200,70250
20240129,10:07:09,16.7,700,70250
20240129,10:07:16,16.7,150,70250
20240129,10:07:24,16.75,50,70250
20240129,10:07:31,16.7,250,70250
20240129,10:07:42,16.65,450,70250
20240129,10:08:05,16.7,50,70250
20240129,10:08:12,16.7,250,70250
20240129,10:08:17,16.6,50,70200
20240129,10:08:23,16.6,50,70200
20240129,10:08:43,16.55,50,70200
20240129,10:08:49,16.5,50,70200
20240129,10:08:55,16.5,50,70200
20240129,10:09:09,16.2,100,70200
20240129,10:09:28,16.6,300,70200
20240129,10:09:40,16.45,50,70200
20240129,10:10:20,16.7,650,70200
20240129,10:10:27,16.4,300,70200
20240129,10:11:13,16.35,50,70200
20240129,10:11:19,16.25,150,69900
20240129,10:11:33,16.4,150,69900
20240129,10:11:39,16.2,200,69900
20240129,10:11:46,16.4,100,69900
20240129,10:12:25,16.3,500,69900
20240129,10:12:47,16.1,50,69900
20240129,10:14:30,16.05,50,69850
20240129,10:14:49,15.95,50,69850
20240129,10:15:41,15.6,100,69850
20240129,10:16:03,15.9,500,69850
20240129,10:16:09,15.85,250,69850
20240129,10:16:27,15.7,150,69850
20240129,10:18:35,15.4,50,69850
20240129,10:18:42,15.45,1000,69850
20240129,10:19:30,15.6,50,69850
20240129,10:19:48,15.8,50,69850
20240129,10:20:01,15.7,300,69850
20240129,10:20:14,15.9,200,69850
20240129,10:20:29,15.8,100,71050
20240129,10:20:36,15.7,100,71050
20240129,10:20:57,15.65,150,71050
20240129,10:22:03,15.95,50,71050
20240129,10:22:52,15.8,100,71050
20240129,10:24:16,15.95,50,71100
20240129,10:24:28,16.0,150,71100
20240129,10:25:05,15.65,150,71100
20240129,10:25:34,15.65,50,71100
20240129,10:26:25,15.65,50,71050
20240129,10:26:45,15.8,100,71050
20240129,10:27:59,16.1,100,71050
20240129,10:28:05,16.0,250,71050
20240129,10:29:20,16.1,250,71050
20240129,10:30:02,16.1,50,71050
20240129,10:31:00,16.4,50,71050
20240129,10:31:43,16.55,50,71050
20240129,10:34:40,16.3,650,71000
20240129,10:36:08,16.15,50,70650
20240129,10:38:50,16.2,50,70700
20240129,10:39:35,16.0,50,70700
20240129,10:40:11,16.2,100,70700
20240129,10:40:39,16.1,450,70700
20240129,10:40:50,16.15,1400,70700
20240129,10:41:15,16.3,250,70700
20240129,10:41:41,16.15,700,68850
20240129,10:42:25,16.1,50,68850
20240129,10:43:27,16.0,50,68850
20240129,10:46:13,16.15,1000,68750
20240129,10:46:29,16.1,50,68750
20240129,10:47:28,16.3,250,69750
20240129,10:57:23,15.7,50,69500
20240129,10:58:55,15.5,500,69500
20240129,10:59:10,15.35,150,69500
20240129,10:59:28,15.05,1850,69400
20240129,11:00:31,14.95,100,69400
20240129,11:01:14,15.05,150,69400
20240129,11:03:02,15.15,50,67650
20240129,11:04:28,14.9,50,67650
20240129,11:06:24,14.95,250,67600
20240129,11:06:54,14.7,50,67600
20240129,11:09:07,14.75,50,67400
20240129,11:10:27,14.9,1000,67400
20240129,11:13:29,14.75,50,66900
20240129,11:15:46,14.8,50,66900
20240129,11:18:29,14.7,50,66950
20240129,11:19:41,15.25,150,66950
20240129,11:19:50,15.15,150,66950
20240129,11:20:06,15.25,300,66950
20240129,11:21:14,15.8,50,67000
20240129,11:22:44,15.45,1350,67000
20240129,11:23:47,15.55,50,66350
20240129,11:24:20,15.55,50,66350
20240129,11:24:25,15.65,250,66350
20240129,11:25:12,15.4,50,66350
20240129,11:25:47,15.35,200,66350
20240129,11:25:53,15.45,250,66350
20240129,11:26:07,15.3,100,66350
20240129,11:26:34,15.3,200,66100
20240129,11:26:40,15.35,50,66100
20240129,11:26:52,15.35,50,66100
20240129,11:26:58,15.35,50,66100
20240129,11:27:04,15.3,150,66100
20240129,11:27:39,15.3,500,66100
20240129,11:27:44,15.3,50,66100
20240129,11:28:09,15.3,450,66100
20240129,11:28:44,14.95,100,66100
20240129,11:29:36,14.3,650,66050
20240129,11:29:44,14.25,500,66050
20240129,11:30:04,13.95,250,66050
20240129,11:30:10,13.85,150,66050
20240129,11:30:18,13.6,200,66050
20240129,11:30:25,13.6,300,66050
20240129,11:31:05,13.65,50,66050
20240129,11:31:30,13.95,150,66050
20240129,11:31:35,13.8,100,66050
20240129,11:31:43,13.8,100,66050
20240129,11:31:53,13.9,50,66050
20240129,11:31:59,13.9,200,66050
20240129,11:32:04,13.9,150,66050
20240129,11:32:11,13.95,100,66050
20240129,11:32:16,13.95,250,66050
20240129,11:32:22,13.95,300,66050
20240129,11:32:29,13.85,400,65550
20240129,11:32:36,14.0,250,65550
20240129,11:32:48,14.0,100,65550
20240129,11:33:13,14.2,50,65550
20240129,11:33:39,14.15,50,65550
20240129,11:33:45,14.2,250,65550
20240129,11:42:41,14.3,900,65550
20240129,11:43:01,14.25,400,65550
20240129,11:43:56,14.4,350,65550
20240129,11:45:00,14.5,250,66150
20240129,11:45:20,14.6,500,66150
20240129,11:48:21,14.1,500,66000
20240129,11:49:23,14.35,50,66000
20240129,11:49:59,14.2,200,66000
20240129,11:54:57,13.9,50,65500
20240129,11:56:16,14.4,100,65500
20240129,11:56:58,14.2,100,65600
20240129,12:00:10,14.05,400,65550
20240129,12:03:29,14.1,100,65550
20240129,12:03:35,13.8,50,65550
20240129,12:06:36,13.85,100,65550
20240129,12:07:15,13.85,50,65550
20240129,12:10:51,13.95,100,65600
20240129,12:11:22,13.95,50,65600
20240129,12:13:23,13.9,100,65550
20240129,12:13:50,13.95,50,65550
20240129,12:13:55,13.95,50,65550
20240129,12:14:16,14.0,300,65550
20240129,12:16:07,13.95,50,65550
20240129,12:20:25,13.8,50,65550
20240129,12:23:56,14.0,100,65550
20240129,12:24:01,14.0,850,65550
20240129,12:24:11,14.0,250,65550
20240129,12:26:01,14.0,50,65550
20240129,12:26:49,14.15,250,65550
20240129,12:26:57,13.9,150,65550
20240129,12:30:00,13.8,150,65800
20240129,12:30:04,13.9,50,65800
20240129,12:30:20,13.75,50,65800
20240129,12:30:56,13.7,150,65800
20240129,12:31:04,13.55,150,65800
20240129,12:31:11,13.55,500,65800
20240129,12:35:09,13.3,800,65350
20240129,12:39:52,13.3,50,65350
20240129,12:41:50,13.5,600,65350
20240129,12:48:55,13.4,50,65300
20240129,12:49:13,13.5,200,65300
20240129,12:50:02,13.55,100,65300
20240129,12:51:08,13.45,300,65450
20240129,12:51:12,13.5,150,65450
20240129,12:51:16,13.5,150,65450
20240129,12:51:20,13.5,500,65450
20240129,12:51:47,13.4,350,65450
20240129,12:52:09,13.15,100,65450
20240129,12:52:41,13.15,50,65450
20240129,12:53:02,13.55,1500,65450
20240129,12:53:21,13.55,50,65450
20240129,12:53:25,13.55,350,65450
20240129,12:53:30,13.5,200,65450
20240129,12:53:34,13.55,50,65450
20240129,12:53:50,13.6,150,65950
20240129,12:53:57,13.65,1450,65950
20240129,12:54:01,13.6,50,65950
20240129,12:54:04,13.6,50,65950
20240129,12:54:55,13.6,500,65950
20240129,12:55:03,13.55,150,65950
20240129,12:55:15,13.6,750,65950
20240129,12:55:19,13.65,450,65950
20240129,12:55:23,13.7,150,65950
20240129,12:59:20,13.6,50,65500
20240129,13:00:25,13.5,150,65500
20240129,13:00:53,13.65,50,65500
20240129,13:01:25,13.6,50,65500
20240129,13:01:31,13.6,800,65500
20240129,13:02:23,13.6,1200,65500
20240129,13:08:04,13.65,100,65400
20240129,13:09:21,13.6,150,65400
20240129,13:09:38,13.85,50,65400
20240129,13:10:24,13.65,100,65400
20240129,13:12:56,13.65,50,65350
20240129,13:13:35,13.8,50,65350
20240129,13:15:14,13.7,50,65350
20240129,13:18:18,14.1,100,65350
20240129,13:18:46,14.0,50,65350
20240129,13:19:00,13.8,1000,65350
20240129,13:19:30,14.15,100,65350
20240129,13:19:57,14.15,100,65350
20240129,13:20:36,14.15,200,65350
20240129,13:20:58,14.3,500,65250
20240129,13:21:02,14.2,100,65250
20240129,13:21:06,14.2,100,65250
20240129,13:21:50,14.1,100,65250
20240129,13:22:11,14.35,900,65250
20240129,13:22:24,14.4,400,65250
20240129,13:22:29,14.4,400,65250
20240129,13:22:34,14.45,400,65250
20240129,13:22:56,14.4,100,65250
20240129,13:23:09,14.4,100,65250
20240129,13:23:13,14.45,100,65250
20240129,13:24:08,14.5,50,65350
20240129,13:24:21,14.5,100,65350
20240129,13:24:36,14.35,150,65350
20240129,13:24:54,14.4,200,65350
20240129,13:25:02,14.15,200,65350
20240129,13:25:54,14.2,50,65350
20240129,13:26:32,14.15,50,65350
20240129,13:29:11,14.2,100,65350
20240129,13:29:15,14.3,950,65350
20240129,13:30:27,14.35,50,66300
20240129,13:31:05,14.1,50,66300
20240129,13:31:20,14.0,1200,66300
20240129,13:31:55,14.4,100,66300
20240129,13:36:06,14.2,200,66350
20240129,13:36:20,14.0,150,66350
20240129,13:42:18,13.95,100,66300
20240129,13:42:38,13.95,50,66300
20240129,13:43:34,13.95,50,66300
20240129,13:44:41,13.7,150,66300
20240129,13:48:58,14.0,100,66300
20240129,13:49:56,13.4,50,66300
20240129,13:51:17,13.35,50,66350
20240129,13:56:57,13.2,450,66400
20240129,13:58:02,13.35,50,66400
20240129,13:59:25,13.45,100,66400
20240129,14:00:01,13.4,200,66450
20240129,14:01:49,13.35,100,66450
20240129,14:01:58,13.4,250,66450
20240129,14:02:02,13.4,250,66450
20240129,14:03:35,13.65,250,66950
20240129,14:05:06,13.65,300,66950
20240129,14:05:11,13.65,250,66950
20240129,14:05:16,13.75,200,66950
20240129,14:05:21,13.85,750,66950
20240129,14:06:11,13.6,150,67450
20240129,14:06:31,13.25,800,67450
20240129,14:08:36,13.95,50,67450
20240129,14:09:39,13.8,100,67450
20240129,14:09:58,13.8,100,67450
20240129,14:12:30,13.85,400,67600
20240129,14:16:55,14.2,50,67500
20240129,14:17:39,13.55,1000,67500
20240129,14:18:06,13.7,100,68500
20240129,14:18:12,13.5,600,68500
20240129,14:18:28,13.5,100,68500
20240129,14:18:34,13.35,250,68500
20240129,14:19:21,13.7,800,68500
20240129,14:19:33,13.7,50,68500
20240129,14:20:23,13.65,50,68500
20240129,14:21:55,13.55,50,70300
20240129,14:25:11,13.5,50,70300
20240129,14:25:44,13.8,1000,70300
20240129,14:33:47,14.1,500,70300
20240129,14:33:59,14.15,500,69900
20240129,14:34:05,14.1,500,69900
20240129,14:34:11,13.8,400,69900
20240129,14:34:16,14.1,500,69900
20240129,14:34:22,14.0,500,69900
20240129,14:34:30,14.05,500,69900
20240129,14:34:38,13.9,650,69900
20240129,14:34:43,13.85,200,69900
20240129,14:35:21,13.75,50,69900
20240129,14:35:42,13.75,50,69900
20240129,14:36:06,13.55,50,70750
20240129,14:36:19,13.25,50,70750
20240129,14:36:33,13.55,500,70750
20240129,14:37:25,13.2,400,70750
20240129,14:37:47,13.2,1400,70750
20240129,14:38:38,13.05,100,70750
20240129,14:38:44,12.95,200,70750
20240129,14:38:56,12.9,100,70500
20240129,14:39:22,12.75,850,70500
20240129,14:40:33,12.8,100,70500
20240129,14:40:43,12.7,50,70500
20240129,14:42:21,12.7,50,70100
20240129,14:44:14,13.0,450,70100
20240129,14:45:58,13.05,50,69950
20240129,14:46:07,13.0,50,69950
20240129,14:47:10,12.9,50,69950
20240129,14:47:16,12.85,50,69950
20240129,14:51:06,12.75,100,70100
20240129,14:53:10,13.0,100,70100
20240129,14:53:22,12.75,50,70100
20240129,14:54:09,12.85,100,70200
20240129,14:54:37,12.95,50,70200
20240129,14:55:52,13.0,900,70200
20240129,14:55:57,12.85,150,70200
20240129,14:57:36,12.9,50,70000
20240129,14:57:46,13.0,50,70000
20240129,14:58:22,13.1,50,70000
20240129,14:58:41,13.3,100,70000
20240129,15:00:07,13.2,400,70150
20240129,15:00:21,13.25,50,70150
20240129,15:00:54,13.3,50,70150
20240129,15:01:30,13.3,50,70150
20240129,15:01:45,13.0,50,70150
20240129,15:01:51,13.15,50,70150
20240129,15:02:06,12.9,300,70150
20240129,15:02:12,12.85,1650,70150
20240129,15:02:19,12.35,2550,70150
20240129,15:02:27,11.85,1800,70150
20240129,15:02:34,11.85,500,70150
20240129,15:02:41,12.3,100,70150
20240129,15:02:47,12.35,50,70150
20240129,15:03:01,12.95,200,66250
20240129,15:03:09,13.0,100,66250
20240129,15:03:16,13.05,100,66250
20240129,15:03:28,12.9,900,66250
20240129,15:04:01,12.85,1500,66250
20240129,15:04:21,12.95,300,66250
20240129,15:04:44,12.75,150,66250
20240129,15:05:23,12.9,100,66250
20240129,15:05:43,13.05,50,66250
20240129,15:06:30,12.95,200,67150
20240129,15:06:59,12.8,100,67150
20240129,15:07:06,12.75,50,67150
20240129,15:07:52,12.15,500,67150
20240129,15:08:07,12.25,300,67150
20240129,15:08:33,12.25,50,67150
20240129,15:08:46,12.05,750,67150
20240129,15:08:58,11.9,750,67150
20240129,15:09:38,12.0,50,67150
20240129,15:10:06,11.85,50,67150
20240129,15:10:16,11.55,50,67150
20240129,15:10:32,11.55,50,67150
20240129,15:10:40,11.95,150,67150
20240129,15:10:48,11.8,200,67150
20240129,15:10:57,12.0,200,67150
20240129,15:11:49,12.0,500,67150
20240129,15:12:11,11.9,500,68050
20240129,15:12:38,12.2,50,68050
20240129,15:14:49,12.15,200,68050
20240129,15:14:58,12.25,50,68050
20240129,15:15:07,12.3,250,68550
20240129,15:16:09,12.6,50,68550
20240129,15:16:53,12.5,50,68550
20240129,15:17:08,12.5,950,68550
20240129,15:17:40,12.5,100,68550
20240129,15:17:46,12.5,250,68550
20240129,15:17:52,12.5,250,68550
20240129,15:18:15,12.3,800,69150
20240129,15:18:38,12.15,400,69150
20240129,15:20:15,12.2,200,69150
20240129,15:20:59,12.15,150,69150
20240129,15:21:23,11.85,800,69750
20240129,15:22:00,11.7,1100,69750
20240129,15:22:28,11.55,250,69750
20240129,15:24:03,11.45,50,69750
20240129,15:24:14,11.4,50,69750
20240129,15:24:24,11.4,100,69750
20240129,15:24:44,11.35,300,69750
20240129,15:25:01,11.35,900,69750
20240129,15:25:18,11.25,400,69750
20240129,15:25:55,11.0,300,69750
20240129,15:26:04,11.2,50,69750
20240129,15:26:43,11.15,50,69750
20240129,15:26:52,10.95,50,69750
20240129,15:27:18,10.95,100,69750
20240129,15:27:27,10.8,100,69750
20240129,15:27:35,10.8,1400,69750
20240129,15:27:44,11.1,1000,69750
20240129,15:28:18,11.4,300,69750
20240129,15:28:28,11.25,150,69750
20240129,15:28:36,11.2,100,69750
20240129,15:28:45,11.2,50,69750
20240129,15:28:54,10.95,50,69750
20240129,15:29:25,10.8,50,69750
20240129,15:29:35,10.05,100,69750
20240129,15:29:56,10.05,100,69750
20240130,09:15:02,10.8,1,71600
20240130,09:15:02,12.15,300,71600
20240130,09:15:15,11.8,100,71600
20240130,09:15:27,11.0,50,71600
20240130,09:16:07,9.35,100,71600
20240130,09:16:20,9.35,350,71600
20240130,09:16:53,10.4,100,71600
20240130,09:17:02,10.5,150,71600
20240130,09:17:13,10.5,300,71600
20240130,09:17:25,10.55,200,71650
20240130,09:17:35,10.55,250,71650
20240130,09:17:44,10.75,300,71650
20240130,09:17:55,10.9,100,71650
20240130,09:18:24,11.05,50,71650
20240130,09:18:34,10.85,50,71650
20240130,09:18:44,11.05,100,71650
20240130,09:19:13,11.0,300,71650
20240130,09:19:33,11.15,250,71650
20240130,09:19:43,11.05,100,71650
20240130,09:19:52,11.2,100,71650
20240130,09:20:02,11.0,250,71650
20240130,09:20:12,11.2,50,71650
20240130,09:20:22,11.25,50,72150
20240130,09:20:32,11.5,50,72150
20240130,09:20:52,11.65,50,72150
20240130,09:21:02,11.6,300,72150
20240130,09:21:11,11.75,450,72150
20240130,09:21:21,11.9,350,72150
20240130,09:21:31,11.7,550,72150
20240130,09:21:40,11.7,800,72150
20240130,09:21:49,11.7,350,72150
20240130,09:21:59,12.0,350,72150
20240130,09:22:09,11.8,250,72150
20240130,09:22:19,11.75,150,72150
20240130,09:22:29,11.85,400,72150
20240130,09:22:38,11.9,50,72150
20240130,09:22:47,11.95,200,72150
20240130,09:23:05,12.0,50,72150
20240130,09:23:24,12.0,50,72500
20240130,09:24:26,12.0,1050,72500
20240130,09:24:35,12.0,550,72500
20240130,09:25:02,12.2,1000,72500
20240130,09:25:10,12.45,1000,72500
20240130,09:25:47,13.3,600,72500
20240130,09:25:57,13.45,300,72500
20240130,09:26:07,13.6,750,72500
20240130,09:26:17,13.4,100,72500
20240130,09:26:45,13.65,550,73950
20240130,09:26:54,14.0,1050,73950
20240130,09:27:03,13.75,1950,73950
20240130,09:27:11,14.0,1500,73950
20240130,09:27:20,13.8,2000,73950
20240130,09:27:30,13.85,1350,73950
20240130,09:27:39,13.75,350,73950
20240130,09:27:59,13.9,400,73950
20240130,09:28:32,13.9,50,73950
20240130,09:28:43,14.15,1600,73950
20240130,09:28:55,14.5,750,73950
20240130,09:29:06,14.5,350,73950
20240130,09:29:17,14.75,800,74400
20240130,09:29:40,14.75,500,74400
20240130,09:29:50,14.45,550,74400
20240130,09:30:01,14.55,100,74400
20240130,09:30:13,14.55,950,74400
20240130,09:30:24,14.8,750,74400
20240130,09:30:35,14.9,1050,74400
20240130,09:30:46,13.8,1600,74400
20240130,09:30:57,13.8,1000,74400
20240130,09:31:08,13.6,1000,74400
20240130,09:31:19,12.85,500,74400
20240130,09:31:41,13.25,200,74400
20240130,09:31:52,13.35,1000,74400
20240130,09:32:02,13.5,50,74400
20240130,09:32:13,13.7,1800,74400
20240130,09:32:24,13.7,50,74000
20240130,09:32:55,13.55,50,74000
20240130,09:33:05,13.75,850,74000
20240130,09:33:26,14.35,100,74000
20240130,09:33:37,14.05,350,74000
20240130,09:33:48,14.05,50,74000
20240130,09:34:41,14.65,700,74000
20240130,09:34:51,14.5,1950,74000
20240130,09:35:02,14.4,950,74000
20240130,09:35:13,14.5,950,74000
20240130,09:35:23,14.1,150,76400
20240130,09:35:35,13.95,150,76400
20240130,09:36:16,13.9,50,76400
20240130,09:36:26,14.1,50,76400
20240130,09:36:57,14.1,50,76400
20240130,09:37:08,13.9,400,76400
20240130,09:37:19,14.0,200,76400
20240130,09:37:29,13.8,50,76400
20240130,09:37:39,13.75,50,76400
20240130,09:37:50,13.95,2500,76400
20240130,09:38:00,14.1,250,76400
20240130,09:38:11,14.0,150,76400
20240130,09:38:52,13.85,50,79300
20240130,09:39:01,13.85,200,79300
20240130,09:39:11,13.75,300,79300
20240130,09:39:22,13.75,50,79300
20240130,09:39:33,13.75,400,79300
20240130,09:39:44,13.85,750,79300
20240130,09:39:55,13.85,300,79300
20240130,09:40:05,13.85,1100,79300
20240130,09:40:16,13.9,300,79300
20240130,09:40:26,13.7,900,79300
20240130,09:41:07,13.75,350,79300
20240130,09:41:28,13.5,50,79550
20240130,09:41:49,13.85,50,79550
20240130,09:43:14,12.3,500,79550
20240130,09:43:35,12.35,50,79550
20240130,09:43:57,12.05,50,79550
20240130,09:44:07,12.0,50,79550
20240130,09:44:18,11.95,500,79550
20240130,09:44:28,12.15,50,79900
20240130,09:44:59,12.1,750,79900
20240130,09:45:42,12.45,50,79900
20240130,09:46:15,12.55,50,79900
20240130,09:46:56,12.55,200,79900
20240130,09:47:06,12.5,500,79900
20240130,09:47:25,12.75,150,79900
20240130,09:48:50,13.05,150,79900
20240130,09:49:01,12.85,50,79900
20240130,09:49:22,12.95,50,79900
20240130,09:49:43,12.85,150,79900
20240130,09:49:54,13.1,100,79900
20240130,09:50:54,13.15,350,79950
20240130,09:51:04,13.1,100,79950
20240130,09:51:13,12.85,650,79950
20240130,09:51:23,12.8,50,79950
20240130,09:52:00,13.0,50,79950
20240130,09:52:09,13.0,100,79950
20240130,09:52:18,13.0,350,79950
20240130,09:52:37,13.1,450,79950
20240130,09:52:46,13.2,200,79950
20240130,09:53:17,13.4,100,79950
20240130,09:53:56,13.55,150,80000
20240130,09:54:06,13.45,450,80000
20240130,09:54:23,13.4,100,80000
20240130,09:54:51,13.55,100,80000
20240130,09:55:01,13.55,1000,80000
20240130,09:56:13,13.55,100,80000
20240130,09:57:22,13.65,50,79950
20240130,09:57:32,13.4,50,79950
20240130,09:57:53,13.25,50,79950
20240130,09:58:04,13.3,50,79950
20240130,09:58:47,13.1,50,79950
20240130,09:58:58,13.05,250,79950
20240130,09:59:08,12.9,1000,79950
20240130,09:59:19,13.05,50,79950
20240130,10:00:02,12.6,550,80000
20240130,10:00:22,12.35,100,80000
20240130,10:00:33,12.0,1550,80000
20240130,10:00:44,12.1,1350,80000
20240130,10:01:14,12.65,1000,80000
20240130,10:02:03,12.35,50,80000
20240130,10:03:39,12.35,50,78850
20240130,10:03:59,12.05,200,78850
20240130,10:04:47,12.05,100,78850
20240130,10:05:48,12.2,250,79150
20240130,10:06:19,12.25,50,79150
20240130,10:07:10,12.25,100,79150
20240130,10:08:43,12.35,700,79150
20240130,10:10:05,12.3,50,79150
20240130,10:12:15,11.9,700,79150
20240130,10:12:33,12.0,200,79150
20240130,10:12:51,11.95,50,79150
20240130,10:13:09,12.15,250,79150
20240130,10:13:31,11.8,950,79150
20240130,10:13:42,11.8,150,79150
20240130,10:13:52,11.75,650,79150
20240130,10:14:53,11.8,50,79250
20240130,10:15:02,11.85,550,79250
20240130,10:15:21,11.8,700,79250
20240130,10:15:57,11.8,2150,79250
20240130,10:16:36,11.95,50,79250
20240130,10:18:24,12.0,100,79300
20240130,10:18:53,12.1,50,79300
20240130,10:19:03,11.95,100,79300
20240130,10:20:37,11.9,100,79300
20240130,10:21:02,11.95,50,79300
20240130,10:21:11,11.95,100,79300
20240130,10:21:38,11.9,500,79300
20240130,10:21:58,11.8,50,79300
20240130,10:22:25,12.0,150,79300
20240130,10:22:34,12.1,550,79300
20240130,10:23:00,12.2,1650,79300
20240130,10:23:10,12.3,100,79300
20240130,10:23:40,12.3,750,78850
20240130,10:24:10,12.15,250,78850
20240130,10:24:38,11.75,250,78850
20240130,10:25:44,12.1,200,78850
20240130,10:28:03,12.45,50,79100
20240130,10:28:43,12.5,50,79100
20240130,10:29:11,12.45,150,79100
20240130,10:29:20,12.5,150,79100
20240130,10:29:28,12.4,100,79250
20240130,10:30:14,12.25,150,79250
20240130,10:30:24,12.55,500,79250
20240130,10:30:34,12.35,400,79250
20240130,10:30:44,12.2,150,79250
20240130,10:31:27,11.95,150,79250
20240130,10:33:44,12.2,1550,79100
20240130,10:34:25,12.35,1100,79100
20240130,10:34:55,12.5,50,79100
20240130,10:35:22,12.35,50,79100
20240130,10:35:40,12.35,1200,80150
20240130,10:35:49,12.25,300,80150
20240130,10:36:49,12.1,200,80150
20240130,10:37:09,11.95,200,80150
20240130,10:37:30,11.55,50,80150
20240130,10:37:41,11.45,400,80150
20240130,10:37:51,11.45,300,80150
20240130,10:38:01,11.4,250,80150
20240130,10:38:11,11.45,50,80150
20240130,10:38:35,11.55,100,79200
20240130,10:38:44,11.55,50,79200
20240130,10:39:32,11.5,50,79200
20240130,10:39:41,11.4,50,79200
20240130,10:40:01,11.5,100,79200
20240130,10:40:18,11.55,250,79200
20240130,10:40:35,11.55,650,79200
20240130,10:41:10,11.6,150,79200
20240130,10:41:37,11.75,100,79150
20240130,10:41:45,11.85,100,79150
20240130,10:42:02,11.9,50,79150
20240130,10:43:05,12.2,50,79150
20240130,10:44:14,12.45,700,79150
20240130,10:44:59,12.25,50,79300
20240130,10:45:07,12.35,400,79300
20240130,10:45:17,12.3,50,79300
20240130,10:45:26,12.75,400,79300
20240130,10:45:36,12.55,550,79300
20240130,10:46:05,12.2,50,79300
20240130,10:48:20,12.7,550,79300
20240130,10:50:06,12.45,100,79300
20240130,10:50:36,13.0,1650,79850
20240130,10:52:44,13.1,50,79850
20240130,10:53:04,13.2,100,79850
20240130,10:53:24,13.2,250,79850
20240130,10:53:34,13.05,300,81450
20240130,10:54:03,12.85,50,81450
20240130,10:54:13,12.95,50,81450
20240130,10:54:40,12.8,50,81450
20240130,10:55:50,12.8,1350,81450
20240130,10:56:10,12.45,100,81450
20240130,10:56:41,12.3,100,81550
20240130,10:56:51,12.35,300,81550
20240130,10:57:11,12.4,550,81550
20240130,10:58:19,12.45,100,81550
20240130,10:59:22,12.85,50,81550
20240130,10:59:47,12.65,100,81600
20240130,11:01:07,12.5,50,81600
20240130,11:01:16,12.4,300,81600
20240130,11:01:45,12.25,50,81600
20240130,11:01:55,12.15,1000,81600
20240130,11:02:06,12.05,100,81600
20240130,11:03:57,12.35,50,81550
20240130,11:04:15,12.6,100,81550
20240130,11:05:52,13.0,100,81500
20240130,11:06:02,12.8,150,81500
20240130,11:06:12,13.05,100,81500
20240130,11:06:33,13.0,100,81500
20240130,11:06:43,13.2,100,81500
20240130,11:06:53,13.25,50,81500
20240130,11:07:25,13.45,200,81500
20240130,11:07:36,13.6,100,81500
20240130,11:07:46,13.35,100,81500
20240130,11:08:16,13.15,150,81500
20240130,11:08:44,13.2,100,82100
20240130,11:08:54,13.4,50,82100
20240130,11:09:51,13.4,550,82100
20240130,11:10:02,13.55,50,82100
20240130,11:11:09,13.2,200,82100
20240130,11:11:46,13.15,50,82450
20240130,11:12:05,13.15,250,82450
20240130,11:12:44,12.8,50,82450
20240130,11:13:02,13.05,50,82450
20240130,11:13:27,13.05,50,82450
20240130,11:13:35,13.1,150,82450
20240130,11:17:02,12.7,50,82700
20240130,11:17:10,12.75,250,82700
20240130,11:17:42,12.7,1100,82950
20240130,11:17:50,12.7,500,82950
20240130,11:18:58,12.85,100,82950
20240130,11:19:41,12.85,650,82950
20240130,11:20:07,12.85,100,82950
20240130,11:22:24,12.45,650,83900
20240130,11:25:36,12.75,500,83850
20240130,11:25:46,12.7,150,83850
20240130,11:26:11,12.55,150,83850
20240130,11:26:27,12.5,50,83850
20240130,11:27:00,12.35,100,83700
20240130,11:28:48,12.1,50,83700
20240130,11:29:04,11.95,1000,83700
20240130,11:29:13,11.95,200,83700
20240130,11:29:21,12.0,100,83700
20240130,11:29:29,12.0,50,83700
20240130,11:29:36,11.8,150,83700
20240130,11:30:10,11.95,100,83700
20240130,11:30:35,11.85,100,83700
20240130,11:31:47,11.8,50,83700
20240130,11:32:13,12.15,100,83700
20240130,11:35:33,11.65,50,83750
20240130,11:35:42,11.6,50,83750
20240130,11:36:07,11.65,100,83750
20240130,11:36:34,11.15,100,83750
20240130,11:37:35,11.15,50,83750
20240130,11:38:19,11.3,50,83750
20240130,11:40:41,11.4,50,83700
20240130,11:41:41,11.4,150,83700
20240130,11:41:58,11.4,200,83700
20240130,11:43:23,11.2,50,83700
20240130,11:45:02,11.15,100,83800
20240130,11:46:13,11.2,200,83800
20240130,11:48:43,11.35,50,83800
20240130,11:48:56,11.35,200,83800
20240130,11:49:16,11.5,100,83800
20240130,11:51:33,11.4,100,83800
20240130,11:53:26,11.55,50,83800
20240130,11:58:11,11.35,50,83750
20240130,11:58:20,11.4,50,83750
20240130,11:59:07,11.2,1200,83750
20240130,11:59:19,11.0,200,83750
20240130,11:59:51,11.0,750,82650
20240130,12:00:30,10.95,100,82650
20240130,12:01:05,11.0,200,82650
20240130,12:02:56,11.2,100,82450
20240130,12:03:17,11.15,50,82450
20240130,12:03:32,11.05,350,82450
20240130,12:03:46,11.2,100,82450
20240130,12:04:22,11.25,50,82450
20240130,12:09:06,11.45,50,82700
20240130,12:09:31,11.5,250,82700
20240130,12:09:45,11.5,250,82700
20240130,12:10:13,11.5,50,82700
20240130,12:11:34,11.25,50,82700
20240130,12:11:48,11.3,50,83150
20240130,12:12:46,11.0,200,83150
20240130,12:14:47,11.05,600,83350
20240130,12:16:41,11.3,1800,83350
20240130,12:18:17,11.1,650,85650
20240130,12:18:23,11.1,200,85650
20240130,12:18:30,11.15,100,85650
20240130,12:18:40,11.0,1800,85650
20240130,12:19:31,11.0,50,85650
20240130,12:19:47,10.95,50,85650
20240130,12:19:52,10.95,250,85650
20240130,12:20:12,10.85,350,85650
20240130,12:20:18,10.95,750,85650
20240130,12:20:23,11.0,50,85650
20240130,12:21:38,11.0,450,87850
20240130,12:21:44,11.1,800,87850
20240130,12:22:21,11.1,50,87850
20240130,12:25:45,11.2,100,88300
20240130,12:26:15,11.05,50,88300
20240130,12:27:22,11.2,150,88350
20240130,12:28:44,11.1,150,88350
20240130,12:30:26,10.95,100,88200
20240130,12:30:43,10.85,50,88200
20240130,12:31:47,10.75,100,88200
20240130,12:32:39,10.75,50,88200
20240130,12:32:47,10.85,50,88100
20240130,12:36:28,10.95,50,88050
20240130,12:37:25,11.0,50,88050
20240130,12:39:34,10.75,50,88050
20240130,12:40:13,10.65,750,88050
20240130,12:40:36,10.6,100,88050
20240130,12:40:41,10.6,300,88050
20240130,12:41:39,10.8,450,88050
20240130,12:42:04,11.0,150,88600
20240130,12:42:31,11.0,50,88600
20240130,12:42:37,11.15,50,88600
20240130,12:42:43,11.0,50,88600
20240130,12:42:56,11.0,150,88600
20240130,12:44:27,11.15,200,88600
20240130,12:44:38,11.2,50,88600
20240130,12:45:40,11.3,200,88600
20240130,12:46:28,11.3,100,88600
20240130,12:46:44,11.05,100,88600
20240130,12:47:31,11.5,1600,88600
20240130,12:47:51,11.5,50,88600
20240130,12:48:13,11.7,400,88600
20240130,12:48:34,11.7,200,88600
20240130,12:49:25,11.65,50,88600
20240130,12:50:32,11.35,100,88600
20240130,12:51:58,11.05,100,88500
20240130,12:52:12,11.0,100,88500
20240130,12:56:00,10.85,50,88500
20240130,12:58:39,10.85,250,88500
20240130,12:58:49,10.85,250,88500
20240130,12:59:53,10.75,250,88100
20240130,13:00:57,10.65,50,88100
20240130,13:01:27,10.6,50,88100
20240130,13:01:53,10.6,150,88100
20240130,13:02:36,10.75,50,88100
20240130,13:09:42,11.35,50,88350
20240130,13:15:35,11.3,550,88300
20240130,13:15:56,11.35,300,88300
20240130,13:18:18,11.55,400,88900
20240130,13:19:13,11.4,450,88900
20240130,13:19:17,11.4,100,88900
20240130,13:19:56,11.15,200,88900
20240130,13:20:11,11.15,150,88900
20240130,13:22:44,11.7,50,88800
20240130,13:22:53,11.6,50,88800
20240130,13:23:55,11.2,1350,88800
20240130,13:24:03,11.2,1900,88800
20240130,13:24:10,11.15,950,88800
20240130,13:24:18,11.1,50,88800
20240130,13:24:26,10.95,300,88800
20240130,13:25:02,10.7,850,88800
20240130,13:25:19,10.8,100,88800
20240130,13:25:26,10.7,50,88800
20240130,13:25:49,10.8,150,88800
20240130,13:27:06,10.4,50,89150
20240130,13:27:30,10.45,250,89150
20240130,13:28:21,10.3,50,89150
20240130,13:29:20,10.0,450,89150
20240130,13:29:35,10.05,100,89150
20240130,13:29:42,10.1,400,89150
20240130,13:31:26,10.25,200,88900
20240130,13:33:25,10.15,950,88900
20240130,13:33:30,10.25,1050,88900
20240130,13:33:36,10.15,300,88900
20240130,13:33:41,10.25,200,88900
20240130,13:33:47,10.25,300,88900
20240130,13:33:52,10.2,750,88900
20240130,13:34:05,10.05,350,88900
20240130,13:34:12,10.15,250,88900
20240130,13:34:20,10.0,100,88900
20240130,13:34:32,10.05,900,88900
20240130,13:34:38,10.05,400,88900
20240130,13:34:49,9.95,850,88900
20240130,13:34:55,10.0,1700,88900
20240130,13:35:00,9.95,150,88900
20240130,13:35:25,10.1,200,88900
20240130,13:35:47,9.9,450,88900
20240130,13:35:53,9.85,700,88650
20240130,13:36:00,9.75,200,88650
20240130,13:36:26,9.85,1100,88650
20240130,13:36:54,9.9,50,88650
20240130,13:37:13,9.9,100,88650
20240130,13:38:18,9.9,50,88650
20240130,13:38:23,9.85,600,88650
20240130,13:39:04,9.85,800,88400
20240130,13:41:24,9.75,50,88400
20240130,13:41:46,9.95,1000,88400
20240130,13:42:35,10.05,200,88550
20240130,13:42:52,10.1,650,88550
20240130,13:42:57,10.1,300,88550
20240130,13:43:09,10.2,300,88550
20240130,13:43:23,10.2,1150,88550
20240130,13:43:29,10.2,100,88550
20240130,13:43:35,9.95,550,88550
20240130,13:43:41,10.0,100,88550
20240130,13:44:58,10.0,50,88950
20240130,13:45:14,10.05,150,88950
20240130,13:46:31,10.2,500,88950
20240130,13:46:53,10.25,1000,88950
20240130,13:47:23,10.45,50,88950
20240130,13:47:55,10.6,200,88750
20240130,13:48:03,10.65,250,88750
20240130,13:51:35,10.3,150,88950
20240130,13:51:54,10.15,150,88950
20240130,13:52:33,10.1,50,88950
20240130,13:55:21,10.5,100,88950
20240130,13:55:29,10.45,150,88950
20240130,13:56:06,10.2,1800,88950
20240130,13:58:13,10.3,1000,90300
20240130,13:59:06,10.4,800,90300
20240130,13:59:12,10.2,50,90300
20240130,13:59:23,10.3,100,90300
20240130,14:00:39,10.3,600,89700
20240130,14:02:09,10.35,50,89700
20240130,14:02:23,10.4,50,89700
20240130,14:02:54,10.35,250,89700
20240130,14:04:03,10.25,200,89700
20240130,14:04:23,10.2,50,89700
20240130,14:04:30,10.1,50,89700
20240130,14:04:36,10.1,50,89700
20240130,14:05:31,10.2,100,89700
20240130,14:06:40,10.35,150,89550
20240130,14:07:23,10.35,100,89550
