date,time,tick_price,volume,open_interest
20240205,10:02:01,461.5,50,50
20240206,09:21:24,555.4,1,50
20240206,09:21:24,555.4,50,50
20240206,12:22:47,450.0,50,50
20240206,14:28:39,440.0,50,50
20240206,14:29:13,440.0,100,50
20240206,14:29:38,443.0,50,200
20240207,10:05:21,408.0,1,250
20240207,10:05:21,408.0,600,250
20240207,11:56:29,480.0,50,850
20240207,13:41:14,480.0,50,850
20240207,14:00:44,420.0,50,900
20240207,15:00:29,425.6,50,950
20240207,15:00:38,425.8,50,950
20240207,15:00:47,420.7,50,950
20240207,15:01:06,412.4,100,950
20240207,15:20:01,407.05,400,1150
20240207,15:20:09,407.05,200,1150
20240208,09:16:17,380.75,1,1050
20240208,09:16:17,388.15,500,1050
20240208,09:19:33,356.4,100,1550
20240208,09:34:17,356.4,600,1550
20240208,11:00:11,460.0,50,2150
20240208,11:00:23,468.7,300,2150
20240208,11:04:09,513.05,100,2150
20240208,11:04:21,517.55,50,2150
20240208,11:04:35,525.65,100,2150
20240208,11:05:48,537.35,50,2200
20240208,11:06:11,537.35,150,2200
20240208,11:09:53,536.9,50,2150
20240208,11:10:04,534.15,50,2150
20240208,11:11:44,518.0,50,2200
20240208,11:16:22,521.6,550,2200
20240208,11:23:43,523.6,200,2750
20240208,11:23:53,523.9,150,2750
20240208,12:08:18,478.9,500,3100
20240208,12:12:00,474.5,450,3600
20240208,12:13:21,461.1,450,3600
20240208,12:16:01,466.15,450,4500
20240208,12:16:49,468.85,400,4500
20240208,12:17:27,470.55,500,5350
20240208,12:17:36,471.7,400,5350
20240208,12:30:52,484.3,50,5350
20240208,12:46:48,468.8,400,6200
20240208,13:40:11,470.0,150,6600
20240208,13:43:10,475.1,50,6500
20240208,13:45:33,469.85,150,6500
20240208,13:46:35,470.55,200,6500
20240208,13:46:36,471.55,200,6500
20240208,13:47:04,472.25,200,6500
20240208,13:47:31,465.8,200,6600
20240208,14:00:00,481.75,150,6500
20240208,14:01:18,483.0,50,6500
20240208,14:03:28,494.2,150,6600
20240208,14:04:15,494.7,100,6600
20240208,14:07:22,503.95,300,6500
20240208,14:08:18,503.4,100,6500
20240208,14:08:20,502.1,200,6500
20240208,14:08:43,501.5,200,6100
20240208,14:12:47,502.4,100,6200
20240208,14:13:30,503.1,100,6200
20240208,14:14:00,510.55,250,6200
20240208,14:14:52,514.05,300,6100
20240208,14:48:10,527.15,100,6200
20240208,15:03:03,564.9,100,6100
20240208,15:04:29,557.3,400,6100
20240208,15:05:05,534.5,50,6100
20240208,15:05:18,534.0,400,6100
20240208,15:08:39,523.0,50,6200
20240208,15:20:09,526.1,600,6150
20240208,15:21:08,525.65,300,6150
20240208,15:25:31,516.0,500,6150
20240208,15:26:02,518.25,400,6150
20240212,09:15:20,479.55,1,5250
20240212,09:15:20,479.55,100,5250
20240212,09:15:37,491.55,200,5350
20240212,09:15:44,486.0,200,5350
20240212,09:15:51,485.55,350,5350
20240212,09:16:06,492.5,100,5350
20240212,09:16:46,496.5,200,5350
20240212,09:16:53,497.0,350,5350
20240212,09:17:46,497.0,100,5350
20240212,09:18:08,495.35,100,5350
20240212,09:18:48,481.05,100,5450
20240212,09:19:14,475.7,50,5450
20240212,09:19:39,466.0,100,5450
20240212,09:20:04,464.5,650,5450
20240212,09:21:04,464.5,100,5450
20240212,09:21:30,469.45,50,6450
20240212,09:22:03,468.3,100,6450
20240212,09:23:36,490.3,100,6450
20240212,09:23:38,486.3,100,6450
20240212,09:24:24,485.85,50,6450
20240212,09:25:03,492.7,50,6700
20240212,09:25:10,490.1,100,6700
20240212,09:26:01,496.1,100,6700
20240212,09:27:43,489.95,100,6900
20240212,09:28:02,490.6,100,6900
20240212,09:29:31,474.25,100,6900
20240212,09:30:05,472.0,50,6900
20240212,09:30:25,470.95,100,6900
20240212,09:41:45,496.5,100,7150
20240212,09:53:35,494.5,150,7250
20240212,10:04:31,527.5,50,7400
20240212,10:07:34,530.2,50,7400
20240212,10:09:50,542.85,50,7450
20240212,10:15:09,548.2,50,7500
20240212,10:18:00,548.2,50,7500
20240212,10:29:20,575.0,50,7500
20240212,11:01:50,575.0,50,7450
20240212,15:25:06,607.65,100,7400
20240213,11:19:33,525.65,1,7400
20240213,11:19:33,525.65,50,7400
20240213,14:06:27,488.1,100,7400
20240213,14:09:35,488.1,50,7400
20240213,14:11:01,508.35,50,7450
20240213,14:14:13,519.0,50,7450
20240213,15:02:26,496.35,100,7400
20240213,15:09:54,490.85,100,7400
20240213,15:10:02,488.1,50,7400
20240213,15:23:14,506.7,50,7400
20240213,15:25:50,507.95,100,7350
20240213,15:25:59,507.8,150,7350
20240213,15:28:48,513.1,250,7100
20240214,09:27:36,689.0,1,6850
20240214,09:27:36,689.0,50,6850
20240214,11:58:03,630.0,50,6800
20240214,12:52:46,567.1,50,6850
20240214,13:01:03,550.0,50,6900
20240214,13:51:15,550.0,50,6850
20240214,14:02:26,560.35,200,6900
20240214,14:10:19,549.35,50,6900
20240214,14:13:12,534.65,50,6900
20240214,14:13:27,533.35,50,6950
20240214,14:21:55,519.45,50,7000
20240214,14:36:42,447.9,250,7000
20240214,14:38:26,438.85,100,7300
20240214,14:43:41,432.7,50,7300
20240214,14:45:39,431.5,100,7300
20240214,14:45:57,428.3,50,7300
20240214,14:48:38,428.3,50,7300
20240214,14:49:48,434.75,100,7400
20240214,14:52:16,433.7,50,7400
20240214,14:54:15,434.95,50,7450
20240214,14:56:36,430.7,50,7450
20240214,14:57:09,422.6,100,7450
20240214,14:59:10,400.0,50,7500
20240214,14:59:16,400.0,400,7500
20240214,15:00:16,398.5,100,7500
20240214,15:02:08,383.5,1050,8000
20240214,15:02:17,382.5,950,8000
20240214,15:02:50,382.5,450,8000
20240214,15:09:22,400.0,50,9450
20240214,15:10:16,400.0,50,9450
20240214,15:13:15,430.15,50,9500
20240214,15:15:02,426.35,50,9550
20240214,15:16:51,430.0,50,9550
20240214,15:17:44,410.0,100,9550
20240214,15:21:31,414.45,50,9600
20240214,15:22:37,411.75,50,9600
20240214,15:24:55,405.0,50,9600
20240215,09:15:02,398.95,1,9600
20240215,09:15:02,398.95,50,9600
20240215,09:15:07,376.45,50,9700
20240215,09:15:12,372.25,50,9700
20240215,09:15:38,372.25,100,9750
20240215,09:16:25,363.05,400,9750
20240215,09:17:09,371.2,100,9750
20240215,09:17:28,367.9,150,9750
20240215,09:17:51,370.0,100,9750
20240215,09:18:30,367.35,50,9750
20240215,09:18:45,371.2,100,9650
20240215,09:19:00,372.75,50,9650
20240215,09:19:05,376.7,100,9650
20240215,09:19:08,380.15,50,9650
20240215,09:19:13,376.75,100,9650
20240215,09:19:51,387.8,150,9650
20240215,09:19:55,383.0,100,9650
20240215,09:20:00,387.75,100,9650
20240215,09:20:01,386.05,50,9650
20240215,09:20:03,385.75,50,9650
20240215,09:20:05,386.9,50,9650
20240215,09:20:10,387.3,50,9650
20240215,09:20:16,385.95,150,9650
20240215,09:20:20,387.8,100,9650
20240215,09:21:46,393.25,50,10300
20240215,09:21:48,395.7,150,10300
20240215,09:21:53,393.65,50,10300
20240215,09:22:00,395.85,50,10300
20240215,09:22:05,399.0,50,10300
20240215,09:22:16,399.0,50,10300
20240215,09:22:18,397.3,50,10300
20240215,09:23:06,394.15,150,10300
20240215,09:23:13,387.7,100,10300
20240215,09:23:46,385.2,100,10300
20240215,09:24:03,375.5,200,10300
20240215,09:24:31,373.5,50,10300
20240215,09:24:43,369.1,500,10300
20240215,09:24:46,369.9,50,10750
20240215,09:25:03,370.5,50,10750
20240215,09:25:07,373.2,100,10750
20240215,09:25:17,380.15,150,10750
20240215,09:25:22,381.0,50,10750
20240215,09:25:50,398.15,100,10750
20240215,09:25:58,397.65,100,10750
20240215,09:26:00,398.45,50,10750
20240215,09:26:02,396.6,100,10750
20240215,09:26:05,398.5,100,10750
20240215,09:26:42,389.9,200,10750
20240215,09:26:47,391.65,200,10750
20240215,09:27:35,402.05,100,11650
20240215,09:27:40,406.35,250,11650
20240215,09:28:51,407.8,50,11650
20240215,09:28:53,407.8,50,11650
20240215,09:28:59,402.8,50,11650
20240215,09:29:32,399.9,200,11650
20240215,09:29:44,397.25,200,11650
20240215,09:29:54,400.0,100,11650
20240215,09:30:37,406.05,50,11550
20240215,09:31:22,414.6,50,11550
20240215,09:32:37,414.6,100,11550
20240215,09:34:31,424.55,150,11600
20240215,09:35:02,427.55,50,11600
20240215,09:35:11,427.55,150,11600
20240215,09:35:22,429.3,100,11600
20240215,09:35:41,429.3,100,11600
20240215,09:36:01,414.9,200,11600
20240215,09:36:26,424.05,200,11600
20240215,09:36:57,418.1,50,11650
20240215,09:37:01,416.8,50,11650
20240215,09:38:06,412.45,50,11650
20240215,09:38:09,408.6,50,11650
20240215,09:38:32,406.5,50,11650
20240215,09:39:04,419.7,50,11650
20240215,09:39:17,433.4,50,11650
20240215,09:39:36,433.4,50,11450
20240215,09:40:44,426.4,50,11450
20240215,09:40:46,425.1,50,11450
20240215,09:40:56,426.15,150,11450
20240215,09:41:04,434.55,200,11450
20240215,09:41:16,432.6,50,11450
20240215,09:42:28,431.3,50,11450
20240215,09:42:31,430.3,100,11450
20240215,09:43:06,435.4,200,11350
20240215,09:43:33,437.6,250,11350
20240215,09:43:34,437.65,250,11350
20240215,09:43:44,439.7,100,11350
20240215,09:43:49,439.7,100,11350
20240215,09:43:59,435.85,50,11350
20240215,09:44:06,437.2,50,11350
20240215,09:44:10,440.15,100,11350
20240215,09:44:16,442.1,50,11350
20240215,09:44:18,447.7,50,11350
20240215,09:44:21,447.7,50,11350
20240215,09:44:23,444.0,50,11350
20240215,09:44:51,437.5,50,11350
20240215,09:45:01,435.9,50,11350
20240215,09:45:04,431.7,100,11350
20240215,09:45:23,431.25,100,11350
20240215,09:45:28,424.5,50,11350
20240215,09:45:33,422.4,50,11350
20240215,09:45:34,425.7,50,11350
20240215,09:46:18,423.5,50,11350
20240215,09:47:01,432.05,100,11250
20240215,09:48:16,418.05,50,11250
20240215,09:48:19,413.8,50,11250
20240215,09:48:21,405.2,50,11250
20240215,09:48:23,400.85,150,11250
20240215,09:48:26,380.7,100,11250
20240215,09:48:28,386.8,300,11250
20240215,09:48:33,382.3,50,11250
20240215,09:48:34,377.5,100,11250
20240215,09:48:44,378.55,150,11600
20240215,09:48:53,384.85,150,11600
20240215,09:48:54,387.75,50,11600
20240215,09:48:59,405.9,50,11600
20240215,09:49:01,408.75,300,11600
20240215,09:49:03,406.35,200,11600
20240215,09:49:08,398.85,100,11600
20240215,09:49:09,393.05,200,11600
20240215,09:49:11,390.0,550,11600
20240215,09:49:14,389.95,400,11600
20240215,09:49:21,391.85,100,11600
20240215,09:49:26,390.65,100,11600
20240215,09:49:29,399.5,50,11600
20240215,09:49:31,399.25,550,11600
20240215,09:49:33,400.25,150,11600
20240215,09:49:41,389.35,250,11600
20240215,09:49:53,394.1,50,11600
20240215,09:50:01,399.5,150,11600
20240215,09:50:09,396.3,50,11600
20240215,09:50:32,390.0,50,11600
20240215,09:51:01,392.05,200,11600
20240215,09:51:04,389.35,600,11600
20240215,09:51:11,389.8,100,11600
20240215,09:51:24,396.5,50,11600
20240215,09:51:49,396.2,50,11600
20240215,09:51:57,403.6,100,13200
20240215,09:52:04,410.45,100,13200
20240215,09:52:06,410.05,400,13200
20240215,09:52:07,409.75,250,13200
20240215,09:52:34,403.45,100,13200
20240215,09:52:54,395.9,50,13200
20240215,09:53:01,396.8,50,13200
20240215,09:53:18,403.3,150,13200
20240215,09:53:36,405.4,50,13200
20240215,09:53:54,404.5,50,13200
20240215,09:54:11,410.75,50,13200
20240215,09:54:51,410.5,50,13600
20240215,09:54:59,426.05,100,13600
20240215,09:55:01,433.05,100,13600
20240215,09:55:04,440.1,100,13600
20240215,09:55:06,435.75,100,13600
20240215,09:55:07,436.65,50,13600
20240215,09:55:09,439.2,300,13600
20240215,09:55:11,436.65,50,13600
20240215,09:55:12,442.15,100,13600
20240215,09:55:14,444.75,300,13600
20240215,09:55:19,450.4,350,13600
20240215,09:55:38,451.2,1250,13600
20240215,09:55:39,449.7,100,13600
20240215,09:55:58,451.25,50,13600
20240215,09:56:01,451.25,50,13600
20240215,09:56:03,451.55,250,13600
20240215,09:56:11,453.15,50,13600
20240215,09:56:14,453.15,250,13600
20240215,09:56:31,447.5,300,13600
20240215,09:56:51,440.2,100,13600
20240215,09:57:01,440.35,250,13600
20240215,09:58:10,445.55,50,15100
20240215,09:58:23,446.55,100,15100
20240215,09:58:29,444.65,100,15100
20240215,09:58:41,450.55,50,15100
20240215,09:58:46,448.9,100,15100
20240215,09:59:31,448.9,150,15100
20240215,09:59:36,455.85,150,15100
20240215,09:59:39,452.45,50,15100
20240215,10:00:01,451.0,850,15100
20240215,10:00:03,457.1,200,15100
20240215,10:00:04,457.85,100,15100
20240215,10:00:08,459.5,100,15100
20240215,10:00:41,459.5,100,15600
20240215,10:01:16,451.55,100,15600
20240215,10:01:23,452.4,100,15600
20240215,10:01:31,451.65,50,15600
20240215,10:02:51,437.5,50,15600
20240215,10:03:01,440.8,100,15600
20240215,10:03:03,440.65,50,15600
20240215,10:03:15,438.8,100,15600
20240215,10:03:33,426.75,300,15600
20240215,10:03:34,428.05,200,15600
20240215,10:03:36,428.35,50,15600
20240215,10:03:38,428.0,50,15600
20240215,10:03:39,426.7,200,15600
20240215,10:03:41,426.6,50,15800
20240215,10:03:48,428.7,50,15800
20240215,10:03:50,438.75,50,15800
20240215,10:03:51,439.5,100,15800
20240215,10:03:53,438.1,100,15800
20240215,10:04:01,438.8,100,15800
20240215,10:04:33,437.7,100,15800
20240215,10:04:36,437.25,50,15800
20240215,10:04:40,434.95,50,15800
20240215,10:05:03,431.6,200,15800
20240215,10:05:11,428.95,50,15800
20240215,10:05:13,424.55,50,15800
20240215,10:05:28,425.4,50,15800
20240215,10:05:31,419.7,450,15800
20240215,10:05:33,420.0,50,15800
20240215,10:05:34,421.15,150,15800
20240215,10:05:38,420.8,50,15800
20240215,10:05:44,419.15,100,15800
20240215,10:06:05,417.8,50,15800
20240215,10:06:06,406.2,150,15800
20240215,10:06:08,403.85,350,15800
20240215,10:06:10,403.9,50,15800
20240215,10:06:11,404.5,100,15800
20240215,10:06:13,405.2,100,15800
20240215,10:06:18,405.95,100,15800
20240215,10:06:31,408.3,150,15800
20240215,10:06:43,415.0,50,15950
20240215,10:06:53,412.75,50,15950
20240215,10:07:01,411.6,50,15950
20240215,10:07:05,406.5,200,15950
20240215,10:07:35,401.2,50,15950
20240215,10:07:41,395.2,100,15950
20240215,10:08:00,403.55,50,15950
20240215,10:08:15,399.55,100,15950
20240215,10:08:43,401.7,100,15950
20240215,10:08:47,399.55,50,15950
20240215,10:09:07,397.7,50,15950
20240215,10:09:13,397.0,50,15950
20240215,10:09:45,403.85,150,16050
20240215,10:09:55,406.95,50,16050
20240215,10:10:00,409.75,100,16050
20240215,10:10:01,407.05,150,16050
20240215,10:10:55,399.6,50,16050
20240215,10:11:00,397.25,100,16050
20240215,10:11:03,392.4,50,16050
20240215,10:11:07,389.6,50,16050
20240215,10:11:17,392.6,150,16050
20240215,10:11:18,394.8,50,16050
20240215,10:11:20,393.05,50,16050
20240215,10:12:06,397.65,50,16050
20240215,10:12:20,398.45,50,16050
20240215,10:12:21,394.75,50,16050
20240215,10:12:31,393.5,100,16050
20240215,10:12:57,398.6,50,16000
20240215,10:13:46,405.6,200,16000
20240215,10:13:50,404.75,50,16000
20240215,10:13:51,402.95,100,16000
20240215,10:13:53,402.55,50,16000
20240215,10:13:55,401.15,200,16000
20240215,10:14:16,391.05,150,16000
20240215,10:14:55,386.3,100,16000
20240215,10:15:02,386.3,100,16000
20240215,10:15:25,384.4,50,16000
20240215,10:15:27,383.7,300,16000
20240215,10:16:00,381.35,250,16150
20240215,10:16:08,373.7,50,16150
20240215,10:16:10,377.7,250,16150
20240215,10:16:27,382.9,50,16150
20240215,10:16:35,389.75,50,16150
20240215,10:16:38,388.55,50,16150
20240215,10:17:02,392.8,250,16150
20240215,10:18:17,384.65,50,16150
20240215,10:18:40,393.15,100,16150
20240215,10:18:53,390.65,200,16350
20240215,10:19:32,387.15,100,16350
20240215,10:20:02,385.45,50,16350
20240215,10:20:13,385.45,400,16350
20240215,10:20:17,385.8,400,16350
20240215,10:20:25,389.7,50,16350
20240215,10:20:28,385.8,250,16350
20240215,10:21:20,387.85,50,16350
20240215,10:21:48,384.6,150,16850
20240215,10:22:07,385.4,100,16850
20240215,10:23:01,388.6,250,16850
20240215,10:23:52,387.8,100,16850
20240215,10:24:20,389.55,50,16850
20240215,10:24:45,378.0,150,17000
20240215,10:25:02,379.8,50,17000
20240215,10:26:25,387.2,50,17000
20240215,10:27:00,384.15,500,17000
20240215,10:27:37,386.65,50,17000
20240215,10:27:50,384.55,50,17100
20240215,10:28:00,390.1,150,17100
20240215,10:28:03,396.95,100,17100
20240215,10:28:05,399.95,200,17100
20240215,10:28:47,388.55,50,17100
20240215,10:30:02,394.95,50,17100
20240215,10:30:24,398.9,250,17100
20240215,10:31:09,376.5,50,16600
20240215,10:31:15,373.55,100,16600
20240215,10:32:00,379.7,50,16600
20240215,10:32:15,377.4,100,16600
20240215,10:33:02,385.4,50,16600
20240215,10:33:54,386.4,150,16600
20240215,10:34:12,388.8,100,16600
20240215,10:34:34,388.8,100,16600
20240215,10:34:42,388.8,50,16600
20240215,10:34:57,388.65,50,16600
20240215,10:35:00,389.25,150,16600
20240215,10:36:04,389.4,100,16600
20240215,10:36:10,393.6,100,16600
20240215,10:36:30,398.45,50,16600
20240215,10:37:00,392.05,50,16350
20240215,10:37:02,393.5,50,16350
20240215,10:37:42,403.1,100,16350
20240215,10:37:47,402.0,50,16350
20240215,10:38:05,397.55,50,16350
20240215,10:38:17,398.25,50,16350
20240215,10:39:44,393.65,50,16350
20240215,10:40:00,396.0,200,16350
20240215,10:40:24,392.05,50,16350
20240215,10:40:59,399.1,50,16350
20240215,10:41:05,397.1,350,16350
20240215,10:41:44,400.05,100,16350
20240215,10:42:02,393.85,50,16350
20240215,10:42:37,393.65,50,16350
20240215,10:42:54,387.7,50,16300
20240215,10:43:04,390.3,150,16300
20240215,10:43:42,393.4,100,16300
20240215,10:44:02,398.65,100,16300
20240215,10:45:02,397.0,50,16300
20240215,10:45:18,403.35,50,16300
20240215,10:45:41,399.8,100,16300
20240215,10:46:01,397.45,200,16450
20240215,10:46:29,397.35,300,16450
20240215,10:46:37,393.9,100,16450
20240215,10:47:05,393.55,50,16450
20240215,10:49:52,392.95,300,16050
20240215,10:50:02,393.45,50,16050
20240215,10:51:39,397.05,50,16050
20240215,10:52:14,396.0,50,16250
20240215,10:52:21,394.2,150,16250
20240215,10:52:29,395.55,50,16250
20240215,10:52:32,393.0,50,16250
20240215,10:54:25,390.15,50,16250
20240215,10:56:04,403.1,150,16250
20240215,10:56:22,405.05,50,16300
20240215,10:56:27,422.1,150,16300
20240215,10:56:29,423.55,50,16300
20240215,10:56:30,420.85,50,16300
20240215,10:57:11,420.55,50,16300
20240215,10:57:41,419.95,50,16300
20240215,10:58:01,418.2,250,16100
20240215,10:58:06,418.8,200,16100
20240215,10:58:32,414.05,150,16100
20240215,10:58:40,411.8,150,16100
20240215,10:58:50,411.25,350,16100
20240215,10:58:52,411.25,100,16100
20240215,10:59:10,411.25,50,16100
20240215,10:59:22,407.85,100,16100
20240215,10:59:24,408.9,50,16100
20240215,10:59:27,409.6,50,16100
20240215,10:59:56,412.25,50,16100
20240215,11:00:23,411.55,100,16100
20240215,11:00:32,405.15,50,16100
20240215,11:00:52,395.05,250,16100
20240215,11:00:55,396.5,50,16100
20240215,11:00:58,395.95,50,16100
20240215,11:01:00,394.65,50,16100
20240215,11:01:03,394.6,50,16100
20240215,11:02:02,408.3,50,16100
20240215,11:02:47,414.6,50,16100
20240215,11:02:57,411.3,50,16100
20240215,11:03:00,411.0,50,16100
20240215,11:03:02,409.95,50,16100
20240215,11:03:04,408.5,150,16100
20240215,11:03:05,407.1,50,16100
20240215,11:03:20,405.3,50,16100
20240215,11:03:25,407.95,50,16100
20240215,11:03:27,407.65,50,16100
20240215,11:04:30,406.8,50,16150
20240215,11:04:58,407.55,100,16150
20240215,11:05:03,408.55,50,16150
20240215,11:05:05,408.8,50,16150
20240215,11:05:10,409.25,100,16150
20240215,11:05:40,404.2,50,16150
20240215,11:05:52,404.45,50,16150
20240215,11:06:02,404.85,150,16150
20240215,11:06:03,404.2,100,16150
20240215,11:07:34,404.75,50,16250
20240215,11:07:35,403.9,50,16250
20240215,11:07:42,405.0,50,16250
20240215,11:07:54,404.9,50,16250
20240215,11:08:10,403.5,50,16250
20240215,11:08:14,405.7,50,16250
20240215,11:09:02,399.6,200,16250
20240215,11:10:01,397.55,100,16500
20240215,11:10:02,399.0,100,16500
20240215,11:10:06,399.0,100,16500
20240215,11:10:36,395.5,50,16500
20240215,11:11:14,392.9,50,16500
20240215,11:11:31,384.7,50,16500
20240215,11:11:36,385.0,100,16500
20240215,11:11:48,383.95,100,16500
20240215,11:12:58,389.1,50,16650
20240215,11:18:00,393.2,50,16700
20240215,11:18:25,390.75,100,16700
20240215,11:23:07,387.8,200,16650
20240215,11:23:13,387.75,200,16650
20240215,11:23:54,381.85,50,16650
20240215,11:25:03,394.95,50,16700
20240215,11:25:35,407.35,100,16700
20240215,11:31:47,400.85,50,16800
20240215,11:32:00,402.4,50,16800
20240215,11:35:39,400.2,50,16800
20240215,11:36:22,400.55,150,16800
20240215,11:37:06,400.0,50,16900
20240215,11:37:36,403.95,200,16900
20240215,11:37:44,399.45,50,16900
20240215,11:37:46,397.85,50,16900
20240215,11:37:48,397.25,50,16900
20240215,11:38:01,400.2,150,16900
20240215,11:38:24,396.1,100,16900
20240215,11:38:31,395.3,50,16900
20240215,11:38:46,392.6,50,16900
20240215,11:40:13,392.65,200,16850
20240215,11:40:31,391.35,50,16850
20240215,11:41:15,396.95,100,16850
20240215,11:41:55,396.35,50,16850
20240215,11:42:13,401.25,50,16850
20240215,11:42:33,405.65,50,16850
20240215,11:42:39,406.15,50,16850
20240215,11:42:44,404.25,50,16850
20240215,11:42:52,402.65,300,16850
20240215,11:42:56,402.1,50,16650
20240215,11:43:32,395.9,50,16650
20240215,11:45:10,393.95,50,16650
20240215,11:46:26,394.0,100,16650
20240215,11:48:39,389.0,50,16650
20240215,11:48:53,388.05,50,16650
20240215,11:48:58,385.0,200,16650
20240215,11:48:59,384.65,50,16650
20240215,11:49:59,389.6,50,16650
20240215,11:50:03,387.9,50,16650
20240215,11:50:04,388.95,150,16650
20240215,11:50:36,396.6,100,16650
20240215,11:50:43,394.3,350,16650
20240215,11:50:44,394.2,100,16650
20240215,11:50:46,394.2,100,16650
20240215,11:50:53,393.85,250,16650
20240215,11:51:27,395.6,100,16650
20240215,11:51:42,395.95,100,16650
20240215,11:52:22,393.15,50,16400
20240215,11:52:40,389.6,50,16400
20240215,11:54:52,384.05,50,16400
20240215,11:55:01,385.55,50,16400
20240215,11:55:25,380.75,100,16400
20240215,11:56:00,383.25,250,16400
20240215,11:56:02,384.6,150,16400
20240215,11:56:53,384.35,50,16400
20240215,11:56:58,382.65,50,16400
20240215,11:57:02,382.2,50,16400
20240215,11:58:45,385.9,50,16450
20240215,11:59:27,389.9,50,16450
20240215,11:59:30,390.2,50,16450
20240215,11:59:35,391.1,50,16450
20240215,11:59:37,390.9,50,16450
20240215,11:59:43,391.2,150,16450
20240215,12:00:03,395.25,50,16450
20240215,12:00:07,394.8,50,16450
20240215,12:03:00,391.55,50,16600
20240215,12:11:30,390.8,50,16600
20240215,12:11:54,388.4,400,16600
20240215,12:13:07,391.25,150,16450
20240215,12:15:33,396.0,50,16450
20240215,12:15:58,395.0,50,16450
20240215,12:16:29,390.5,50,16500
20240215,12:17:35,406.35,50,16500
20240215,12:18:00,399.05,100,16500
20240215,12:18:04,399.05,100,16500
20240215,12:20:47,394.0,200,16650
20240215,12:20:50,391.95,100,16650
20240215,12:21:12,393.05,50,16650
20240215,12:21:33,391.5,50,16650
20240215,12:21:35,391.55,100,16650
20240215,12:22:07,389.75,50,16600
20240215,12:23:28,382.0,50,16600
20240215,12:23:40,384.35,50,16600
20240215,12:24:00,381.55,50,16600
20240215,12:24:13,380.05,50,16600
20240215,12:24:30,383.25,50,16600
20240215,12:25:03,378.1,150,16750
20240215,12:25:43,382.35,100,16750
20240215,12:31:32,395.45,50,16950
20240215,12:31:33,393.55,50,16950
20240215,12:31:47,394.05,50,16950
20240215,12:33:06,398.0,50,16950
20240215,12:33:38,411.3,50,16950
20240215,12:34:04,414.55,100,16950
20240215,12:34:06,414.55,150,17000
20240215,12:35:11,404.65,50,17000
20240215,12:35:29,401.6,50,17000
20240215,12:36:01,400.3,100,17000
20240215,12:36:02,400.1,50,17000
20240215,12:36:06,398.55,50,17000
20240215,12:37:04,394.65,50,17000
20240215,12:40:23,395.85,50,16800
20240215,12:41:58,394.2,150,16800
20240215,12:42:41,399.25,150,16800
20240215,12:44:02,401.35,50,16800
20240215,12:45:14,399.65,50,16850
20240215,12:45:37,401.35,50,16850
20240215,12:46:49,399.95,150,16900
20240215,12:46:51,399.45,50,16900
20240215,12:47:16,399.0,100,16900
20240215,12:47:21,399.55,50,16900
20240215,12:48:31,395.05,100,16900
20240215,12:48:39,394.2,250,16900
20240215,12:48:47,394.9,50,16900
20240215,12:49:09,390.3,50,17000
20240215,12:49:40,388.45,50,17000
20240215,12:50:02,383.05,50,17000
20240215,12:53:48,390.3,50,17000
20240215,12:54:32,389.8,50,17000
20240215,12:55:42,390.3,50,16950
20240215,12:55:43,390.45,50,16950
20240215,12:56:44,387.7,50,16950
20240215,12:57:57,387.7,150,16950
20240215,13:05:11,383.8,250,17150
20240215,13:07:50,381.7,50,17400
20240215,13:11:14,381.95,50,17400
20240215,13:12:01,381.55,100,17400
20240215,13:12:30,378.95,50,17400
20240215,13:14:11,375.45,50,17400
20240215,13:17:14,385.75,100,17400
20240215,13:19:17,387.65,200,17450
20240215,13:20:09,390.55,50,17450
20240215,13:20:10,391.7,100,17450
20240215,13:22:53,374.0,250,17650
20240215,13:23:56,370.25,150,17650
20240215,13:28:01,373.2,100,17900
20240215,13:28:24,372.95,100,17800
20240215,13:28:39,370.25,50,17800
20240215,13:32:01,370.15,50,17900
20240215,13:33:16,370.35,100,17900
20240215,13:33:41,365.0,200,17900
20240215,13:34:56,371.0,200,18150
20240215,13:35:37,363.8,250,18150
20240215,13:36:19,359.0,50,18150
20240215,13:37:07,359.0,50,18150
20240215,13:37:21,359.8,50,18500
20240215,13:38:01,359.8,50,18500
20240215,13:38:59,345.05,50,18500
20240215,13:39:12,345.05,50,18500
20240215,13:39:29,340.0,50,18500
20240215,13:39:41,335.4,150,18500
20240215,13:39:57,327.85,50,18500
20240215,13:40:02,322.35,150,18500
20240215,13:40:07,322.35,50,18500
20240215,13:40:49,329.35,400,18850
20240215,13:40:58,328.25,100,18850
20240215,13:41:14,325.55,50,18850
20240215,13:41:21,326.45,50,18850
20240215,13:41:32,325.6,250,18850
20240215,13:41:39,327.5,1550,18850
20240215,13:41:41,326.95,1650,18850
20240215,13:41:49,323.6,250,18850
20240215,13:41:54,317.65,300,18850
20240215,13:41:56,316.05,400,18850
20240215,13:42:01,316.05,50,18850
20240215,13:42:04,315.9,100,18850
20240215,13:42:06,315.9,250,18850
20240215,13:42:13,316.25,200,18850
20240215,13:42:21,314.5,1500,18850
20240215,13:42:28,314.5,1550,18850
20240215,13:42:29,320.5,1950,18850
20240215,13:42:31,322.95,1500,18850
20240215,13:42:33,321.7,1500,18850
20240215,13:42:36,319.35,50,18850
20240215,13:42:39,317.85,50,18850
20240215,13:42:41,318.0,1500,18850
20240215,13:42:44,320.15,50,18850
20240215,13:42:46,318.8,50,18850
20240215,13:42:48,319.2,50,18850
20240215,13:42:58,320.45,100,18850
20240215,13:43:01,321.1,100,18850
20240215,13:43:06,319.45,50,18850
20240215,13:43:29,318.1,400,18850
20240215,13:43:31,318.35,50,23800
20240215,13:43:34,318.0,50,23800
20240215,13:43:36,318.1,300,23800
20240215,13:43:37,318.2,400,23800
20240215,13:43:42,317.05,500,23800
20240215,13:43:57,310.95,150,23800
20240215,13:44:01,310.95,1000,23800
20240215,13:44:04,312.1,450,23800
20240215,13:44:07,313.85,100,23800
20240215,13:44:11,311.45,50,23800
20240215,13:44:19,312.0,500,23800
20240215,13:44:34,313.4,50,23800
20240215,13:44:37,312.55,50,23800
20240215,13:44:47,314.85,50,23800
20240215,13:44:49,314.85,50,23800
20240215,13:45:01,314.25,50,23800
20240215,13:45:02,315.05,300,23800
20240215,13:45:09,316.6,100,23800
20240215,13:45:29,320.5,50,23800
20240215,13:46:22,317.05,50,26300
20240215,13:46:35,315.1,50,26300
20240215,13:46:42,313.25,1500,26300
20240215,13:46:44,312.95,1500,26300
20240215,13:47:19,319.55,50,26300
20240215,13:47:20,320.65,1500,26300
20240215,13:47:22,318.4,1500,26300
20240215,13:47:27,319.8,1500,26300
20240215,13:47:30,318.05,50,26300
20240215,13:47:33,315.25,1500,26300
20240215,13:48:02,313.1,850,26300
20240215,13:48:03,312.2,50,26300
20240215,13:48:05,314.4,50,26300
20240215,13:48:17,317.7,50,26300
20240215,13:48:25,311.45,50,26300
20240215,13:48:39,314.8,50,26300
20240215,13:48:42,315.5,50,26300
20240215,13:49:30,315.85,100,27350
20240215,13:49:49,318.4,50,27350
20240215,13:49:57,316.45,100,27350
20240215,13:50:44,315.3,50,27350
20240215,13:50:50,317.15,150,27350
20240215,13:51:35,319.95,100,27350
20240215,13:52:03,319.2,100,27350
20240215,13:53:18,313.8,100,27750
20240215,13:53:26,314.7,150,27750
20240215,13:53:41,316.5,1000,27750
20240215,13:53:43,317.9,100,27750
20240215,13:53:44,318.1,300,27750
20240215,13:53:46,318.55,450,27750
20240215,13:53:48,318.55,150,27750
20240215,13:53:53,319.2,150,27750
20240215,13:53:54,319.65,400,27750
20240215,13:54:34,321.0,150,27750
20240215,13:55:14,321.45,100,27750
20240215,13:55:43,327.5,50,30100
20240215,13:56:03,328.85,50,30100
20240215,13:56:28,320.5,50,30100
20240215,13:56:36,320.4,200,30100
20240215,13:56:51,320.95,50,30100
20240215,13:57:23,312.5,50,30100
20240215,13:58:55,313.9,50,29950
20240215,13:59:00,314.65,100,29950
20240215,13:59:10,312.5,100,29950
20240215,13:59:12,313.3,50,29950
20240215,13:59:34,316.7,450,29950
20240215,14:00:42,316.25,100,29950
20240215,14:00:44,315.0,200,29950
20240215,14:01:42,322.25,100,30600
20240215,14:03:54,322.1,50,30600
20240215,14:05:01,329.45,50,30550
20240215,14:05:09,332.35,150,30550
20240215,14:06:06,322.7,50,30550
20240215,14:08:14,324.3,100,30500
20240215,14:08:32,319.2,150,30500
20240215,14:08:54,321.9,100,30500
20240215,14:10:02,321.5,250,30500
20240215,14:11:09,319.7,50,30700
20240215,14:11:32,319.7,50,30700
20240215,14:11:37,318.95,50,30700
20240215,14:12:53,321.6,200,30700
20240215,14:13:05,322.55,100,30700
20240215,14:13:07,323.35,250,30700
20240215,14:13:48,327.2,50,31250
20240215,14:13:52,326.5,50,31250
20240215,14:13:55,324.95,50,31250
20240215,14:14:02,327.25,400,31250
20240215,14:14:07,330.1,50,31250
20240215,14:14:23,330.45,100,31250
20240215,14:15:01,337.55,50,31250
20240215,14:15:05,336.75,350,31250
20240215,14:15:10,335.45,50,31250
20240215,14:15:15,336.3,50,31250
20240215,14:15:18,334.05,50,31250
20240215,14:15:56,342.0,200,31250
20240215,14:18:58,337.0,50,31850
20240215,14:19:13,339.0,50,31850
20240215,14:19:35,335.65,50,31850
20240215,14:21:16,338.3,100,31850
20240215,14:21:50,336.2,50,31850
20240215,14:22:51,340.25,200,31900
20240215,14:22:53,339.85,100,31900
20240215,14:22:54,338.8,200,31900
20240215,14:23:06,341.25,100,31900
20240215,14:23:44,333.0,100,31900
20240215,14:23:53,333.75,50,31900
20240215,14:23:54,333.3,50,31900
20240215,14:24:03,335.05,50,31900
20240215,14:24:19,343.9,50,31900
20240215,14:24:24,345.45,50,31900
20240215,14:25:04,355.0,100,31900
20240215,14:26:08,352.3,50,32250
20240215,14:26:11,352.6,100,32250
20240215,14:26:34,352.0,50,32250
20240215,14:26:46,346.5,100,32250
20240215,14:26:48,345.6,50,32250
20240215,14:26:49,345.45,150,32250
20240215,14:28:25,344.75,150,32550
20240215,14:28:26,345.5,200,32550
20240215,14:28:28,345.4,150,32550
20240215,14:28:38,345.55,50,32550
20240215,14:29:16,344.8,150,32550
20240215,14:29:39,344.5,50,32550
20240215,14:30:16,343.8,50,32550
20240215,14:30:46,336.9,100,32550
20240215,14:32:43,350.45,50,32550
20240215,14:32:48,349.95,50,32600
20240215,14:32:49,350.1,150,32600
20240215,14:32:53,351.25,50,32600
20240215,14:34:38,347.4,50,32500
20240215,14:38:15,345.8,50,32500
20240215,14:39:31,338.3,100,32500
20240215,14:40:45,339.05,50,32600
20240215,14:41:21,340.0,50,32600
20240215,14:45:01,341.8,50,32650
20240215,14:47:14,341.0,200,32600
20240215,14:47:19,342.95,150,32600
20240215,14:47:21,342.8,150,32600
20240215,14:48:09,342.0,50,32600
20240215,14:48:44,344.45,50,32600
20240215,14:48:54,346.45,100,32600
20240215,14:48:56,344.8,50,32600
20240215,14:48:59,345.3,50,32600
20240215,14:49:36,345.2,100,33050
20240215,14:49:57,344.45,50,33050
20240215,14:50:22,341.45,50,33050
20240215,14:50:30,340.3,50,33050
20240215,14:50:32,342.55,100,33050
20240215,14:50:35,340.7,100,33050
20240215,14:51:00,338.0,150,33050
20240215,14:51:45,338.0,50,33050
20240215,14:52:27,328.45,250,32900
20240215,14:52:32,332.55,50,32900
20240215,14:53:42,340.0,300,32900
20240215,14:54:04,339.1,50,32900
20240215,14:54:05,338.45,50,32900
20240215,14:54:19,336.7,100,32900
20240215,14:54:27,332.75,100,32900
20240215,14:54:29,332.35,100,32900
20240215,14:54:30,333.4,50,32900
20240215,14:54:57,330.0,50,32900
20240215,14:54:59,329.65,50,32900
20240215,14:55:00,326.5,50,32900
20240215,14:55:02,326.45,50,32900
20240215,14:55:21,328.15,50,32900
20240215,14:55:30,328.25,50,33300
20240215,14:55:57,332.2,350,33300
20240215,14:56:33,329.1,50,33300
20240215,14:56:42,331.65,50,33300
20240215,14:57:27,337.4,250,33300
20240215,14:57:33,340.0,50,33300
20240215,14:59:12,337.1,50,33700
20240215,14:59:13,335.65,100,33700
20240215,14:59:17,334.95,150,33700
20240215,14:59:23,335.65,50,33700
20240215,15:00:37,333.9,50,33700
20240215,15:01:07,336.4,100,33700
20240215,15:01:39,336.4,150,33800
20240215,15:03:04,336.4,50,33800
20240215,15:03:51,346.0,150,33800
20240215,15:04:19,336.1,50,33800
20240215,15:04:52,334.8,100,33800
20240215,15:05:14,333.0,50,33850
20240215,15:05:44,332.15,50,33850
20240215,15:05:57,332.75,150,33850
20240215,15:06:22,335.3,150,33850
20240215,15:06:24,336.6,50,33850
20240215,15:06:31,337.0,50,33850
20240215,15:06:32,336.65,50,33850
20240215,15:06:52,337.4,50,33850
20240215,15:07:12,335.45,300,33850
20240215,15:07:17,334.1,300,33850
20240215,15:07:26,333.95,50,33850
20240215,15:09:26,338.05,50,33850
20240215,15:10:39,333.0,50,33850
20240215,15:11:32,335.5,250,33850
20240215,15:11:49,335.8,50,33850
20240215,15:11:51,335.75,150,33850
20240215,15:13:02,333.6,50,33850
20240215,15:14:42,330.65,100,33800
20240215,15:15:05,329.65,50,33800
20240215,15:15:30,328.0,50,33800
20240215,15:15:32,328.0,50,33800
20240215,15:16:40,323.05,50,34000
20240215,15:17:38,323.05,200,34000
20240215,15:18:20,321.15,250,34000
20240215,15:18:58,323.3,400,34000
20240215,15:19:16,321.15,100,34000
20240215,15:21:06,315.25,50,34250
20240215,15:22:16,314.7,100,34250
20240215,15:22:21,315.85,100,34250
20240215,15:22:39,316.6,150,34400
20240215,15:22:49,315.9,50,34400
20240215,15:23:33,312.0,1500,34400
20240215,15:25:01,311.1,400,34400
20240215,15:25:16,311.3,250,34400
20240215,15:25:34,312.0,50,35750
20240215,15:25:39,311.35,300,35750
20240215,15:25:49,310.35,100,35750
20240215,15:25:59,310.35,100,35750
20240215,15:26:05,310.5,900,35750
20240215,15:26:17,311.0,150,35750
20240215,15:26:25,311.25,50,35750
20240215,15:26:29,312.0,250,35750
20240215,15:26:30,311.4,100,35750
20240215,15:26:34,312.65,50,35750
20240215,15:27:10,313.35,50,35750
20240215,15:27:20,313.15,50,35750
20240215,15:27:22,313.15,50,35750
20240215,15:27:38,312.05,50,35750
20240215,15:27:40,312.05,100,35750
20240215,15:27:55,311.45,150,35750
20240215,15:28:00,311.1,450,35750
20240215,15:28:11,310.85,50,35750
20240215,15:28:31,308.35,400,36150
20240215,15:28:32,308.35,50,36150
20240215,15:28:34,310.0,200,36150
20240215,15:28:54,310.55,100,36150
20240215,15:28:56,311.7,50,36150
20240215,15:28:58,309.8,50,36150
20240215,15:29:30,310.05,100,36150
20240215,15:29:34,310.15,200,36150
20240215,15:29:37,311.6,500,36150
20240215,15:29:55,312.0,100,36150
20240216,09:15:07,288.95,1,36450
20240216,09:15:07,288.95,350,36450
20240216,09:15:08,292.3,2750,36450
20240216,09:15:08,288.6,2750,36450
20240216,09:15:12,288.05,50,36450
20240216,09:15:13,287.6,50,36450
20240216,09:15:14,284.1,1150,36450
20240216,09:15:15,281.5,1000,36450
20240216,09:15:16,280.9,500,36450
20240216,09:15:17,280.9,1350,36450
20240216,09:15:18,282.2,1800,36450
20240216,09:15:20,283.4,100,36450
20240216,09:15:22,285.3,100,36450
20240216,09:15:24,284.1,500,36450
20240216,09:15:25,283.4,50,41050
20240216,09:15:26,285.1,100,41050
20240216,09:15:27,286.1,300,41050
20240216,09:15:28,284.3,550,41050
20240216,09:15:29,285.5,300,41050
20240216,09:15:30,285.9,50,41050
20240216,09:15:31,288.3,200,41050
20240216,09:15:33,287.25,300,41050
20240216,09:15:36,287.9,950,41050
20240216,09:15:41,286.4,50,41050
20240216,09:15:46,284.4,50,41050
20240216,09:15:47,285.0,250,41050
20240216,09:15:48,283.3,50,41050
20240216,09:15:51,282.55,50,41050
20240216,09:15:53,281.3,100,41050
20240216,09:15:54,282.3,300,41050
20240216,09:15:55,282.4,50,41050
20240216,09:15:56,283.3,300,41050
20240216,09:15:57,284.0,100,41050
20240216,09:16:02,283.15,900,41050
20240216,09:16:03,281.1,1250,41050
20240216,09:16:04,280.0,150,41050
20240216,09:16:05,279.7,50,41050
20240216,09:16:06,279.35,100,41050
20240216,09:16:07,278.35,50,41050
20240216,09:16:11,278.35,200,41050
20240216,09:16:15,279.5,150,41050
20240216,09:16:16,283.2,100,41050
20240216,09:16:17,281.65,350,41050
20240216,09:16:18,280.8,250,41050
20240216,09:16:21,280.0,150,41050
20240216,09:16:24,279.25,50,41050
20240216,09:16:25,278.4,550,41050
20240216,09:16:33,281.7,100,41050
20240216,09:16:35,280.9,150,41050
20240216,09:16:43,281.4,100,41050
20240216,09:16:49,280.2,50,41050
20240216,09:16:57,280.8,100,41050
20240216,09:17:00,280.0,200,41050
20240216,09:17:01,280.3,1500,41050
20240216,09:17:05,280.0,50,41050
20240216,09:17:13,281.65,750,41050
20240216,09:17:14,282.8,50,41050
20240216,09:17:15,285.2,500,41050
20240216,09:17:16,285.7,100,41050
20240216,09:17:17,284.85,100,41050
20240216,09:17:18,284.85,50,41050
20240216,09:17:21,283.9,200,41050
20240216,09:17:23,283.9,100,41050
20240216,09:17:27,284.55,150,41050
20240216,09:17:30,284.3,50,41050
20240216,09:17:33,284.6,350,41050
20240216,09:17:34,285.3,50,41050
20240216,09:17:38,285.6,50,41050
20240216,09:17:40,286.2,500,41050
20240216,09:17:43,286.65,50,41050
20240216,09:17:45,285.95,250,41050
20240216,09:17:46,285.0,50,41050
20240216,09:17:47,285.0,50,41050
20240216,09:17:48,283.9,150,41050
20240216,09:17:50,283.9,100,41050
20240216,09:17:53,283.9,250,41050
20240216,09:18:00,284.4,50,41050
20240216,09:18:01,284.0,50,41050
20240216,09:18:02,284.0,1100,41050
20240216,09:18:03,283.95,50,41050
20240216,09:18:04,284.1,50,41050
20240216,09:18:05,282.3,800,41050
20240216,09:18:06,283.2,400,41050
20240216,09:18:09,282.35,50,41050
20240216,09:18:12,282.9,50,41050
20240216,09:18:14,282.95,100,41050
20240216,09:18:19,282.0,50,41050
20240216,09:18:20,281.2,100,41050
20240216,09:18:27,281.3,250,51950
20240216,09:18:31,280.8,50,51950
20240216,09:18:32,280.35,100,51950
20240216,09:18:33,281.1,500,51950
20240216,09:18:36,280.8,200,51950
20240216,09:18:37,280.3,400,51950
20240216,09:18:38,281.1,750,51950
20240216,09:18:39,281.4,50,51950
20240216,09:18:42,282.5,100,51950
20240216,09:18:44,282.2,600,51950
20240216,09:18:45,282.95,50,51950
20240216,09:18:46,283.05,50,51950
20240216,09:18:51,283.2,100,51950
20240216,09:18:52,283.15,300,51950
20240216,09:18:53,282.15,250,51950
20240216,09:18:55,282.55,50,51950
20240216,09:18:57,282.8,250,51950
20240216,09:18:58,282.3,50,51950
20240216,09:19:01,283.5,50,51950
20240216,09:19:02,283.55,50,51950
20240216,09:19:03,282.15,950,51950
20240216,09:19:05,282.3,50,51950
20240216,09:19:09,279.95,200,51950
20240216,09:19:11,280.4,50,51950
20240216,09:19:15,282.6,300,51950
20240216,09:19:18,284.0,50,51950
20240216,09:19:20,284.4,350,51950
20240216,09:19:22,285.1,50,51950
20240216,09:19:23,285.55,150,51950
20240216,09:19:24,284.65,600,51950
20240216,09:19:28,284.7,400,51950
20240216,09:19:33,284.65,50,51950
20240216,09:19:38,285.7,50,51950
20240216,09:19:41,285.5,50,51950
20240216,09:19:42,286.0,50,51950
20240216,09:19:43,286.0,50,51950
20240216,09:19:48,286.7,250,51950
20240216,09:19:50,285.5,50,51950
20240216,09:19:51,284.95,200,51950
20240216,09:19:53,286.3,50,51950
20240216,09:19:55,285.7,450,51950
20240216,09:19:56,284.65,800,51950
20240216,09:20:00,284.7,100,51950
20240216,09:20:01,284.7,600,51950
20240216,09:20:02,284.1,1700,51950
20240216,09:20:09,283.85,250,51950
20240216,09:20:10,284.6,250,51950
20240216,09:20:11,285.4,200,51950
20240216,09:20:14,285.0,50,51950
20240216,09:20:15,284.95,50,51950
20240216,09:20:16,284.85,100,51950
20240216,09:20:18,284.95,50,51950
20240216,09:20:23,285.95,1800,51950
20240216,09:20:24,286.4,250,51950
20240216,09:20:25,285.95,50,51950
20240216,09:20:29,290.0,100,51950
20240216,09:20:29,291.2,50,51950
20240216,09:20:30,290.6,150,51950
20240216,09:20:35,292.2,500,51950
20240216,09:20:36,291.35,200,51950
20240216,09:20:38,289.75,550,51950
20240216,09:20:43,287.4,150,51950
20240216,09:20:44,287.7,100,51950
20240216,09:20:47,287.3,100,51950
20240216,09:20:50,286.35,250,51950
20240216,09:20:51,285.75,50,51950
20240216,09:20:52,285.75,50,51950
20240216,09:20:53,285.0,150,51950
20240216,09:20:54,285.8,850,51950
20240216,09:20:55,284.85,250,51950
20240216,09:20:58,286.2,750,51950
20240216,09:21:01,286.9,250,51950
20240216,09:21:04,288.1,50,51950
20240216,09:21:08,289.1,50,51950
20240216,09:21:13,288.7,50,51950
20240216,09:21:14,289.7,150,51950
20240216,09:21:17,290.8,50,51950
20240216,09:21:18,291.2,50,51950
20240216,09:21:26,289.0,1550,51950
20240216,09:21:29,288.75,200,58050
20240216,09:21:31,289.05,50,58050
20240216,09:21:38,288.6,50,58050
20240216,09:21:41,287.9,200,58050
20240216,09:21:42,287.9,500,58050
20240216,09:21:51,288.4,250,58050
20240216,09:21:55,288.35,50,58050
20240216,09:21:56,287.9,50,58050
20240216,09:22:16,287.7,50,58050
20240216,09:22:22,288.0,200,58050
20240216,09:22:26,286.95,650,58050
20240216,09:22:30,287.3,250,58050
20240216,09:22:30,286.5,1250,58050
20240216,09:22:31,286.8,100,58050
20240216,09:22:34,286.2,100,58050
20240216,09:22:40,287.8,100,58050
20240216,09:22:45,288.5,50,58050
20240216,09:22:46,288.2,250,58050
20240216,09:22:59,288.3,850,58050
20240216,09:23:04,292.0,400,58050
20240216,09:23:05,294.0,50,58050
20240216,09:23:09,294.0,50,58050
20240216,09:23:10,291.05,400,58050
20240216,09:23:11,290.05,200,58050
20240216,09:23:12,289.8,50,58050
20240216,09:23:13,289.7,50,58050
20240216,09:23:14,290.65,50,58050
20240216,09:23:15,291.05,50,58050
20240216,09:23:16,291.5,50,58050
20240216,09:23:18,291.4,50,58050
20240216,09:23:19,292.7,100,58050
20240216,09:23:28,291.2,100,58050
20240216,09:23:30,290.0,50,58050
20240216,09:23:32,291.0,1550,58050
20240216,09:23:40,289.8,50,58050
20240216,09:23:43,286.65,600,58050
20240216,09:23:44,288.0,150,58050
20240216,09:23:45,287.65,700,58050
20240216,09:23:46,286.35,550,58050
20240216,09:23:47,286.45,250,58050
20240216,09:23:49,286.65,200,58050
20240216,09:23:50,286.05,150,58050
20240216,09:23:52,286.45,150,58050
20240216,09:23:53,286.95,100,58050
20240216,09:23:57,287.15,100,58050
20240216,09:24:00,286.6,100,58050
20240216,09:24:03,286.1,600,58050
20240216,09:24:04,285.0,350,58050
20240216,09:24:05,285.3,150,58050
20240216,09:24:06,284.7,50,58050
20240216,09:24:07,284.8,50,58050
20240216,09:24:08,284.75,50,58050
20240216,09:24:11,284.55,200,58050
20240216,09:24:12,286.0,200,58050
20240216,09:24:13,286.75,100,58050
20240216,09:24:13,285.85,50,58050
20240216,09:24:14,285.0,300,58050
20240216,09:24:17,285.9,250,58050
20240216,09:24:18,285.8,50,58050
20240216,09:24:19,286.75,500,58050
20240216,09:24:20,285.8,50,58050
20240216,09:24:21,285.15,100,58050
20240216,09:24:24,285.6,50,58050
20240216,09:24:25,285.2,50,58050
20240216,09:24:27,285.9,50,58050
20240216,09:24:28,285.9,250,62200
20240216,09:24:28,286.0,150,62200
20240216,09:24:34,286.15,50,62200
20240216,09:24:37,287.45,1950,62200
20240216,09:24:39,290.0,150,62200
20240216,09:24:40,288.6,400,62200
20240216,09:24:41,288.25,100,62200
20240216,09:24:43,288.2,200,62200
20240216,09:24:44,287.75,50,62200
20240216,09:24:45,288.25,50,62200
20240216,09:24:46,288.5,50,62200
20240216,09:24:48,288.3,50,62200
20240216,09:24:58,288.8,50,62200
20240216,09:24:59,291.0,450,62200
20240216,09:25:00,292.1,400,62200
20240216,09:25:01,292.25,650,62200
20240216,09:25:04,291.45,550,62200
20240216,09:25:06,289.65,50,62200
20240216,09:25:06,290.5,50,62200
20240216,09:25:08,289.9,100,62200
20240216,09:25:09,289.8,150,62200
20240216,09:25:10,290.05,150,62200
20240216,09:25:11,292.0,300,62200
20240216,09:25:13,292.05,50,62200
20240216,09:25:15,291.9,50,62200
20240216,09:25:17,290.75,250,62200
20240216,09:25:19,290.4,200,62200
20240216,09:25:20,290.3,150,62200
20240216,09:25:22,288.75,200,62200
20240216,09:25:23,287.7,500,62200
20240216,09:25:24,288.05,50,62200
20240216,09:25:26,288.35,200,62200
20240216,09:25:27,288.55,50,62200
20240216,09:25:32,286.65,50,62200
20240216,09:25:33,287.35,50,62200
20240216,09:25:35,287.25,50,62200
20240216,09:25:39,287.7,100,62200
20240216,09:25:40,288.85,150,62200
20240216,09:25:44,288.5,100,62200
20240216,09:25:45,288.05,50,62200
20240216,09:25:46,288.4,100,62200
20240216,09:25:47,289.1,100,62200
20240216,09:25:53,292.0,250,62200
20240216,09:25:56,290.5,350,62200
20240216,09:25:58,290.75,50,62200
20240216,09:25:59,290.7,250,62200
20240216,09:26:01,290.95,200,62200
20240216,09:26:02,293.3,350,62200
20240216,09:26:04,293.65,50,62200
20240216,09:26:06,293.85,50,62200
20240216,09:26:07,294.7,1200,62200
20240216,09:26:10,294.7,50,62200
20240216,09:26:14,297.0,350,62200
20240216,09:26:16,297.0,150,62200
20240216,09:26:17,297.0,50,62200
20240216,09:26:18,297.05,150,62200
20240216,09:26:20,294.3,250,62200
20240216,09:26:23,293.85,150,62200
20240216,09:26:24,294.15,200,62200
20240216,09:26:28,293.7,150,62200
20240216,09:26:29,293.0,100,62200
20240216,09:26:30,294.1,50,62200
20240216,09:26:42,292.1,150,62200
20240216,09:26:47,290.0,50,62200
20240216,09:26:49,289.85,50,62200
20240216,09:26:51,289.0,100,62200
20240216,09:26:52,289.15,50,62200
20240216,09:26:54,288.3,50,62200
20240216,09:26:56,287.75,100,62200
20240216,09:26:57,287.5,50,62200
20240216,09:26:58,288.05,500,62200
20240216,09:27:00,286.85,50,62200
20240216,09:27:01,287.9,550,62200
20240216,09:27:02,287.3,450,62200
20240216,09:27:03,288.2,100,62200
20240216,09:27:05,288.0,50,62200
20240216,09:27:06,288.8,100,62200
20240216,09:27:11,288.0,250,62200
20240216,09:27:12,288.55,100,62200
20240216,09:27:13,288.1,50,62200
20240216,09:27:18,287.9,200,62200
20240216,09:27:19,287.15,200,62200
20240216,09:27:20,286.85,150,62200
20240216,09:27:22,286.5,150,62200
20240216,09:27:23,287.3,150,62200
20240216,09:27:26,287.45,100,62200
20240216,09:27:28,287.95,50,64500
20240216,09:27:31,286.65,50,64500
20240216,09:27:34,287.35,100,64500
20240216,09:27:40,288.55,50,64500
20240216,09:27:41,289.0,200,64500
20240216,09:27:50,292.0,50,64500
20240216,09:27:53,292.25,100,64500
20240216,09:27:56,294.5,250,64500
20240216,09:28:01,292.85,50,64500
20240216,09:28:11,292.05,150,64500
20240216,09:28:15,293.6,50,64500
20240216,09:28:16,294.5,50,64500
20240216,09:28:17,295.2,50,64500
20240216,09:28:25,293.65,50,64500
20240216,09:28:26,293.8,50,64500
20240216,09:28:30,292.55,50,64500
20240216,09:28:31,292.4,50,64500
20240216,09:28:33,292.0,100,64500
20240216,09:28:34,291.8,100,64500
20240216,09:28:36,291.25,200,64500
20240216,09:28:39,291.7,100,64500
20240216,09:28:40,290.95,100,64500
20240216,09:28:41,290.15,100,64500
20240216,09:28:42,289.8,250,64500
20240216,09:28:43,290.35,50,64500
20240216,09:28:45,290.7,550,64500
20240216,09:28:47,288.9,50,64500
20240216,09:28:56,289.1,100,64500
20240216,09:28:58,287.95,100,64500
20240216,09:29:00,287.45,100,64500
20240216,09:29:03,286.8,550,64500
20240216,09:29:08,285.65,200,64500
20240216,09:29:09,285.35,100,64500
20240216,09:29:10,284.0,100,64500
20240216,09:29:11,281.0,550,64500
20240216,09:29:12,280.4,100,64500
20240216,09:29:13,281.6,900,64500
20240216,09:29:14,282.4,50,64500
20240216,09:29:15,282.0,200,64500
20240216,09:29:16,281.6,250,64500
20240216,09:29:17,282.2,100,64500
20240216,09:29:19,281.0,50,64500
20240216,09:29:20,279.0,1350,64500
20240216,09:29:21,277.9,450,64500
20240216,09:29:26,279.05,250,64500
20240216,09:29:27,279.9,150,64500
20240216,09:29:33,283.1,50,64500
20240216,09:29:34,282.6,50,64500
20240216,09:29:36,282.3,50,64500
20240216,09:29:37,282.6,100,64500
20240216,09:29:40,282.45,50,64500
20240216,09:29:43,282.4,50,64500
20240216,09:29:52,284.55,100,64500
20240216,09:29:55,285.35,50,64500
20240216,09:29:56,288.15,50,64500
20240216,09:30:00,285.15,50,64500
20240216,09:30:02,284.4,50,64500
20240216,09:30:04,281.85,350,64500
20240216,09:30:06,282.8,50,64500
20240216,09:30:10,281.75,150,64500
20240216,09:30:11,283.25,100,64500
20240216,09:30:12,282.9,50,64500
20240216,09:30:13,283.05,1100,64500
20240216,09:30:14,283.05,400,64500
20240216,09:30:15,282.25,50,64500
20240216,09:30:19,282.85,50,64500
20240216,09:30:21,283.25,450,64500
20240216,09:30:27,283.45,100,67800
20240216,09:30:28,283.25,400,67800
20240216,09:30:35,283.9,300,67800
20240216,09:30:36,284.95,50,67800
20240216,09:30:36,285.3,50,67800
20240216,09:30:37,285.85,650,67800
20240216,09:30:41,284.85,100,67800
20240216,09:30:43,285.25,100,67800
20240216,09:30:44,285.6,100,67800
20240216,09:30:44,285.5,150,67800
20240216,09:30:45,286.45,50,67800
20240216,09:30:46,286.45,50,67800
20240216,09:30:47,285.0,550,67800
20240216,09:30:54,283.25,50,67800
20240216,09:30:55,284.2,50,67800
20240216,09:30:57,284.15,200,67800
20240216,09:30:58,283.3,50,67800
20240216,09:30:59,284.2,250,67800
20240216,09:31:02,282.7,550,67800
20240216,09:31:06,282.35,500,67800
20240216,09:31:07,281.7,50,67800
20240216,09:31:10,280.4,450,67800
20240216,09:31:11,280.8,250,67800
20240216,09:31:16,279.3,50,67800
20240216,09:31:17,279.4,1700,67800
20240216,09:31:19,280.0,50,67800
20240216,09:31:21,281.0,250,67800
20240216,09:31:24,281.0,50,67800
20240216,09:31:30,280.3,50,67800
20240216,09:31:39,279.35,50,67800
20240216,09:31:41,279.2,100,67800
20240216,09:31:45,279.5,350,67800
20240216,09:31:46,279.6,100,67800
20240216,09:31:47,279.85,50,67800
20240216,09:31:56,283.1,50,67800
20240216,09:31:57,282.25,50,67800
20240216,09:31:59,282.05,50,67800
20240216,09:32:00,281.05,100,67800
20240216,09:32:01,280.8,50,67800
20240216,09:32:02,279.85,250,67800
20240216,09:32:10,280.7,50,67800
20240216,09:32:11,280.65,350,67800
20240216,09:32:12,280.2,1350,67800
20240216,09:32:13,281.05,50,67800
20240216,09:32:14,284.45,250,67800
20240216,09:32:16,284.4,50,67800
20240216,09:32:17,283.65,100,67800
20240216,09:32:18,283.95,200,67800
20240216,09:32:21,282.15,400,67800
20240216,09:32:23,283.0,550,67800
20240216,09:32:24,283.05,100,67800
20240216,09:32:26,284.0,250,67800
20240216,09:32:27,285.15,100,67800
20240216,09:32:29,284.05,150,67800
20240216,09:32:33,285.45,100,67800
20240216,09:32:36,285.8,500,67800
20240216,09:32:40,285.0,300,67800
20240216,09:32:50,286.1,150,67800
20240216,09:32:55,285.8,50,67800
20240216,09:32:56,285.3,100,67800
20240216,09:32:57,286.5,2600,67800
20240216,09:32:58,287.75,850,67800
20240216,09:33:00,286.2,250,67800
20240216,09:33:01,287.0,300,67800
20240216,09:33:06,288.75,200,67800
20240216,09:33:07,290.45,50,67800
20240216,09:33:10,290.0,50,67800
20240216,09:33:11,290.45,300,67800
20240216,09:33:12,291.45,200,67800
20240216,09:33:12,291.7,50,67800
20240216,09:33:14,292.3,200,67800
20240216,09:33:16,292.3,250,67800
20240216,09:33:18,293.1,150,67800
20240216,09:33:18,293.3,300,67800
20240216,09:33:19,293.8,250,67800
20240216,09:33:21,294.5,300,67800
20240216,09:33:23,293.9,100,67800
20240216,09:33:24,293.0,50,67800
20240216,09:33:26,294.1,50,67800
20240216,09:33:27,292.8,200,67800
20240216,09:33:27,293.5,150,67800
20240216,09:33:30,293.0,600,72400
20240216,09:33:32,291.05,150,72400
20240216,09:33:32,292.0,50,72400
20240216,09:33:33,291.15,450,72400
20240216,09:33:35,291.45,100,72400
20240216,09:33:37,291.6,250,72400
20240216,09:33:38,292.5,200,72400
20240216,09:33:41,291.15,50,72400
20240216,09:33:45,290.95,50,72400
20240216,09:33:46,289.9,1250,72400
20240216,09:33:46,289.4,300,72400
20240216,09:33:48,287.4,100,72400
20240216,09:33:52,288.8,300,72400
20240216,09:33:55,289.65,50,72400
20240216,09:33:56,288.7,100,72400
20240216,09:34:00,288.8,50,72400
20240216,09:34:01,287.15,50,72400
20240216,09:34:15,288.9,50,72400
20240216,09:34:21,287.15,50,72400
20240216,09:34:22,287.1,50,72400
20240216,09:34:26,291.0,50,72400
20240216,09:34:28,292.3,50,72400
20240216,09:34:33,290.4,150,72400
20240216,09:34:48,292.45,350,72400
20240216,09:34:52,292.35,250,72400
20240216,09:34:56,292.5,250,72400
20240216,09:35:00,290.7,150,72400
20240216,09:35:02,291.25,500,72400
20240216,09:35:04,291.6,50,72400
20240216,09:35:09,292.2,950,72400
20240216,09:35:14,292.85,1400,72400
20240216,09:35:15,293.0,100,72400
20240216,09:35:16,292.75,50,72400
20240216,09:35:19,293.3,50,72400
20240216,09:35:20,293.05,100,72400
20240216,09:35:21,293.05,100,72400
20240216,09:35:22,292.5,550,72400
20240216,09:35:25,292.55,50,72400
20240216,09:35:26,293.0,250,72400
20240216,09:35:27,292.4,100,72400
20240216,09:35:28,292.8,50,72400
20240216,09:35:29,292.85,100,72400
20240216,09:35:30,292.95,150,72400
20240216,09:35:31,292.35,50,72400
20240216,09:35:32,292.5,100,72400
20240216,09:35:33,290.4,1150,72400
20240216,09:35:34,292.2,350,72400
20240216,09:35:37,291.2,50,72400
20240216,09:35:38,290.75,150,72400
20240216,09:35:40,289.9,50,72400
20240216,09:35:42,289.45,50,72400
20240216,09:35:43,289.2,50,72400
20240216,09:35:45,289.25,100,72400
20240216,09:35:47,289.65,150,72400
20240216,09:35:51,288.0,500,72400
20240216,09:35:52,287.75,500,72400
20240216,09:36:02,285.0,800,72400
20240216,09:36:03,286.0,150,72400
20240216,09:36:06,287.1,100,72400
20240216,09:36:09,285.6,250,72400
20240216,09:36:13,285.85,400,72400
20240216,09:36:40,284.55,250,71000
20240216,09:36:54,284.45,500,71000
20240216,09:37:01,283.35,50,71000
20240216,09:37:03,286.95,200,71000
20240216,09:37:05,288.1,600,71000
20240216,09:37:06,287.95,50,71000
20240216,09:37:07,289.35,300,71000
20240216,09:37:09,289.0,250,71000
20240216,09:37:13,289.4,850,71000
20240216,09:37:17,289.05,250,71000
20240216,09:37:39,286.35,200,71000
20240216,09:37:40,286.45,150,71000
20240216,09:37:44,289.0,350,71000
20240216,09:37:51,289.1,2150,71000
20240216,09:37:57,289.4,250,71000
20240216,09:38:03,288.65,1400,71000
20240216,09:38:15,290.75,50,71000
20240216,09:38:37,287.0,50,71000
20240216,09:38:50,287.1,100,71000
20240216,09:38:51,286.1,1400,71000
20240216,09:38:53,286.75,50,71000
20240216,09:38:55,285.15,50,71000
20240216,09:39:01,288.2,300,71000
20240216,09:39:02,288.15,50,71000
20240216,09:39:12,286.5,100,71000
20240216,09:39:13,286.1,150,71000
20240216,09:39:15,286.45,1150,71000
20240216,09:39:17,285.35,450,71000
20240216,09:39:19,285.75,250,71000
20240216,09:39:21,284.0,600,71000
20240216,09:39:24,283.85,500,71000
20240216,09:39:26,284.2,50,71000
20240216,09:39:32,282.9,400,71600
20240216,09:39:34,280.9,150,71600
20240216,09:39:35,281.0,150,71600
20240216,09:39:36,281.55,50,71600
20240216,09:39:38,282.4,150,71600
20240216,09:39:40,281.1,250,71600
20240216,09:39:44,282.0,300,71600
20240216,09:39:45,280.8,50,71600
20240216,09:39:47,281.4,100,71600
20240216,09:39:50,281.45,100,71600
20240216,09:39:51,279.9,750,71600
20240216,09:39:53,279.05,600,71600
20240216,09:39:55,279.65,350,71600
20240216,09:39:57,279.35,100,71600
20240216,09:39:58,280.2,150,71600
20240216,09:39:59,278.6,1250,71600
20240216,09:40:00,279.45,250,71600
20240216,09:40:02,280.8,300,71600
20240216,09:40:03,281.2,50,71600
20240216,09:40:08,281.25,50,71600
20240216,09:40:10,281.05,100,71600
20240216,09:40:20,283.05,100,71600
20240216,09:40:21,284.7,600,71600
20240216,09:40:22,286.1,50,71600
20240216,09:40:23,286.65,100,71600
20240216,09:40:29,282.85,50,71600
20240216,09:40:33,281.85,50,71600
20240216,09:40:38,279.8,50,71600
20240216,09:40:39,279.0,150,71600
20240216,09:40:43,277.85,300,71600
20240216,09:40:44,277.4,200,71600
20240216,09:40:45,277.4,100,71600
20240216,09:40:46,277.65,300,71600
20240216,09:40:50,278.2,150,71600
20240216,09:40:59,278.8,100,71600
20240216,09:41:00,277.55,200,71600
20240216,09:41:02,277.95,250,71600
20240216,09:41:03,279.1,100,71600
20240216,09:41:05,280.55,50,71600
20240216,09:41:07,281.8,150,71600
20240216,09:41:13,282.85,300,71600
20240216,09:41:18,280.9,10100,71600
20240216,09:41:20,281.85,200,71600
20240216,09:41:21,281.25,50,71600
20240216,09:41:29,279.9,50,71600
20240216,09:41:31,280.0,100,71600
20240216,09:41:34,279.6,50,71600
20240216,09:41:36,279.8,100,71600
20240216,09:41:37,279.8,50,71600
20240216,09:41:37,279.0,50,71600
20240216,09:41:38,278.0,100,71600
20240216,09:41:39,278.05,250,71600
20240216,09:41:44,276.6,50,71600
20240216,09:41:47,276.6,100,71600
20240216,09:41:49,274.55,1100,71600
20240216,09:41:50,276.3,50,71600
20240216,09:41:52,276.1,150,71600
20240216,09:41:54,276.5,500,71600
20240216,09:42:02,280.0,400,71600
20240216,09:42:03,280.5,300,71600
20240216,09:42:04,277.9,250,71600
20240216,09:42:06,280.3,200,71600
20240216,09:42:07,279.95,50,71600
20240216,09:42:08,280.45,50,71600
20240216,09:42:10,280.55,150,71600
20240216,09:42:11,281.4,300,71600
20240216,09:42:15,282.7,200,71600
20240216,09:42:19,281.95,150,71600
20240216,09:42:20,282.5,450,71600
20240216,09:42:26,281.6,50,71600
20240216,09:42:29,278.4,450,79050
20240216,09:42:33,277.9,1800,79050
20240216,09:42:42,279.75,50,79050
20240216,09:42:45,279.8,450,79050
20240216,09:42:46,279.8,50,79050
20240216,09:42:49,280.35,950,79050
20240216,09:42:50,281.0,50,79050
20240216,09:42:59,281.5,250,79050
20240216,09:43:00,281.8,50,79050
20240216,09:43:02,281.95,250,79050
20240216,09:43:10,281.75,100,79050
20240216,09:43:14,282.05,50,79050
20240216,09:43:18,282.25,50,79050
20240216,09:43:19,283.0,100,79050
20240216,09:43:22,282.6,100,79050
20240216,09:43:26,283.5,50,79050
20240216,09:43:33,282.85,100,79050
20240216,09:43:54,285.3,100,79050
20240216,09:43:55,285.3,50,79050
20240216,09:43:57,285.55,200,79050
20240216,09:43:59,285.75,100,79050
20240216,09:44:00,286.3,50,79050
20240216,09:44:03,290.0,300,79050
20240216,09:44:04,290.9,50,79050
20240216,09:44:06,291.6,900,79050
20240216,09:44:07,292.45,1400,79050
20240216,09:44:08,291.65,400,79050
20240216,09:44:10,291.2,2050,79050
20240216,09:44:11,290.9,2050,79050
20240216,09:44:13,288.1,750,79050
20240216,09:44:14,288.4,100,79050
20240216,09:44:22,285.6,400,79050
20240216,09:44:26,285.6,200,79050
20240216,09:44:29,282.95,50,79050
20240216,09:44:29,282.0,50,79050
20240216,09:44:30,283.0,50,79050
20240216,09:44:33,286.0,300,79050
20240216,09:44:36,285.95,50,79050
20240216,09:44:39,286.85,250,79050
20240216,09:44:45,286.85,150,79050
20240216,09:44:47,287.65,50,79050
20240216,09:44:50,287.0,250,79050
20240216,09:44:51,287.05,150,79050
20240216,09:44:54,287.4,100,79050
20240216,09:44:55,286.65,50,79050
20240216,09:44:57,286.75,50,79050
20240216,09:44:59,288.15,500,79050
20240216,09:45:00,287.85,500,79050
20240216,09:45:02,291.25,350,79050
20240216,09:45:10,291.55,150,79050
20240216,09:45:11,292.05,100,79050
20240216,09:45:12,289.15,200,79050
20240216,09:45:13,290.25,250,79050
20240216,09:45:15,290.55,50,79050
20240216,09:45:26,290.75,50,79050
20240216,09:45:36,290.6,350,82000
20240216,09:45:38,290.95,100,82000
20240216,09:45:39,290.4,200,82000
20240216,09:45:40,290.4,100,82000
20240216,09:45:44,289.5,50,82000
20240216,09:45:47,287.0,500,82000
20240216,09:45:48,287.25,50,82000
20240216,09:45:50,286.5,100,82000
20240216,09:45:51,287.0,400,82000
20240216,09:45:52,288.4,250,82000
20240216,09:45:53,289.85,500,82000
20240216,09:45:54,289.85,100,82000
20240216,09:45:55,289.7,50,82000
20240216,09:45:58,290.0,50,82000
20240216,09:45:58,290.05,850,82000
20240216,09:46:00,288.4,200,82000
20240216,09:46:01,287.8,200,82000
20240216,09:46:02,290.2,400,82000
20240216,09:46:04,292.0,300,82000
20240216,09:46:05,292.25,500,82000
20240216,09:46:07,292.9,150,82000
20240216,09:46:09,293.1,50,82000
20240216,09:46:10,293.0,100,82000
20240216,09:46:12,293.85,350,82000
20240216,09:46:13,293.7,100,82000
20240216,09:46:14,292.2,2000,82000
20240216,09:46:15,293.25,1800,82000
20240216,09:46:16,291.0,150,82000
20240216,09:46:17,292.65,300,82000
20240216,09:46:18,292.9,250,82000
20240216,09:46:19,293.15,50,82000
20240216,09:46:21,293.6,100,82000
20240216,09:46:21,293.55,50,82000
20240216,09:46:23,294.0,350,82000
20240216,09:46:28,298.2,2150,82000
20240216,09:46:29,298.25,750,82000
20240216,09:46:30,296.6,500,82000
20240216,09:46:31,293.4,750,82000
20240216,09:46:31,294.3,250,82000
20240216,09:46:32,295.0,250,82000
20240216,09:46:33,296.8,600,82000
20240216,09:46:35,296.2,750,82000
20240216,09:46:36,296.0,200,82000
20240216,09:46:37,296.5,150,82000
20240216,09:46:38,295.9,200,82000
20240216,09:46:39,295.6,50,82000
20240216,09:46:40,295.4,250,82000
20240216,09:46:41,295.2,950,82000
20240216,09:46:42,294.0,500,82000
20240216,09:46:44,293.8,100,82000
20240216,09:46:45,294.4,100,82000
20240216,09:46:46,293.8,150,82000
20240216,09:46:47,294.5,50,82000
20240216,09:46:49,292.5,450,82000
20240216,09:46:51,292.25,450,82000
20240216,09:46:53,293.2,300,82000
20240216,09:46:54,293.0,300,82000
20240216,09:46:55,292.9,100,82000
20240216,09:46:57,292.9,150,82000
20240216,09:46:58,292.95,1350,82000
20240216,09:46:59,293.25,50,82000
20240216,09:47:00,294.35,100,82000
20240216,09:47:01,295.65,150,82000
20240216,09:47:02,295.95,550,82000
20240216,09:47:03,296.85,600,82000
20240216,09:47:03,296.25,300,82000
20240216,09:47:07,299.05,700,82000
20240216,09:47:08,299.05,200,82000
20240216,09:47:10,298.3,200,82000
20240216,09:47:12,297.95,100,82000
20240216,09:47:13,299.1,300,82000
20240216,09:47:14,299.35,500,82000
20240216,09:47:15,299.35,100,82000
20240216,09:47:16,299.6,100,82000
20240216,09:47:16,299.6,50,82000
20240216,09:47:18,299.0,100,82000
20240216,09:47:19,299.3,50,82000
20240216,09:47:21,300.0,300,82000
20240216,09:47:22,300.0,50,82000
20240216,09:47:23,300.4,450,82000
20240216,09:47:24,299.5,350,82000
20240216,09:47:25,301.05,550,82000
20240216,09:47:26,299.25,350,82000
20240216,09:47:27,299.55,350,82000
20240216,09:47:28,299.8,350,82000
20240216,09:47:30,300.3,500,82000
20240216,09:47:32,298.0,700,82000
20240216,09:47:33,296.4,1850,82000
20240216,09:47:34,296.85,100,82000
20240216,09:47:35,296.6,100,82000
20240216,09:47:36,298.4,800,82000
20240216,09:47:37,298.75,50,82000
20240216,09:47:38,299.05,100,82000
20240216,09:47:39,299.3,50,82000
20240216,09:47:40,299.0,300,82000
20240216,09:47:41,298.8,250,82000
20240216,09:47:42,299.1,1800,82000
20240216,09:47:45,298.95,250,82000
20240216,09:47:47,300.75,2100,82000
20240216,09:47:48,305.2,550,82000
20240216,09:47:49,304.2,700,82000
20240216,09:47:50,304.2,350,82000
20240216,09:47:51,303.5,50,82000
20240216,09:47:53,302.25,3650,82000
20240216,09:47:54,302.7,250,82000
20240216,09:47:55,303.15,300,82000
20240216,09:47:56,302.95,100,82000
20240216,09:47:57,303.5,100,82000
20240216,09:47:58,302.65,400,82000
20240216,09:47:59,303.6,2350,82000
20240216,09:48:00,303.35,100,82000
20240216,09:48:01,305.4,300,82000
20240216,09:48:02,306.8,700,82000
20240216,09:48:03,306.9,350,82000
20240216,09:48:04,306.0,2100,82000
20240216,09:48:06,305.95,100,82000
20240216,09:48:09,306.75,1050,82000
20240216,09:48:10,305.2,50,82000
20240216,09:48:11,306.2,500,82000
20240216,09:48:13,304.8,450,82000
20240216,09:48:15,303.6,400,82000
20240216,09:48:16,303.6,50,82000
20240216,09:48:17,303.0,400,82000
20240216,09:48:22,300.95,150,82000
20240216,09:48:25,300.35,450,82000
20240216,09:48:26,300.8,250,82000
20240216,09:48:27,299.9,600,82000
20240216,09:48:28,299.9,50,82000
20240216,09:48:29,299.25,350,82000
20240216,09:48:30,299.05,150,82000
20240216,09:48:31,301.5,150,96050
20240216,09:48:32,301.7,50,96050
20240216,09:48:33,299.0,100,96050
20240216,09:48:35,299.35,200,96050
20240216,09:48:38,299.9,100,96050
20240216,09:48:40,299.0,100,96050
20240216,09:48:44,298.0,150,96050
20240216,09:48:46,297.9,150,96050
20240216,09:48:48,299.1,250,96050
20240216,09:48:49,298.1,50,96050
20240216,09:48:50,298.1,200,96050
20240216,09:48:51,299.8,100,96050
20240216,09:48:54,298.8,50,96050
20240216,09:48:56,299.3,200,96050
20240216,09:48:59,299.2,250,96050
20240216,09:49:01,301.25,50,96050
20240216,09:49:02,299.75,500,96050
20240216,09:49:03,301.6,300,96050
20240216,09:49:06,303.1,50,96050
20240216,09:49:07,304.05,150,96050
20240216,09:49:08,304.7,50,96050
20240216,09:49:09,305.25,100,96050
20240216,09:49:10,304.65,100,96050
20240216,09:49:11,304.85,350,96050
20240216,09:49:12,305.0,50,96050
20240216,09:49:13,303.5,200,96050
20240216,09:49:14,303.25,150,96050
20240216,09:49:17,304.55,50,96050
20240216,09:49:18,304.95,250,96050
20240216,09:49:19,305.0,250,96050
20240216,09:49:20,305.25,250,96050
20240216,09:49:21,304.7,100,96050
20240216,09:49:25,303.5,200,96050
20240216,09:49:26,302.1,100,96050
20240216,09:49:27,304.0,50,96050
20240216,09:49:29,304.35,200,96050
20240216,09:49:37,303.3,50,96050
20240216,09:49:38,303.75,150,96050
20240216,09:49:39,302.85,200,96050
20240216,09:49:41,303.85,400,96050
20240216,09:49:42,304.6,100,96050
20240216,09:49:44,305.9,1000,96050
20240216,09:49:46,304.55,1150,96050
20240216,09:49:47,302.95,200,96050
20240216,09:49:48,302.5,150,96050
20240216,09:49:49,302.0,50,96050
20240216,09:49:50,301.0,200,96050
20240216,09:49:51,303.15,150,96050
20240216,09:49:55,303.55,50,96050
20240216,09:50:01,303.15,150,96050
20240216,09:50:02,303.9,1800,96050
20240216,09:50:04,305.0,50,96050
20240216,09:50:06,304.5,600,96050
20240216,09:50:07,304.3,100,96050
20240216,09:50:12,303.0,50,96050
20240216,09:50:17,300.0,550,96050
20240216,09:50:21,300.0,100,96050
20240216,09:50:22,299.0,550,96050
20240216,09:50:29,299.25,50,96050
20240216,09:50:32,298.95,1500,96050
20240216,09:50:33,300.45,550,96050
20240216,09:50:37,299.4,1850,96050
20240216,09:50:40,298.0,150,96050
20240216,09:50:41,297.1,400,96050
20240216,09:50:42,297.4,200,96050
20240216,09:50:43,296.0,100,96050
20240216,09:50:45,295.8,50,96050
20240216,09:50:47,295.5,250,96050
20240216,09:50:48,295.8,50,96050
20240216,09:50:50,296.75,50,96050
20240216,09:50:51,298.1,500,96050
20240216,09:50:54,300.1,50,96050
20240216,09:50:55,301.35,200,96050
20240216,09:50:57,301.15,50,96050
20240216,09:51:02,297.9,500,96050
20240216,09:51:09,300.55,50,96050
20240216,09:51:11,300.65,50,96050
20240216,09:51:12,299.75,50,96050
20240216,09:51:13,300.2,150,96050
20240216,09:51:16,300.15,50,96050
20240216,09:51:17,297.9,100,96050
20240216,09:51:22,299.8,100,96050
20240216,09:51:25,298.2,50,96050
20240216,09:51:28,298.1,100,96050
20240216,09:51:36,298.25,50,102700
20240216,09:51:37,298.05,50,102700
20240216,09:51:39,299.15,1700,102700
20240216,09:51:40,298.2,50,102700
20240216,09:51:46,297.4,250,102700
20240216,09:51:50,297.7,50,102700
20240216,09:51:51,297.0,2000,102700
20240216,09:51:52,296.45,50,102700
20240216,09:51:54,296.9,200,102700
20240216,09:51:55,296.2,200,102700
20240216,09:51:56,295.6,250,102700
20240216,09:51:58,295.0,200,102700
20240216,09:51:59,294.25,250,102700
20240216,09:52:01,297.2,400,102700
20240216,09:52:02,293.5,150,102700
20240216,09:52:04,294.55,50,102700
20240216,09:52:05,293.85,100,102700
20240216,09:52:06,293.5,350,102700
20240216,09:52:10,293.15,250,102700
20240216,09:52:11,293.55,250,102700
20240216,09:52:14,293.15,150,102700
20240216,09:52:15,292.0,300,102700
20240216,09:52:16,291.1,100,102700
20240216,09:52:20,290.2,100,102700
20240216,09:52:21,290.15,2700,102700
20240216,09:52:22,289.4,800,102700
20240216,09:52:23,287.15,200,102700
20240216,09:52:25,286.85,700,102700
20240216,09:52:26,288.55,150,102700
20240216,09:52:27,289.3,50,102700
20240216,09:52:31,288.75,50,102700
20240216,09:52:39,291.25,50,102700
20240216,09:52:40,290.6,350,102700
20240216,09:52:41,290.95,150,102700
20240216,09:52:42,290.3,50,102700
20240216,09:52:44,289.8,200,102700
20240216,09:52:44,289.75,50,102700
20240216,09:52:45,289.5,150,102700
20240216,09:52:46,288.65,200,102700
20240216,09:52:47,288.8,400,102700
20240216,09:52:49,289.0,300,102700
20240216,09:52:52,290.05,50,102700
20240216,09:52:53,291.15,2000,102700
20240216,09:52:55,292.05,50,102700
20240216,09:52:56,292.0,2100,102700
20240216,09:52:59,293.3,50,102700
20240216,09:53:00,291.05,950,102700
20240216,09:53:01,291.0,600,102700
20240216,09:53:02,290.95,50,102700
20240216,09:53:03,291.35,100,102700
20240216,09:53:05,290.85,200,102700
20240216,09:53:10,291.35,50,102700
20240216,09:53:12,292.1,100,102700
20240216,09:53:12,292.8,150,102700
20240216,09:53:14,292.5,300,102700
20240216,09:53:18,294.55,800,102700
20240216,09:53:21,294.55,350,102700
20240216,09:53:23,294.9,100,102700
20240216,09:53:25,294.4,150,102700
20240216,09:53:26,294.5,300,102700
20240216,09:53:27,295.9,150,102700
20240216,09:53:31,295.5,50,102700
20240216,09:53:34,294.45,200,102700
20240216,09:53:35,295.35,50,102700
20240216,09:53:37,293.2,100,102700
20240216,09:53:39,292.6,50,102700
20240216,09:53:42,292.55,50,102700
20240216,09:53:44,293.25,550,102700
20240216,09:53:52,293.55,100,102700
20240216,09:53:56,293.25,50,102700
20240216,09:53:59,293.05,200,102700
20240216,09:54:00,291.15,250,102700
20240216,09:54:01,290.85,450,102700
20240216,09:54:05,290.0,250,102700
20240216,09:54:06,290.0,100,102700
20240216,09:54:07,289.95,50,102700
20240216,09:54:08,289.45,150,102700
20240216,09:54:09,289.75,50,102700
20240216,09:54:10,289.0,50,102700
20240216,09:54:12,288.9,150,102700
20240216,09:54:14,288.4,50,102700
20240216,09:54:16,288.8,50,102700
20240216,09:54:20,290.45,300,102700
20240216,09:54:22,288.45,250,102700
20240216,09:54:26,288.65,100,102700
20240216,09:54:30,287.65,400,102700
20240216,09:54:36,286.65,350,107100
20240216,09:54:37,286.35,50,107100
20240216,09:54:38,285.5,300,107100
20240216,09:54:39,286.35,50,107100
20240216,09:54:40,285.65,50,107100
20240216,09:54:42,286.0,100,107100
20240216,09:54:43,285.0,450,107100
20240216,09:54:43,284.85,500,107100
20240216,09:54:47,283.95,300,107100
20240216,09:54:51,285.4,50,107100
20240216,09:54:56,287.45,150,107100
20240216,09:54:57,286.75,50,107100
20240216,09:54:59,286.25,50,107100
20240216,09:55:00,285.0,100,107100
20240216,09:55:02,282.9,400,107100
20240216,09:55:04,282.45,100,107100
20240216,09:55:06,282.65,50,107100
20240216,09:55:07,282.0,500,107100
20240216,09:55:08,281.55,2200,107100
20240216,09:55:09,282.55,100,107100
20240216,09:55:10,282.55,250,107100
20240216,09:55:13,282.45,100,107100
20240216,09:55:18,283.05,150,107100
20240216,09:55:20,285.0,100,107100
20240216,09:55:21,282.55,50,107100
20240216,09:55:23,282.0,50,107100
20240216,09:55:24,281.9,150,107100
20240216,09:55:27,280.3,400,107100
20240216,09:55:30,281.6,350,107100
20240216,09:55:31,281.85,550,107100
20240216,09:55:32,281.6,50,107100
20240216,09:55:34,280.85,300,107100
20240216,09:55:35,280.8,50,107100
20240216,09:55:36,280.9,250,107100
20240216,09:55:40,280.0,600,107100
20240216,09:55:41,279.5,2700,107100
20240216,09:55:44,279.45,200,107100
20240216,09:55:45,277.5,2800,107100
20240216,09:55:46,277.0,300,107100
20240216,09:55:47,277.45,100,107100
20240216,09:55:48,276.85,50,107100
20240216,09:55:50,277.45,150,107100
20240216,09:55:53,277.65,150,107100
20240216,09:55:54,276.6,150,107100
20240216,09:55:55,276.55,100,107100
20240216,09:55:57,276.25,50,107100
20240216,09:55:59,277.15,300,107100
20240216,09:56:00,277.6,100,107100
20240216,09:56:01,279.05,250,107100
20240216,09:56:01,277.6,2550,107100
20240216,09:56:03,277.6,2200,107100
20240216,09:56:07,276.4,100,107100
20240216,09:56:08,277.05,100,107100
20240216,09:56:09,276.2,300,107100
20240216,09:56:12,276.6,250,107100
20240216,09:56:14,276.15,50,107100
20240216,09:56:17,276.95,250,107100
20240216,09:56:17,280.15,2900,107100
20240216,09:56:19,281.15,100,107100
20240216,09:56:20,282.0,150,107100
20240216,09:56:25,279.9,100,107100
20240216,09:56:27,280.7,100,107100
20240216,09:56:28,280.8,50,107100
20240216,09:56:29,280.5,250,107100
20240216,09:56:30,280.0,550,107100
20240216,09:56:32,280.0,200,107100
20240216,09:56:33,280.0,300,107100
20240216,09:56:34,281.35,100,107100
20240216,09:56:35,282.0,1100,107100
20240216,09:56:35,282.6,100,107100
20240216,09:56:38,282.35,50,107100
20240216,09:56:44,281.55,450,107100
20240216,09:56:45,280.0,1000,107100
20240216,09:56:49,280.8,150,107100
20240216,09:56:51,281.4,2050,107100
20240216,09:56:53,280.15,150,107100
20240216,09:56:58,279.2,350,107100
20240216,09:57:00,280.0,150,107100
20240216,09:57:02,278.5,800,107100
20240216,09:57:03,277.3,1500,107100
20240216,09:57:05,277.35,500,107100
20240216,09:57:06,276.65,400,107100
20240216,09:57:10,276.0,400,107100
20240216,09:57:13,277.4,50,107100
20240216,09:57:15,276.75,250,107100
20240216,09:57:21,278.2,100,107100
20240216,09:57:28,278.5,50,107100
20240216,09:57:29,275.1,450,107100
20240216,09:57:30,276.6,100,107100
20240216,09:57:31,278.9,100,107100
20240216,09:57:32,280.75,600,110850
20240216,09:57:33,279.6,250,110850
20240216,09:57:36,277.5,600,110850
20240216,09:57:40,277.65,200,110850
20240216,09:57:42,277.75,200,110850
20240216,09:57:43,278.35,300,110850
20240216,09:57:46,278.05,150,110850
20240216,09:57:49,278.85,50,110850
20240216,09:57:52,278.75,50,110850
20240216,09:57:53,278.0,100,110850
20240216,09:57:57,277.35,100,110850
20240216,09:57:59,278.3,50,110850
20240216,09:58:02,275.6,950,110850
20240216,09:58:04,276.1,50,110850
20240216,09:58:07,277.4,150,110850
20240216,09:58:10,276.3,300,110850
20240216,09:58:15,276.6,450,110850
20240216,09:58:19,276.5,50,110850
20240216,09:58:23,277.05,50,110850
20240216,09:58:27,276.45,200,110850
20240216,09:58:29,275.8,400,110850
20240216,09:58:32,278.0,150,110850
20240216,09:58:33,278.7,50,110850
20240216,09:58:40,278.7,50,110850
20240216,09:58:41,278.5,50,110850
20240216,09:58:44,277.85,100,110850
20240216,09:58:48,278.95,50,110850
20240216,09:58:49,279.9,100,110850
20240216,09:58:59,279.55,150,110850
20240216,09:59:00,279.85,500,110850
20240216,09:59:01,279.15,100,110850
20240216,09:59:02,279.0,1000,110850
20240216,09:59:07,279.8,50,110850
20240216,09:59:08,279.65,1900,110850
20240216,09:59:09,279.2,50,110850
20240216,09:59:11,278.4,250,110850
20240216,09:59:13,278.95,50,110850
20240216,09:59:18,277.65,450,110850
20240216,09:59:19,277.25,200,110850
20240216,09:59:21,279.8,50,110850
20240216,09:59:22,279.35,50,110850
20240216,09:59:40,279.15,50,110850
20240216,09:59:42,279.35,50,110850
20240216,09:59:46,279.1,1800,110850
20240216,09:59:48,279.0,50,110850
20240216,09:59:51,276.0,1800,110850
20240216,09:59:52,276.7,450,110850
20240216,09:59:54,276.9,1800,110850
20240216,09:59:56,276.75,1800,110850
20240216,09:59:58,276.7,250,110850
20240216,10:00:00,278.35,650,110850
20240216,10:00:01,279.0,50,110850
20240216,10:00:02,277.95,250,110850
20240216,10:00:04,275.25,450,110850
20240216,10:00:10,275.8,50,110850
20240216,10:00:12,276.4,100,110850
20240216,10:00:14,275.8,50,110850
20240216,10:00:18,276.1,1850,110850
20240216,10:00:21,275.7,1250,110850
20240216,10:00:22,277.3,150,110850
20240216,10:00:25,277.9,250,110850
20240216,10:00:27,275.65,150,110850
20240216,10:00:30,276.8,50,110850
20240216,10:00:35,275.8,1050,114600
20240216,10:00:38,275.25,100,114600
20240216,10:00:42,275.25,250,114600
20240216,10:00:43,276.6,200,114600
20240216,10:00:54,276.7,50,114600
20240216,10:01:02,272.8,2050,114600
20240216,10:01:03,274.2,250,114600
20240216,10:01:06,274.65,50,114600
20240216,10:01:10,274.05,250,114600
20240216,10:01:11,274.05,150,114600
20240216,10:01:12,274.95,200,114600
20240216,10:01:14,274.0,50,114600
20240216,10:01:17,273.5,100,114600
20240216,10:01:19,273.0,100,114600
20240216,10:01:27,273.0,1200,114600
20240216,10:01:30,273.55,100,114600
20240216,10:01:32,273.4,250,114600
20240216,10:01:36,276.15,150,114600
20240216,10:01:38,276.8,50,114600
20240216,10:01:39,277.25,50,114600
20240216,10:01:41,276.95,50,114600
20240216,10:01:50,278.4,100,114600
20240216,10:02:00,278.1,150,114600
20240216,10:02:02,277.5,350,114600
20240216,10:02:05,278.0,150,114600
20240216,10:02:06,278.0,1050,114600
20240216,10:02:07,276.85,250,114600
20240216,10:02:12,278.25,200,114600
20240216,10:02:20,278.25,50,114600
20240216,10:02:21,278.6,900,114600
20240216,10:02:31,278.1,50,114600
20240216,10:02:32,278.0,50,114600
20240216,10:02:39,277.55,50,114600
20240216,10:02:42,276.25,300,114600
20240216,10:02:50,275.4,250,114600
20240216,10:02:51,275.8,50,114600
20240216,10:02:57,275.4,100,114600
20240216,10:03:04,275.0,50,114600
20240216,10:03:05,275.65,50,114600
20240216,10:03:15,274.0,300,114600
20240216,10:03:16,274.25,800,114600
20240216,10:03:17,274.1,400,114600
20240216,10:03:18,273.9,1500,114600
20240216,10:03:19,274.55,50,114600
20240216,10:03:21,273.85,50,114600
20240216,10:03:23,274.8,500,114600
20240216,10:03:25,273.5,250,114600
20240216,10:03:29,273.85,50,114600
20240216,10:03:31,273.35,100,114600
20240216,10:03:32,273.8,100,113000
20240216,10:03:33,273.0,150,113000
20240216,10:03:35,273.85,50,113000
20240216,10:03:49,271.65,300,113000
20240216,10:03:50,269.5,2900,113000
20240216,10:03:51,270.4,500,113000
20240216,10:03:52,270.75,100,113000
20240216,10:03:53,271.85,150,113000
20240216,10:03:55,271.1,50,113000
20240216,10:04:02,270.45,300,113000
20240216,10:04:04,272.2,100,113000
20240216,10:04:05,271.4,50,113000
20240216,10:04:08,269.2,600,113000
20240216,10:04:09,269.2,50,113000
20240216,10:04:10,271.5,50,113000
20240216,10:04:11,270.2,150,113000
20240216,10:04:12,270.6,100,113000
20240216,10:04:13,270.55,450,113000
20240216,10:04:15,271.05,100,113000
20240216,10:04:17,270.1,100,113000
20240216,10:04:20,270.55,100,113000
20240216,10:04:20,270.7,50,113000
20240216,10:04:21,270.2,1800,113000
20240216,10:04:23,273.0,150,113000
20240216,10:04:28,272.65,450,113000
20240216,10:04:28,273.3,200,113000
20240216,10:04:29,272.9,350,113000
20240216,10:04:31,273.95,50,113000
20240216,10:04:32,274.2,50,113000
20240216,10:04:39,275.1,100,113000
20240216,10:04:40,274.2,250,113000
20240216,10:04:42,274.15,100,113000
20240216,10:04:49,274.1,800,113000
20240216,10:04:52,273.85,100,113000
20240216,10:04:55,274.25,200,113000
20240216,10:04:56,274.3,200,113000
20240216,10:04:59,275.85,350,113000
20240216,10:05:06,276.65,50,113000
20240216,10:05:12,277.05,200,113000
20240216,10:05:13,277.5,500,113000
20240216,10:05:14,277.65,50,113000
20240216,10:05:17,277.35,750,113000
20240216,10:05:18,277.0,50,113000
20240216,10:05:21,277.7,350,113000
20240216,10:05:24,277.7,100,113000
20240216,10:05:25,278.25,950,113000
20240216,10:05:30,278.5,50,113000
20240216,10:05:32,278.45,100,113000
20240216,10:05:33,278.75,100,113000
20240216,10:05:37,279.75,350,113000
20240216,10:05:39,279.35,50,113000
20240216,10:05:41,279.45,50,113000
20240216,10:05:43,278.75,50,113000
20240216,10:05:47,278.85,50,113000
20240216,10:05:49,278.55,350,113000
20240216,10:05:51,278.3,50,113000
20240216,10:06:03,276.25,50,113000
20240216,10:06:06,275.0,50,113000
20240216,10:06:07,275.3,50,113000
20240216,10:06:15,272.5,600,113000
20240216,10:06:17,271.9,50,113000
20240216,10:06:18,271.8,50,113000
20240216,10:06:20,271.25,150,113000
20240216,10:06:22,271.7,50,113000
20240216,10:06:29,271.1,100,113000
20240216,10:06:30,271.35,50,113000
20240216,10:06:33,271.0,200,113000
20240216,10:06:35,269.25,200,113400
20240216,10:06:36,266.05,1200,113400
20240216,10:06:37,267.2,700,113400
20240216,10:06:38,267.2,50,113400
20240216,10:06:39,268.65,50,113400
20240216,10:06:41,268.8,700,113400
20240216,10:06:42,268.5,2650,113400
20240216,10:06:44,269.05,550,113400
20240216,10:06:45,269.2,1550,113400
20240216,10:06:46,269.1,100,113400
20240216,10:06:50,269.3,650,113400
20240216,10:06:51,269.45,50,113400
20240216,10:06:56,270.65,2500,113400
20240216,10:06:57,270.65,100,113400
20240216,10:06:58,271.45,300,113400
20240216,10:06:59,272.8,750,113400
20240216,10:07:01,273.7,250,113400
20240216,10:07:02,273.2,500,113400
20240216,10:07:03,272.35,100,113400
20240216,10:07:04,269.6,150,113400
20240216,10:07:05,269.95,400,113400
20240216,10:07:13,270.35,300,113400
20240216,10:07:14,270.7,150,113400
20240216,10:07:15,270.7,100,113400
20240216,10:07:16,270.5,100,113400
20240216,10:07:17,270.7,150,113400
20240216,10:07:22,270.35,200,113400
20240216,10:07:24,270.85,100,113400
20240216,10:07:25,270.9,50,113400
20240216,10:07:27,272.95,200,113400
20240216,10:07:27,273.0,100,113400
20240216,10:07:29,269.6,450,113400
20240216,10:07:29,269.35,250,113400
20240216,10:07:30,270.95,250,113400
20240216,10:07:32,270.95,50,113400
20240216,10:07:38,268.6,250,113400
20240216,10:07:40,268.5,2500,113400
20240216,10:07:43,268.55,50,113400
20240216,10:07:44,268.1,50,113400
20240216,10:07:47,268.1,250,113400
20240216,10:07:52,268.05,1300,113400
20240216,10:07:53,268.0,50,113400
20240216,10:07:54,267.55,50,113400
20240216,10:08:00,267.2,50,113400
20240216,10:08:01,267.65,100,113400
20240216,10:08:01,267.35,250,113400
20240216,10:08:03,264.6,3950,113400
20240216,10:08:09,266.75,150,113400
20240216,10:08:14,267.65,300,113400
20240216,10:08:15,267.5,50,113400
20240216,10:08:19,267.55,250,113400
20240216,10:08:26,268.75,50,113400
20240216,10:08:28,269.0,50,113400
20240216,10:08:30,267.8,300,113400
20240216,10:08:34,268.15,50,113400
20240216,10:08:35,268.75,100,113400
20240216,10:08:36,268.65,50,113400
20240216,10:08:40,269.05,50,113400
20240216,10:08:41,268.8,250,113400
20240216,10:08:42,268.6,250,113400
20240216,10:08:44,268.9,100,113400
20240216,10:08:47,268.9,50,113400
20240216,10:08:48,270.85,750,113400
20240216,10:08:50,270.6,100,113400
20240216,10:08:52,269.7,50,113400
20240216,10:08:55,269.8,500,113400
20240216,10:08:56,270.1,500,113400
20240216,10:08:57,269.75,50,113400
20240216,10:09:00,268.65,50,113400
20240216,10:09:01,267.8,250,113400
20240216,10:09:02,267.5,250,113400
20240216,10:09:04,264.75,50,113400
20240216,10:09:05,265.05,100,113400
20240216,10:09:06,265.35,50,113400
20240216,10:09:08,265.75,50,113400
20240216,10:09:09,265.4,250,113400
20240216,10:09:10,264.9,100,113400
20240216,10:09:11,264.45,50,113400
20240216,10:09:12,263.95,1250,113400
20240216,10:09:13,263.85,100,113400
20240216,10:09:15,263.85,50,113400
20240216,10:09:17,263.85,100,113400
20240216,10:09:20,262.4,1850,113400
20240216,10:09:21,263.8,550,113400
20240216,10:09:22,264.5,100,113400
20240216,10:09:23,264.4,50,113400
20240216,10:09:24,264.05,50,113400
20240216,10:09:25,263.35,50,113400
20240216,10:09:28,263.9,100,113400
20240216,10:09:29,263.55,50,113400
20240216,10:09:30,264.7,750,113400
20240216,10:09:31,264.1,150,113400
20240216,10:09:36,264.85,900,119000
20240216,10:09:37,265.15,150,119000
20240216,10:09:39,265.55,150,119000
20240216,10:09:40,265.55,100,119000
20240216,10:09:41,265.0,50,119000
20240216,10:09:42,265.45,150,119000
20240216,10:09:43,265.4,350,119000
20240216,10:09:44,264.65,50,119000
20240216,10:09:45,264.45,50,119000
20240216,10:09:46,266.6,900,119000
20240216,10:09:47,264.65,50,119000
20240216,10:09:48,264.25,50,119000
20240216,10:09:49,263.45,800,119000
20240216,10:09:50,263.45,50,119000
20240216,10:09:51,263.7,250,119000
20240216,10:09:54,262.7,50,119000
20240216,10:09:57,261.5,200,119000
20240216,10:09:58,261.5,250,119000
20240216,10:09:59,262.25,50,119000
20240216,10:10:00,262.5,50,119000
20240216,10:10:02,262.4,250,119000
20240216,10:10:05,259.5,3350,119000
20240216,10:10:06,260.65,2250,119000
20240216,10:10:07,260.2,200,119000
20240216,10:10:08,261.3,200,119000
20240216,10:10:09,261.05,2150,119000
20240216,10:10:10,261.75,50,119000
20240216,10:10:12,260.55,50,119000
20240216,10:10:14,260.85,100,119000
20240216,10:10:15,262.35,250,119000
20240216,10:10:16,262.15,250,119000
20240216,10:10:17,262.3,150,119000
20240216,10:10:20,263.0,450,119000
20240216,10:10:21,262.6,50,119000
20240216,10:10:22,263.05,50,119000
20240216,10:10:23,262.9,150,119000
20240216,10:10:25,264.35,350,119000
20240216,10:10:26,264.7,250,119000
20240216,10:10:28,265.0,50,119000
20240216,10:10:29,265.05,100,119000
20240216,10:10:30,266.65,250,119000
20240216,10:10:33,262.7,1600,119000
20240216,10:10:36,263.6,600,119000
20240216,10:10:38,262.3,150,119000
20240216,10:10:39,262.75,50,119000
20240216,10:10:40,262.6,50,119000
20240216,10:10:51,263.15,250,119000
20240216,10:10:52,262.6,100,119000
20240216,10:10:53,262.9,600,119000
20240216,10:10:55,263.95,100,119000
20240216,10:10:56,264.1,100,119000
20240216,10:10:58,265.1,550,119000
20240216,10:11:01,265.05,100,119000
20240216,10:11:02,263.0,600,119000
20240216,10:11:03,262.2,2100,119000
20240216,10:11:07,263.65,100,119000
20240216,10:11:08,262.85,100,119000
20240216,10:11:10,263.0,50,119000
20240216,10:11:11,263.6,50,119000
20240216,10:11:12,263.6,950,119000
20240216,10:11:18,264.0,1400,119000
20240216,10:11:22,265.05,150,119000
20240216,10:11:23,265.4,400,119000
20240216,10:11:24,265.25,350,119000
20240216,10:11:25,265.5,100,119000
20240216,10:11:26,266.45,200,119000
20240216,10:11:27,265.9,150,119000
20240216,10:11:29,266.35,100,119000
20240216,10:11:31,266.5,350,119000
20240216,10:11:35,265.6,150,119000
20240216,10:11:36,265.1,900,119000
20240216,10:11:45,267.0,250,119000
20240216,10:11:46,265.1,50,119000
20240216,10:11:50,266.6,250,119000
20240216,10:11:52,264.65,150,119000
20240216,10:11:53,264.15,50,119000
20240216,10:12:05,264.0,50,119000
20240216,10:12:12,263.75,1800,119000
20240216,10:12:15,265.5,200,119000
20240216,10:12:19,265.1,50,119000
20240216,10:12:21,265.15,50,119000
20240216,10:12:27,264.4,150,119000
20240216,10:12:29,264.0,50,119000
20240216,10:12:31,264.45,100,119000
20240216,10:12:32,264.25,50,119000
20240216,10:12:35,263.65,50,123300
20240216,10:12:36,263.75,2350,123300
20240216,10:12:37,263.2,200,123300
20240216,10:12:42,263.0,50,123300
20240216,10:12:44,263.65,950,123300
20240216,10:12:51,264.1,300,123300
20240216,10:12:52,264.45,50,123300
20240216,10:12:54,263.8,50,123300
20240216,10:12:58,263.55,150,123300
20240216,10:13:01,263.8,1850,123300
20240216,10:13:03,261.55,1550,123300
20240216,10:13:05,263.75,200,123300
20240216,10:13:06,263.6,350,123300
20240216,10:13:08,261.6,350,123300
20240216,10:13:09,262.45,100,123300
20240216,10:13:13,261.95,250,123300
20240216,10:13:18,262.45,500,123300
20240216,10:13:22,262.65,50,123300
20240216,10:13:29,262.65,100,123300
20240216,10:13:35,264.1,350,123300
20240216,10:13:37,264.55,450,123300
20240216,10:13:38,264.4,100,123300
20240216,10:13:40,262.25,850,123300
20240216,10:13:42,262.1,250,123300
20240216,10:14:00,262.0,100,123300
20240216,10:14:03,260.45,1300,123300
20240216,10:14:04,260.65,150,123300
20240216,10:14:07,260.2,50,123300
20240216,10:14:08,262.1,150,123300
20240216,10:14:09,262.25,300,123300
20240216,10:14:10,261.7,400,123300
20240216,10:14:15,261.1,1800,123300
20240216,10:14:17,261.55,1800,123300
20240216,10:14:18,260.8,1800,123300
20240216,10:14:19,261.45,1850,123300
20240216,10:14:20,260.45,250,123300
20240216,10:14:21,260.65,100,123300
20240216,10:14:22,261.1,200,123300
20240216,10:14:24,260.05,1900,123300
20240216,10:14:25,260.45,150,123300
20240216,10:14:25,260.5,100,123300
20240216,10:14:26,260.9,150,123300
20240216,10:14:36,260.9,450,123300
20240216,10:14:37,260.1,50,123300
20240216,10:14:39,259.65,150,123300
20240216,10:14:41,260.45,1900,123300
20240216,10:14:43,258.3,950,123300
20240216,10:14:44,257.45,550,123300
20240216,10:14:45,257.4,250,123300
20240216,10:14:46,257.3,950,123300
20240216,10:14:48,257.65,250,123300
20240216,10:14:49,258.8,100,123300
20240216,10:14:52,259.05,50,123300
20240216,10:14:54,258.2,50,123300
20240216,10:14:56,258.7,150,123300
20240216,10:14:58,259.05,100,123300
20240216,10:14:59,258.2,150,123300
20240216,10:15:00,257.8,100,123300
20240216,10:15:02,254.9,1600,123300
20240216,10:15:03,255.75,300,123300
20240216,10:15:04,255.7,500,123300
20240216,10:15:05,256.85,300,123300
20240216,10:15:07,257.2,550,123300
20240216,10:15:09,257.1,150,123300
20240216,10:15:12,257.1,100,123300
20240216,10:15:13,257.55,100,123300
20240216,10:15:16,257.7,50,123300
20240216,10:15:17,257.45,50,123300
20240216,10:15:22,257.55,1700,123300
20240216,10:15:23,257.95,50,123300
20240216,10:15:24,258.7,200,123300
20240216,10:15:26,259.9,250,123300
20240216,10:15:26,259.9,50,123300
20240216,10:15:27,259.9,1500,123300
20240216,10:15:29,260.25,50,123300
20240216,10:15:32,260.55,50,123300
20240216,10:15:33,260.35,350,123300
20240216,10:15:35,260.4,250,133500
20240216,10:15:38,262.2,200,133500
20240216,10:15:39,262.05,50,133500
20240216,10:15:42,262.3,150,133500
20240216,10:15:45,262.0,50,133500
20240216,10:15:46,262.25,50,133500
20240216,10:15:49,263.45,250,133500
20240216,10:15:51,263.3,50,133500
20240216,10:15:53,263.6,50,133500
20240216,10:15:55,264.0,1600,133500
20240216,10:16:00,261.75,1350,133500
20240216,10:16:02,259.9,1700,133500
20240216,10:16:03,260.4,50,133500
20240216,10:16:09,258.75,50,133500
20240216,10:16:13,258.9,500,133500
20240216,10:16:29,261.4,100,133500
20240216,10:16:49,261.4,100,133500
20240216,10:16:50,260.75,100,133500
20240216,10:16:53,260.85,1300,133500
20240216,10:16:55,262.0,50,133500
20240216,10:16:56,261.4,450,133500
20240216,10:16:58,261.85,50,133500
20240216,10:16:59,261.15,50,133500
20240216,10:17:03,261.6,50,133500
20240216,10:17:13,259.3,1300,133500
20240216,10:17:17,262.15,250,133500
20240216,10:17:19,262.0,100,133500
20240216,10:17:25,262.9,250,133500
20240216,10:17:26,263.4,250,133500
20240216,10:17:40,263.9,450,133500
20240216,10:17:44,264.5,500,133500
20240216,10:17:45,264.8,50,133500
20240216,10:17:47,264.35,150,133500
20240216,10:17:48,264.9,100,133500
20240216,10:17:49,265.3,150,133500
20240216,10:17:55,265.3,100,133500
20240216,10:18:02,265.7,1300,133500
20240216,10:18:03,262.8,1050,133500
20240216,10:18:07,264.8,1950,133500
20240216,10:18:10,264.8,100,133500
20240216,10:18:11,264.85,50,133500
20240216,10:18:22,262.0,200,133500
20240216,10:18:29,262.85,50,133500
20240216,10:18:37,260.3,200,134700
20240216,10:18:46,262.1,500,134700
20240216,10:18:48,261.35,100,134700
20240216,10:18:49,262.0,150,134700
20240216,10:18:50,262.8,250,134700
20240216,10:18:51,262.3,50,134700
20240216,10:18:53,261.9,100,134700
20240216,10:19:03,264.3,300,134700
20240216,10:19:12,264.05,50,134700
20240216,10:19:19,265.0,200,134700
20240216,10:19:26,264.65,150,134700
20240216,10:19:28,265.0,50,134700
20240216,10:19:30,265.6,50,134700
20240216,10:19:34,265.2,50,134700
20240216,10:19:37,264.85,500,134700
20240216,10:19:38,264.85,50,134700
20240216,10:19:39,265.25,50,134700
20240216,10:19:45,264.0,50,134700
20240216,10:19:54,263.65,250,134700
20240216,10:19:58,264.0,250,134700
20240216,10:20:02,265.05,300,134700
20240216,10:20:03,264.3,100,134700
20240216,10:20:03,264.6,50,134700
20240216,10:20:08,267.0,850,134700
20240216,10:20:10,267.25,50,134700
20240216,10:20:12,267.4,100,134700
20240216,10:20:14,267.55,100,134700
20240216,10:20:15,266.95,50,134700
20240216,10:20:16,267.1,100,134700
20240216,10:20:19,267.8,300,134700
20240216,10:20:20,268.0,1800,134700
20240216,10:20:22,269.5,2150,134700
20240216,10:20:23,268.95,2000,134700
20240216,10:20:24,268.6,500,134700
20240216,10:20:29,269.0,600,134700
20240216,10:20:36,268.8,200,134700
20240216,10:20:39,271.0,250,134700
20240216,10:20:40,271.0,50,134700
20240216,10:20:42,268.1,500,134700
20240216,10:20:44,268.15,150,134700
20240216,10:20:46,268.05,50,134700
20240216,10:20:47,266.2,200,134700
20240216,10:20:49,264.45,100,134700
20240216,10:20:50,264.85,200,134700
20240216,10:20:53,264.7,350,134700
20240216,10:20:55,264.35,100,134700
20240216,10:20:57,263.65,100,134700
20240216,10:21:02,264.65,250,134700
20240216,10:21:05,267.0,50,134700
20240216,10:21:12,267.65,50,134700
20240216,10:21:20,266.15,50,134700
20240216,10:21:25,265.55,1150,134700
20240216,10:21:26,265.0,300,134700
20240216,10:21:27,264.85,200,134700
20240216,10:21:28,264.1,600,134700
20240216,10:21:30,263.8,50,134700
20240216,10:21:31,263.0,350,134700
20240216,10:21:32,263.0,1800,134700
20240216,10:21:35,262.0,400,134700
20240216,10:21:40,261.55,500,133900
20240216,10:21:42,261.45,900,133900
20240216,10:21:43,260.85,50,133900
20240216,10:21:45,260.55,150,133900
20240216,10:21:46,260.0,50,133900
20240216,10:21:47,259.7,50,133900
20240216,10:21:49,260.25,150,133900
20240216,10:21:51,260.2,150,133900
20240216,10:21:52,261.1,500,133900
20240216,10:21:53,261.3,100,133900
20240216,10:21:54,262.1,300,133900
20240216,10:22:00,263.5,300,133900
20240216,10:22:02,264.75,700,133900
20240216,10:22:06,264.5,800,133900
20240216,10:22:08,264.25,50,133900
20240216,10:22:10,263.4,300,133900
20240216,10:22:13,264.8,200,133900
20240216,10:22:15,264.7,100,133900
20240216,10:22:17,263.2,350,133900
20240216,10:22:19,266.0,1800,133900
20240216,10:22:21,263.65,250,133900
20240216,10:22:22,264.35,300,133900
20240216,10:22:26,264.1,650,133900
20240216,10:22:31,264.35,200,133900
20240216,10:22:33,263.85,100,133900
20240216,10:22:59,265.45,100,133900
20240216,10:23:01,265.95,400,133900
20240216,10:23:06,266.05,50,133900
20240216,10:23:08,266.15,50,133900
20240216,10:23:10,266.4,150,133900
20240216,10:23:16,265.9,50,133900
20240216,10:23:18,266.5,100,133900
20240216,10:23:21,264.8,350,133900
20240216,10:23:22,264.4,50,133900
20240216,10:23:24,262.8,400,133900
20240216,10:23:25,265.0,350,133900
20240216,10:23:33,265.1,100,133900
20240216,10:23:35,266.4,50,133900
20240216,10:23:40,265.9,50,133900
20240216,10:23:41,266.0,100,133900
20240216,10:23:46,265.0,50,133900
20240216,10:23:51,265.65,50,133900
20240216,10:23:55,266.0,250,133900
20240216,10:23:59,266.0,50,133900
20240216,10:24:02,267.4,200,133900
20240216,10:24:05,267.5,300,133900
20240216,10:24:07,266.95,100,133900
20240216,10:24:25,267.4,50,133900
20240216,10:24:28,268.2,100,133900
20240216,10:24:31,267.7,250,133900
20240216,10:24:36,268.5,250,131750
20240216,10:24:37,268.45,50,131750
20240216,10:24:40,269.0,150,131750
20240216,10:24:41,269.25,50,131750
20240216,10:24:47,268.75,50,131750
20240216,10:24:49,268.45,250,131750
20240216,10:24:51,268.2,400,131750
20240216,10:24:52,267.3,1900,131750
20240216,10:24:53,267.2,100,131750
20240216,10:25:00,266.0,50,131750
20240216,10:25:04,266.4,600,131750
20240216,10:25:16,265.35,350,131750
20240216,10:25:18,265.0,400,131750
20240216,10:25:19,265.75,100,131750
20240216,10:25:23,266.0,100,131750
20240216,10:25:31,265.6,100,131750
20240216,10:25:32,266.0,300,131750
20240216,10:25:35,267.6,450,131750
20240216,10:25:41,267.4,50,131750
20240216,10:25:43,267.2,100,131750
20240216,10:25:44,266.6,50,131750
20240216,10:25:48,267.0,50,131750
20240216,10:25:53,267.1,250,131750
20240216,10:25:55,265.9,100,131750
20240216,10:26:05,266.6,1500,131750
20240216,10:26:13,263.9,50,131750
20240216,10:26:17,262.85,50,131750
20240216,10:26:21,263.45,100,131750
20240216,10:26:23,262.65,100,131750
20240216,10:26:25,262.0,1800,131750
20240216,10:26:28,261.95,50,131750
20240216,10:26:30,261.0,100,131750
20240216,10:26:31,260.0,350,131750
20240216,10:26:32,260.4,1050,131750
20240216,10:26:33,260.3,250,131750
20240216,10:26:36,260.05,50,131750
20240216,10:26:39,261.0,100,131750
20240216,10:26:40,260.55,50,131750
20240216,10:26:41,261.0,50,131750
20240216,10:26:48,261.5,100,131750
20240216,10:27:02,262.2,250,131750
20240216,10:27:05,262.5,50,131750
20240216,10:27:06,262.5,300,131750
20240216,10:27:07,262.95,50,131750
20240216,10:27:10,263.7,1450,131750
20240216,10:27:11,264.65,1050,131750
20240216,10:27:12,264.45,700,131750
20240216,10:27:13,264.7,250,131750
20240216,10:27:21,263.6,50,131750
20240216,10:27:22,263.15,250,131750
20240216,10:27:24,262.5,400,131750
20240216,10:27:37,261.95,200,130050
20240216,10:27:58,261.9,50,130050
20240216,10:28:01,263.0,600,130050
20240216,10:28:04,264.05,50,130050
20240216,10:28:05,263.7,50,130050
20240216,10:28:06,263.4,50,130050
20240216,10:28:07,263.7,200,130050
20240216,10:28:16,263.4,150,130050
20240216,10:28:17,262.75,600,130050
20240216,10:28:17,262.2,100,130050
20240216,10:28:28,262.1,200,130050
20240216,10:28:33,261.4,100,130050
20240216,10:28:37,260.8,550,130050
20240216,10:28:39,261.05,350,130050
20240216,10:28:40,261.3,150,130050
20240216,10:28:45,262.6,500,130050
20240216,10:28:48,261.8,150,130050
20240216,10:28:53,261.1,500,130050
20240216,10:28:57,262.0,150,130050
20240216,10:29:04,260.6,50,130050
20240216,10:29:07,260.8,50,130050
20240216,10:29:08,260.65,50,130050
20240216,10:29:15,260.25,300,130050
20240216,10:29:20,260.1,200,130050
20240216,10:29:21,260.15,250,130050
20240216,10:29:22,259.0,2250,130050
20240216,10:29:23,257.95,450,130050
20240216,10:29:24,258.1,100,130050
20240216,10:29:34,258.1,50,130050
20240216,10:29:37,257.15,50,130050
20240216,10:29:38,257.8,100,130050
20240216,10:29:39,258.1,50,130050
20240216,10:29:39,257.95,50,130050
20240216,10:29:41,257.35,1050,130050
20240216,10:29:46,257.8,50,130050
20240216,10:29:51,257.8,50,130050
20240216,10:29:52,257.45,1600,130050
20240216,10:29:53,257.4,100,130050
20240216,10:30:00,258.5,1950,130050
20240216,10:30:04,258.75,300,130050
20240216,10:30:07,257.7,250,130050
20240216,10:30:10,256.0,1350,130050
20240216,10:30:11,257.25,50,130050
20240216,10:30:12,256.05,500,130050
20240216,10:30:13,258.4,1000,130050
20240216,10:30:15,256.8,250,130050
20240216,10:30:22,258.6,550,130050
20240216,10:30:25,257.75,550,130050
20240216,10:30:27,256.95,550,130050
20240216,10:30:28,257.65,50,130050
20240216,10:30:32,256.0,850,130050
20240216,10:30:33,255.0,150,130050
20240216,10:30:35,254.5,300,130050
20240216,10:30:35,254.5,50,130050
20240216,10:30:36,255.05,250,130050
