date,time,tick_price,volume,open_interest
20240117,09:49:34,870.0,50,50
20240117,11:52:29,788.9,100,50
20240117,12:00:29,787.6,100,100
20240117,14:55:28,731.95,200,200
20240118,09:40:44,592.0,1,400
20240118,09:40:44,592.0,150,400
20240118,09:50:19,560.0,100,550
20240118,14:18:39,560.0,50,650
20240118,14:19:59,610.35,50,650
20240118,14:27:01,610.35,650,650
20240118,14:31:06,593.55,100,1300
20240118,15:01:05,604.0,50,1350
20240118,15:26:20,661.75,50,1400
20240118,15:26:30,661.75,50,1400
20240118,15:27:34,661.6,50,1400
20240119,09:23:00,697.35,1,1400
20240119,09:23:00,697.35,50,1400
20240120,11:02:57,729.3,1,1350
20240120,11:02:57,729.3,50,1350
20240123,09:43:09,795.0,100,1350
20240123,11:55:55,576.0,50,1250
20240123,12:07:29,546.95,50,1200
20240123,12:10:13,533.0,50,1200
20240123,12:15:43,548.1,200,1150
20240123,12:17:46,558.5,50,1150
20240123,12:18:20,543.1,50,1000
20240123,12:25:15,529.85,50,1000
20240123,12:48:17,529.0,100,1000
20240123,13:13:58,512.0,50,1000
20240123,13:17:57,516.0,50,1000
20240123,13:19:18,516.0,100,1050
20240123,13:39:52,514.0,150,1050
20240123,13:40:37,506.9,50,1050
20240123,13:41:53,506.9,100,1050
20240123,13:42:01,509.3,50,1050
20240123,13:42:11,508.6,50,1050
20240123,13:42:21,508.95,50,1250
20240123,13:42:43,507.85,50,1250
20240123,13:51:06,500.0,50,1250
20240123,13:54:01,490.15,50,1300
20240123,13:57:46,483.75,50,1300
20240123,14:04:18,487.0,100,1350
20240123,14:22:02,459.0,50,1450
20240123,14:23:02,460.85,1800,1450
20240123,14:24:10,455.75,50,1450
20240123,14:26:04,444.3,100,3350
20240123,14:26:15,444.05,100,3350
20240123,14:26:55,430.1,50,3350
20240123,14:27:57,428.85,100,3550
20240123,14:28:15,426.45,200,3550
20240123,14:28:41,432.5,100,3550
20240123,14:29:24,423.65,500,3550
20240123,14:29:26,423.0,200,3550
20240123,14:30:29,431.0,100,3950
20240123,14:30:57,434.55,150,3950
20240123,14:31:13,439.0,50,3950
20240123,14:31:36,439.8,500,3950
20240123,14:32:15,440.0,50,3950
20240123,14:33:48,441.1,300,4250
20240123,14:34:30,432.45,100,4250
20240123,14:34:43,434.7,300,4250
20240123,14:34:58,431.5,500,4250
20240123,14:39:32,424.15,350,4500
20240123,14:40:32,430.75,50,4500
20240123,14:46:25,425.35,1000,4650
20240123,14:47:07,425.35,100,4650
20240123,14:48:08,425.35,50,4650
20240123,14:48:25,429.9,250,4650
20240123,14:49:23,429.9,50,5900
20240123,14:54:23,428.2,50,5650
20240123,14:56:46,420.45,250,5700
20240123,14:57:10,419.0,250,5700
20240123,14:57:48,415.0,100,5750
20240123,15:01:58,405.0,50,5850
20240123,15:03:03,393.65,50,5850
20240123,15:03:46,389.4,1000,5800
20240123,15:05:44,390.0,100,5800
20240123,15:06:44,390.0,50,5300
20240123,15:08:59,415.25,50,5300
20240123,15:09:16,403.1,150,5300
20240123,15:09:32,412.15,50,5400
20240123,15:10:00,414.4,150,5400
20240123,15:10:34,414.4,50,5400
20240123,15:11:33,414.4,50,5400
20240123,15:14:15,407.3,150,5350
20240123,15:14:33,410.0,50,5350
20240123,15:16:37,417.7,50,5450
20240123,15:17:33,417.7,50,5450
20240123,15:17:36,419.5,50,5450
20240123,15:20:34,422.85,50,5400
20240123,15:21:55,426.25,50,5400
20240123,15:22:01,424.0,50,5400
20240123,15:22:55,425.1,50,5400
20240123,15:23:47,418.0,100,5400
20240123,15:24:01,420.5,100,5400
20240123,15:24:03,419.05,50,5400
20240123,15:25:10,417.5,100,5600
20240123,15:27:22,416.2,50,5600
20240123,15:27:49,417.5,50,5650
20240123,15:28:16,420.0,100,5650
20240123,15:28:26,420.0,150,5650
20240123,15:28:34,422.15,100,5650
20240123,15:29:05,413.8,50,5650
20240123,15:29:16,413.65,350,5650
20240123,15:29:59,406.75,1,6100
20240124,09:17:31,406.95,1,6100
20240124,09:17:31,407.0,250,6100
20240124,09:17:35,409.0,100,6100
20240124,09:17:36,409.5,200,6100
20240124,09:17:55,409.5,50,6500
20240124,09:17:57,407.75,150,6500
20240124,09:18:48,392.45,50,6500
20240124,09:18:59,390.0,500,6500
20240124,09:19:02,390.0,200,6500
20240124,09:19:07,389.0,50,6500
20240124,09:19:29,383.65,50,6500
20240124,09:19:35,381.95,50,6500
20240124,09:19:39,381.55,400,6500
20240124,09:19:40,385.35,50,6500
20240124,09:19:41,388.9,50,6500
20240124,09:19:44,387.0,700,6500
20240124,09:19:45,386.15,250,6500
20240124,09:20:19,388.5,50,6500
20240124,09:20:28,396.0,300,6500
20240124,09:20:36,397.6,50,6500
20240124,09:20:43,401.85,200,6500
20240124,09:20:48,409.1,900,6500
20240124,09:20:48,406.5,450,9050
20240124,09:20:49,409.45,50,9050
20240124,09:20:50,411.0,350,9050
20240124,09:20:52,416.1,150,9050
20240124,09:20:54,412.5,150,9050
20240124,09:20:54,409.5,50,9050
20240124,09:20:56,407.05,50,9050
20240124,09:21:14,420.5,250,9050
20240124,09:21:28,420.5,500,9050
20240124,09:21:44,427.25,50,9050
20240124,09:21:48,428.95,50,9050
20240124,09:21:55,432.65,50,9050
20240124,09:22:01,444.0,150,9050
20240124,09:22:04,442.85,400,9050
20240124,09:22:05,443.95,100,9050
20240124,09:22:33,436.55,50,9050
20240124,09:22:37,440.05,100,9050
20240124,09:22:45,443.8,100,9050
20240124,09:23:10,445.35,600,9050
20240124,09:23:20,446.95,250,9050
20240124,09:23:31,441.2,300,9050
20240124,09:23:51,448.45,50,9050
20240124,09:25:01,448.45,50,10150
20240124,09:25:21,445.45,200,10150
20240124,09:26:15,427.5,150,10150
20240124,09:26:27,419.45,400,10150
20240124,09:26:37,424.85,100,10150
20240124,09:27:37,429.75,50,10400
20240124,09:28:05,429.75,250,10400
20240124,09:28:15,435.0,100,10400
20240124,09:29:05,439.75,250,10400
20240124,09:29:16,438.6,50,10400
20240124,09:29:35,442.75,100,10400
20240124,09:29:56,445.55,50,10550
20240124,09:30:07,451.5,200,10550
20240124,09:30:17,451.5,50,10550
20240124,09:32:01,460.05,50,10550
20240124,09:32:34,465.75,50,10550
20240124,09:32:58,465.75,200,10550
20240124,09:33:09,468.5,50,10550
20240124,09:34:36,468.5,150,10550
20240124,09:35:35,461.05,50,10550
20240124,09:35:54,458.75,550,10450
20240124,09:36:04,468.85,200,10450
20240124,09:36:13,459.6,100,10450
20240124,09:37:59,466.65,200,10450
20240124,09:38:09,465.85,100,10450
20240124,09:39:00,465.0,50,10150
20240124,09:39:29,472.0,300,10150
20240124,09:39:40,474.0,200,10150
20240124,09:40:02,472.6,50,10150
20240124,09:40:36,477.95,50,10150
20240124,09:40:47,477.95,50,10150
20240124,09:41:02,475.2,50,10150
20240124,09:41:38,473.9,100,10150
20240124,09:42:09,463.7,150,9950
20240124,09:42:55,473.25,50,9950
20240124,09:43:24,470.0,50,9950
20240124,09:43:45,470.1,200,9950
20240124,09:44:05,466.75,50,9950
20240124,09:44:27,465.6,50,9950
20240124,09:45:33,479.55,100,10050
20240124,09:46:28,485.0,50,10050
20240124,09:47:13,489.05,200,10050
20240124,09:47:46,495.7,200,10050
20240124,09:48:49,495.7,50,10400
20240124,09:48:58,486.6,300,10400
20240124,09:49:08,485.85,50,10400
20240124,09:49:29,482.6,450,10400
20240124,09:49:59,489.35,50,10400
20240124,09:50:14,490.05,100,10400
20240124,09:50:25,491.0,50,10400
20240124,09:51:03,487.05,100,10200
20240124,09:51:12,482.6,50,10200
20240124,09:51:31,488.0,150,10200
20240124,09:52:41,487.95,50,10200
20240124,09:53:22,488.0,150,10200
20240124,09:54:21,494.45,50,10100
20240124,09:54:41,494.7,50,10100
20240124,09:54:51,496.45,100,10100
20240124,09:55:12,501.95,150,10100
20240124,09:55:22,500.85,100,10100
20240124,09:55:34,509.15,400,10100
20240124,09:55:46,511.3,100,10100
20240124,09:55:58,512.0,100,10100
20240124,09:56:20,514.6,150,10100
20240124,09:56:43,522.0,50,10100
20240124,09:56:55,524.9,400,10100
20240124,09:57:07,524.9,50,10100
20240124,09:57:19,533.75,150,10100
20240124,09:57:31,537.95,50,10100
20240124,09:58:43,538.55,150,10100
20240124,09:58:55,546.7,350,10100
20240124,09:59:18,546.7,100,10100
20240124,10:00:31,566.55,150,9300
20240124,10:00:43,558.9,350,9300
20240124,10:01:04,556.85,50,9300
20240124,10:01:28,545.35,50,9300
20240124,10:01:39,551.25,100,9300
20240124,10:02:29,551.1,100,9300
20240124,10:02:52,535.35,100,9300
20240124,10:03:13,535.35,50,9300
20240124,10:03:34,532.6,50,9300
20240124,10:03:46,517.15,50,9300
20240124,10:03:59,517.45,50,9300
20240124,10:04:43,519.95,50,9300
20240124,10:05:31,524.1,150,9300
20240124,10:05:53,533.55,150,9300
20240124,10:06:04,533.3,250,9400
20240124,10:06:15,534.65,100,9400
20240124,10:06:48,540.15,50,9400
20240124,10:07:10,540.15,150,9400
20240124,10:07:34,535.0,50,9400
20240124,10:08:05,538.3,50,9400
20240124,10:08:25,530.75,200,9400
20240124,10:08:36,525.15,100,9400
20240124,10:08:47,521.1,250,9400
20240124,10:09:08,528.65,250,9600
20240124,10:09:18,518.7,150,9600
20240124,10:09:39,520.0,300,9600
20240124,10:09:49,517.1,150,9600
20240124,10:10:44,503.0,50,9600
20240124,10:11:05,512.95,100,9600
20240124,10:11:28,510.0,100,9600
20240124,10:11:51,502.25,100,9600
20240124,10:12:24,509.15,50,9950
20240124,10:13:46,493.7,50,9950
20240124,10:15:37,520.75,50,9950
20240124,10:16:11,531.25,100,9950
20240124,10:16:21,528.9,100,9950
20240124,10:16:52,531.25,100,9950
20240124,10:17:53,536.0,450,9950
20240124,10:18:03,537.6,200,9850
20240124,10:18:13,536.3,250,9850
20240124,10:18:43,535.5,300,9850
20240124,10:18:55,532.7,50,9850
20240124,10:19:27,529.6,200,9850
20240124,10:19:46,532.15,50,9850
20240124,10:20:34,539.7,100,9850
20240124,10:21:37,544.05,250,10350
20240124,10:21:47,542.65,50,10350
20240124,10:22:06,545.95,100,10350
20240124,10:23:59,545.95,50,10350
20240124,10:24:39,543.9,100,10250
20240124,10:26:28,541.25,650,10250
20240124,10:26:39,536.9,700,10250
20240124,10:27:19,545.3,50,9850
20240124,10:27:53,554.35,300,9850
20240124,10:28:04,549.15,1600,9850
20240124,10:28:15,548.95,100,9850
20240124,10:30:16,546.2,100,11000
20240124,10:32:20,553.65,150,11000
20240124,10:33:07,558.0,100,10950
20240124,10:33:55,561.0,150,10950
20240124,10:34:16,563.2,50,10950
20240124,10:38:31,548.15,250,10950
20240124,10:39:01,547.1,200,10950
20240124,10:40:54,537.3,50,10900
20240124,10:41:24,547.75,400,10900
20240124,10:43:21,543.35,50,10500
20240124,10:45:13,523.1,50,10500
20240124,10:45:25,512.4,950,10500
20240124,10:45:36,507.2,100,10500
20240124,10:45:47,507.0,200,10500
20240124,10:46:47,512.45,50,10500
20240124,10:48:36,514.1,50,9750
20240124,10:50:23,521.55,150,9750
20240124,11:06:12,538.95,50,9750
20240124,11:07:59,528.65,50,9650
20240124,11:09:26,521.95,50,9550
20240124,11:11:10,527.95,50,9550
20240124,11:11:59,523.65,50,9550
20240124,11:12:49,523.65,50,9550
20240124,11:13:46,525.55,150,9550
20240124,11:14:15,531.0,50,9550
20240124,11:15:55,530.95,50,9500
20240124,11:16:04,532.25,50,9500
20240124,11:22:31,528.8,50,9550
20240124,11:22:41,526.95,50,9550
20240124,11:23:47,518.75,50,9550
20240124,11:24:26,519.65,150,9450
20240124,11:24:35,519.7,50,9450
20240124,11:24:44,517.65,50,9450
20240124,11:25:59,500.0,50,9450
20240124,11:26:10,501.95,50,9450
20240124,11:26:54,487.45,250,9450
20240124,11:27:23,484.75,100,9350
20240124,11:27:52,482.35,50,9350
20240124,11:28:01,475.15,150,9350
20240124,11:28:13,476.75,100,9350
20240124,11:28:23,484.95,50,9350
20240124,11:29:11,471.3,150,9350
20240124,11:29:55,465.3,100,9350
20240124,11:30:27,460.0,100,9300
20240124,11:30:39,457.85,50,9300
20240124,11:30:50,446.55,50,9300
20240124,11:31:14,445.95,50,9300
20240124,11:31:39,438.4,50,9300
20240124,11:32:13,434.75,550,9300
20240124,11:32:48,429.2,50,9300
20240124,11:32:58,421.55,50,9300
20240124,11:33:09,422.4,50,9300
20240124,11:33:20,437.1,100,9650
20240124,11:33:31,431.4,50,9650
20240124,11:33:41,441.5,100,9650
20240124,11:34:08,452.5,50,9650
20240124,11:34:09,455.5,100,9650
20240124,11:34:13,449.05,50,9650
20240124,11:34:57,449.5,50,9650
20240124,11:36:06,468.45,50,9650
20240124,11:36:18,469.25,250,9600
20240124,11:36:31,479.2,50,9600
20240124,11:36:42,477.95,50,9600
20240124,11:36:54,492.0,100,9600
20240124,11:37:03,484.55,50,9600
20240124,11:37:47,482.95,100,9600
20240124,11:38:08,484.1,50,9600
20240124,11:38:18,481.75,100,9600
20240124,11:38:30,476.0,150,9600
20240124,11:38:51,471.35,50,9600
20240124,11:39:33,465.35,200,9350
20240124,11:43:17,481.0,200,9350
20240124,11:44:40,481.0,150,9350
20240124,11:46:27,471.75,50,9500
20240124,11:49:40,464.95,100,9550
20240124,11:54:42,474.1,50,9550
20240124,12:06:29,442.55,100,9600
20240124,12:06:41,451.55,50,9600
20240124,12:06:52,449.65,50,9600
20240124,12:08:53,443.6,50,9600
20240124,12:09:49,443.6,50,9750
20240124,12:13:05,440.0,50,9800
20240124,12:16:20,449.0,50,9800
20240124,12:20:12,466.0,150,9750
20240124,12:20:22,459.75,50,9750
20240124,12:21:50,454.75,100,9700
20240124,12:25:01,440.0,150,9750
20240124,12:28:37,425.0,50,9900
20240124,12:29:11,435.05,500,9900
20240124,12:29:42,440.2,50,9900
20240124,12:33:16,426.45,100,10400
20240124,12:33:40,423.6,200,10300
20240124,12:33:55,423.9,50,10300
20240124,12:36:46,419.75,50,10250
20240124,12:36:57,424.7,50,10250
20240124,12:39:06,423.0,50,10250
20240124,12:39:25,421.55,50,10150
20240124,12:44:18,430.15,200,10150
20240124,12:45:33,433.9,100,10350
20240124,12:54:03,462.65,100,10300
20240124,13:03:04,497.5,350,10300
20240124,13:03:24,503.35,250,10300
20240124,13:03:34,505.0,50,10350
20240124,13:03:44,502.2,200,10350
20240124,13:04:26,502.0,150,10350
20240124,13:07:02,502.0,50,10350
20240124,13:09:44,478.7,900,10300
20240124,13:21:46,497.95,50,10300
20240124,13:24:42,481.2,200,10350
20240124,13:24:53,479.7,50,10350
20240124,13:40:47,483.2,150,10500
20240124,13:46:49,479.0,100,10400
20240124,13:59:50,490.0,50,10500
20240124,14:00:20,490.0,50,10500
20240124,14:01:47,500.0,50,10500
20240124,14:02:36,500.1,50,10500
20240124,14:03:23,500.0,50,10500
20240124,14:05:32,519.7,50,10400
20240124,14:05:43,520.0,200,10400
20240124,14:06:47,517.95,100,10400
20240124,14:07:16,516.55,50,10400
20240124,14:14:56,510.45,50,10450
20240124,14:15:33,514.3,50,10450
20240124,14:18:28,509.0,50,10500
20240124,14:29:07,529.0,50,10500
20240124,14:30:20,529.05,50,10500
20240124,14:30:41,534.45,50,10450
20240124,14:32:07,534.0,50,10450
20240124,14:35:59,546.1,50,10350
20240124,14:36:33,544.45,100,10350
20240124,14:37:49,544.55,50,10350
20240124,14:41:43,560.0,50,10350
20240124,14:42:37,561.05,50,10350
20240124,14:42:56,560.75,150,10300
20240124,14:44:13,561.55,50,10300
20240124,14:44:53,577.65,50,10300
20240124,14:45:44,577.65,50,10300
20240124,14:46:43,554.0,50,10200
20240124,14:49:23,548.0,200,10150
20240124,14:50:18,559.35,50,10150
20240124,14:50:59,563.9,50,10150
20240124,14:51:18,565.05,50,10150
20240124,14:51:37,565.05,250,10150
20240124,14:52:17,563.95,500,10050
20240124,14:52:41,559.95,200,10050
20240124,14:53:20,559.6,100,10050
20240124,14:57:30,564.45,200,9750
20240124,14:59:38,571.5,50,9550
20240124,15:00:11,581.45,200,9550
20240124,15:00:44,590.0,50,9350
20240124,15:02:19,590.0,50,9350
20240124,15:05:33,563.3,250,9400
20240124,15:24:16,572.55,250,9550
20240124,15:24:25,571.9,350,9550
20240124,15:24:43,571.7,100,9550
20240124,15:26:06,578.7,50,8900
20240124,15:27:23,582.35,50,8900
20240124,15:27:44,582.5,150,8900
20240124,15:28:39,583.7,50,8750
20240125,09:38:30,530.75,1,8750
20240125,09:38:30,530.75,500,8750
20240125,09:38:40,527.45,400,8750
20240125,09:39:37,521.0,50,8250
20240125,09:45:17,498.1,50,8250
20240125,09:54:57,498.1,50,8200
20240125,10:01:40,498.1,50,8250
20240125,10:06:12,512.8,50,8250
20240125,10:07:02,505.15,100,8300
20240125,10:11:38,500.05,50,8200
20240125,10:14:48,501.9,50,8250
20240125,10:15:47,499.2,500,8200
20240125,10:16:17,495.0,500,8200
20240125,10:17:36,483.75,50,8200
20240125,10:18:11,481.0,50,8200
20240125,10:20:47,466.5,500,8250
20240125,10:21:55,466.5,50,8750
20240125,10:23:43,460.0,100,8750
20240125,10:23:54,460.0,50,8750
20240125,10:33:03,488.9,500,8750
20240125,10:35:15,473.2,150,8750
20240125,10:38:13,475.95,500,8900
20240125,10:40:36,482.9,50,9400
20240125,10:41:30,482.9,50,9400
20240125,10:42:19,481.9,50,9400
20240125,10:48:18,472.45,50,9550
20240125,10:54:16,460.0,50,9500
20240125,10:55:02,450.2,400,9500
20240125,10:55:14,446.0,50,9500
20240125,10:56:00,446.0,200,9500
20240125,10:58:45,443.8,50,9750
20240125,11:03:27,443.8,100,9750
20240125,11:04:12,453.7,50,9750
20240125,11:04:22,450.0,50,9750
20240125,11:05:04,445.55,100,9750
20240125,11:05:42,446.45,100,9750
20240125,11:07:57,450.9,300,10000
20240125,11:08:45,454.05,450,10000
20240125,11:17:36,458.85,100,10000
20240125,11:19:52,468.6,100,9900
20240125,11:20:14,469.2,100,9900
20240125,11:21:31,479.75,1000,10000
20240125,11:21:54,479.75,200,10000
20240125,11:27:08,470.0,500,10700
20240125,11:28:43,460.35,200,11200
20240125,11:29:04,460.35,50,11200
20240125,11:29:14,461.25,100,11200
20240125,11:29:24,461.5,250,11200
20240125,11:29:34,464.0,50,11200
20240125,11:29:44,465.0,300,11200
20240125,11:29:54,465.0,200,11200
20240125,11:30:15,468.65,100,11200
20240125,11:30:26,473.1,350,11200
20240125,11:30:37,472.75,50,11250
20240125,11:30:57,471.1,150,11250
20240125,11:31:07,468.05,200,11250
20240125,11:31:17,464.7,100,11250
20240125,11:31:40,460.8,650,11250
20240125,11:32:00,460.05,100,11250
20240125,11:32:10,465.1,150,11250
20240125,11:32:20,466.25,50,11250
20240125,11:32:30,465.95,100,11250
20240125,11:32:40,468.0,50,11250
20240125,11:32:50,465.55,100,11250
20240125,11:33:00,468.0,50,11250
20240125,11:33:20,468.7,100,11250
20240125,11:33:40,464.8,50,12050
20240125,11:33:59,464.8,50,12050
20240125,11:34:19,458.65,200,12050
20240125,11:34:29,458.5,50,12050
20240125,11:34:40,460.1,100,12050
20240125,11:35:10,457.15,50,12050
20240125,11:35:42,467.5,400,12050
20240125,11:35:52,469.0,150,12050
20240125,11:36:02,470.0,50,12050
20240125,11:36:13,466.95,150,12050
20240125,11:36:53,471.35,50,12300
20240125,11:37:03,472.8,100,12300
20240125,11:37:13,474.1,600,12300
20240125,11:37:33,478.2,50,12300
20240125,11:37:44,478.75,50,12300
20240125,11:37:55,479.65,100,12300
20240125,11:38:04,479.65,250,12300
20240125,11:38:14,482.0,700,12300
20240125,11:38:57,485.35,50,12300
20240125,11:39:08,489.0,50,12300
20240125,11:39:20,497.05,1100,12300
20240125,11:39:44,494.45,50,10350
20240125,11:39:55,501.0,400,10350
20240125,11:40:05,498.85,150,10350
20240125,11:40:18,505.0,400,10350
20240125,11:40:30,508.0,600,10350
20240125,11:40:42,502.85,50,10350
20240125,11:40:53,498.9,50,10350
20240125,11:41:48,510.0,50,10350
20240125,11:42:53,510.95,50,10700
20240125,11:44:06,497.05,100,10700
20240125,11:45:54,497.05,50,10750
20240125,11:48:27,480.0,1100,10750
20240125,11:49:40,467.55,100,11800
20240125,11:49:51,467.05,50,11800
20240125,11:50:02,468.1,50,11800
20240125,11:50:37,463.0,1000,11800
20240125,11:51:10,461.75,50,11800
20240125,11:51:41,464.15,100,13000
20240125,11:51:52,470.0,50,13000
20240125,11:53:15,468.7,500,13000
20240125,11:53:36,466.0,500,13000
20240125,11:54:07,460.15,100,13000
20240125,11:54:17,458.9,100,13000
20240125,11:54:27,457.05,100,13000
20240125,11:54:39,457.5,50,13450
20240125,11:56:44,459.0,50,13450
20240125,11:58:47,462.55,50,13550
20240125,11:58:57,466.35,50,13550
20240125,11:59:17,467.0,300,13550
20240125,11:59:27,469.5,50,13550
20240125,12:00:38,469.15,50,13600
20240125,12:00:58,462.0,50,13600
20240125,12:01:39,469.5,100,13600
20240125,12:02:48,469.5,100,13600
20240125,12:03:25,470.65,100,13600
20240125,12:05:20,468.65,150,13900
20240125,12:06:37,463.45,50,14000
20240125,12:09:35,463.45,100,14000
20240125,12:10:40,460.8,100,14100
20240125,12:13:24,462.35,200,14100
20240125,12:13:33,463.95,50,14100
20240125,12:13:42,463.8,200,14100
20240125,12:13:52,462.25,50,14100
20240125,12:17:28,456.8,50,14600
20240125,12:18:06,453.6,100,14600
20240125,12:19:05,451.0,200,14700
20240125,12:22:45,447.9,50,14900
20240125,12:23:23,449.2,50,14900
20240125,12:24:40,455.0,50,14950
20240125,12:24:51,457.25,50,14950
20240125,12:26:27,459.65,50,14950
20240125,12:28:04,468.95,250,14950
20240125,12:30:07,453.1,100,14950
20240125,12:30:16,455.65,250,14950
20240125,12:30:25,452.55,50,14950
20240125,12:32:05,450.6,50,14900
20240125,12:32:25,451.0,200,14900
20240125,12:34:25,448.65,50,15150
20240125,12:34:43,451.15,400,15150
20240125,12:34:52,452.35,50,15150
20240125,12:35:41,461.05,50,15150
20240125,12:39:24,459.6,50,15500
20240125,12:40:23,460.35,250,15550
20240125,12:40:52,459.65,100,15550
20240125,12:43:03,449.05,100,15450
20240125,12:43:58,448.45,150,15450
20240125,12:44:07,449.1,150,15450
20240125,12:45:46,448.55,50,15450
20240125,12:47:59,456.0,100,15450
20240125,12:50:21,453.1,150,15550
20240125,12:52:20,449.15,250,15400
20240125,12:54:05,447.0,50,15400
20240125,12:55:00,445.0,200,15550
20240125,12:56:23,443.75,250,15550
20240125,12:57:19,443.75,50,15550
20240125,12:57:29,445.5,500,15550
20240125,12:57:47,447.3,50,15750
20240125,12:59:21,437.7,200,15750
20240125,13:00:17,436.8,250,15750
20240125,13:00:28,436.8,950,15750
20240125,13:01:17,443.0,50,16800
20240125,13:02:28,445.7,100,16800
20240125,13:04:05,443.4,50,16750
20240125,13:05:00,449.15,50,16750
20240125,13:05:02,449.1,50,16750
20240125,13:05:48,449.1,50,16750
20240125,13:06:00,450.35,50,16750
20240125,13:06:55,444.0,150,16800
20240125,13:07:05,443.05,150,16800
20240125,13:08:44,440.1,150,16800
20240125,13:09:03,442.8,250,16800
20240125,13:10:48,438.75,100,17150
20240125,13:12:47,442.0,50,17150
20240125,13:14:21,447.85,200,17150
20240125,13:15:29,447.85,50,17150
20240125,13:16:27,452.3,350,17150
20240125,13:17:05,452.3,150,17150
20240125,13:17:34,452.35,50,17150
20240125,13:19:16,443.4,100,17150
20240125,13:21:05,443.4,50,17150
20240125,13:28:06,439.85,50,17250
20240125,13:28:35,434.9,50,17250
20240125,13:29:53,434.2,50,17250
20240125,13:35:01,434.2,50,17300
20240125,13:38:08,436.25,50,17300
20240125,13:39:07,436.55,200,17300
20240125,13:41:04,432.7,350,17350
20240125,13:41:30,432.1,50,17350
20240125,13:41:59,432.1,100,17350
20240125,13:43:39,434.0,50,17550
20240125,13:48:08,444.65,50,17550
20240125,13:50:03,446.55,100,17600
20240125,13:50:34,450.0,50,17600
20240125,13:52:26,444.7,300,17550
20240125,13:55:06,435.9,100,17850
20240125,13:59:41,443.75,50,17950
20240125,14:05:59,449.8,100,18000
20240125,14:10:11,442.4,100,18000
20240125,14:12:17,444.6,750,18000
20240125,14:14:54,434.1,100,18500
20240125,14:17:43,425.6,150,18550
20240125,14:22:25,425.6,50,18550
20240125,14:26:55,433.3,550,18600
20240125,14:31:13,439.25,100,18850
20240125,14:35:41,429.25,50,18750
20240125,14:36:37,428.2,200,18750
20240125,14:38:39,424.8,150,19000
20240125,14:38:49,424.1,100,19000
20240125,14:39:19,424.1,250,19000
20240125,14:39:28,424.9,100,19000
20240125,14:40:08,423.25,300,19450
20240125,14:41:18,423.25,100,19450
20240125,14:41:43,425.15,50,19450
20240125,14:43:21,421.0,150,19850
20240125,14:43:50,421.0,50,19850
20240125,14:44:11,419.35,100,19850
20240125,14:44:21,419.35,150,19850
20240125,14:44:31,422.7,150,19850
20240125,14:44:49,422.7,100,19850
20240125,14:45:16,425.15,50,19850
20240125,14:45:34,425.8,50,19850
20240125,14:46:10,429.55,50,20150
20240125,14:46:29,431.65,200,20150
20240125,14:46:39,429.0,100,20150
20240125,14:48:17,429.95,750,20150
20240125,14:57:47,424.3,400,20950
20240125,14:58:14,424.05,50,20550
20240125,15:00:17,430.95,100,20550
20240125,15:00:46,432.7,600,20550
20240125,15:00:56,432.9,50,20950
20240125,15:01:07,435.05,100,20950
20240125,15:01:17,437.5,300,20950
20240125,15:01:28,438.3,50,20950
20240125,15:02:31,439.15,50,20950
20240125,15:03:10,441.4,50,20950
20240125,15:03:40,442.2,150,20950
20240125,15:03:51,443.35,200,20950
20240125,15:04:11,444.0,50,20850
20240125,15:04:22,444.05,100,20850
20240125,15:05:24,448.5,50,20850
20240125,15:05:28,448.7,50,20850
20240125,15:05:41,448.95,50,20850
20240125,15:06:12,450.3,50,20850
20240125,15:06:13,450.0,50,20850
20240125,15:06:22,450.0,50,20850
20240125,15:06:33,449.25,100,20850
20240125,15:06:44,451.0,50,20850
20240125,15:07:07,452.1,1900,20900
20240125,15:07:28,452.7,450,20900
20240125,15:07:38,452.4,500,20900
20240125,15:08:19,453.3,700,20900
20240125,15:08:29,454.2,400,20900
20240125,15:08:40,455.1,450,20900
20240125,15:08:51,455.4,450,20900
20240125,15:09:02,457.0,200,20900
20240125,15:11:33,458.2,50,24900
20240125,15:11:55,460.0,50,24900
20240125,15:12:06,465.0,50,24900
20240125,15:12:39,467.4,300,24900
20240125,15:13:02,471.55,500,24900
20240125,15:13:23,474.05,250,24900
20240125,15:13:34,474.55,250,24900
20240125,15:13:45,474.2,100,24900
20240125,15:14:27,464.55,200,24900
20240125,15:14:38,462.8,50,24900
20240125,15:15:00,464.25,250,24900
20240125,15:15:11,466.0,50,24900
20240125,15:15:41,462.05,100,24900
20240125,15:15:52,461.4,50,24900
20240125,15:18:03,464.1,150,24900
20240125,15:18:09,466.05,50,25000
20240125,15:18:15,466.7,50,25000
20240125,15:18:43,466.35,500,25000
20240125,15:19:45,470.6,200,24350
20240125,15:20:04,468.0,150,24350
20240125,15:20:23,471.95,50,24350
20240125,15:21:40,473.25,150,24350
20240125,15:22:45,474.0,50,24000
20240125,15:23:58,472.15,300,24000
20240125,15:25:26,474.2,50,23850
20240125,15:25:35,474.0,100,23850
20240125,15:26:04,476.1,50,23850
20240125,15:27:27,484.75,450,23850
20240125,15:27:38,486.85,100,23850
20240125,15:27:51,484.5,250,23850
20240125,15:28:12,485.55,150,24050
20240125,15:28:36,488.95,50,24050
20240125,15:28:46,486.25,50,24050
20240125,15:28:56,484.6,50,24050
20240125,15:29:16,480.55,50,24050
20240125,15:29:36,477.55,50,24050
20240129,09:15:17,549.05,1,24250
20240129,09:15:17,549.05,50,24250
20240129,09:15:23,552.05,50,24250
20240129,09:15:36,559.0,750,24250
20240129,09:16:10,559.0,50,24250
20240129,09:16:23,554.7,150,24250
20240129,09:16:27,554.55,100,24250
20240129,09:16:47,555.95,400,24250
20240129,09:16:56,558.55,100,24250
20240129,09:17:22,556.7,800,23800
20240129,09:17:30,556.8,300,23800
20240129,09:18:06,552.8,50,23800
20240129,09:18:16,553.0,200,23800
20240129,09:18:17,553.9,50,23800
20240129,09:18:19,556.0,200,23800
20240129,09:18:21,557.6,50,23800
20240129,09:18:29,559.0,50,23800
20240129,09:19:03,563.45,150,23800
20240129,09:20:04,569.25,50,23800
20240129,09:20:09,575.15,50,22500
20240129,09:20:22,580.0,50,22500
20240129,09:20:33,584.95,200,22500
20240129,09:20:43,587.15,100,22500
20240129,09:20:55,590.1,250,22500
20240129,09:21:00,590.1,400,22500
20240129,09:21:16,601.95,200,22500
20240129,09:21:23,602.0,50,22500
20240129,09:21:30,602.0,50,22500
20240129,09:21:45,595.25,100,22500
20240129,09:22:08,594.0,100,22500
20240129,09:22:39,590.2,50,22500
20240129,09:22:48,588.75,400,22500
20240129,09:22:56,596.0,1050,22500
20240129,09:22:59,596.0,800,22500
20240129,09:23:01,596.0,250,22500
20240129,09:23:24,601.7,50,23900
20240129,09:24:06,611.1,200,23900
20240129,09:24:09,613.3,500,23900
20240129,09:24:19,616.45,150,23900
20240129,09:24:34,618.0,1800,23900
20240129,09:24:54,618.0,350,23900
20240129,09:24:57,614.75,400,23900
20240129,09:25:01,620.25,100,23900
20240129,09:25:04,622.0,250,23900
20240129,09:25:14,629.1,150,23900
20240129,09:25:16,630.0,500,23900
20240129,09:25:24,632.85,50,23900
20240129,09:25:42,632.85,650,23900
20240129,09:25:47,628.4,50,23900
20240129,09:26:07,632.1,100,23900
20240129,09:26:12,634.0,250,25250
20240129,09:26:14,634.0,900,25250
20240129,09:26:19,634.0,700,25250
20240129,09:26:44,634.75,300,25250
20240129,09:27:04,638.95,100,25250
20240129,09:27:20,638.95,500,25250
20240129,09:27:30,637.45,50,25250
20240129,09:28:19,626.15,100,25250
20240129,09:28:30,631.55,150,25250
20240129,09:28:32,629.8,50,25250
20240129,09:28:35,634.45,50,25250
20240129,09:28:37,637.0,50,25250
20240129,09:28:39,639.4,100,25250
20240129,09:28:57,639.4,250,25250
20240129,09:28:59,638.85,100,25250
20240129,09:29:04,637.9,100,25250
20240129,09:29:05,637.5,250,25250
20240129,09:29:07,636.25,100,25250
20240129,09:29:10,639.05,50,26050
20240129,09:29:15,632.85,50,26050
20240129,09:29:18,629.8,50,26050
20240129,09:29:53,632.95,100,26050
20240129,09:30:36,632.75,50,26050
20240129,09:31:21,630.25,50,26050
20240129,09:31:28,629.5,50,26050
20240129,09:32:03,627.95,100,26050
20240129,09:32:04,624.45,400,26050
20240129,09:32:18,622.4,150,25050
20240129,09:33:03,618.35,100,25050
20240129,09:33:41,616.45,200,25050
20240129,09:34:01,625.75,50,25050
20240129,09:34:07,629.0,50,25050
20240129,09:34:09,630.25,50,25050
20240129,09:34:14,633.35,150,25050
20240129,09:34:35,636.65,50,25050
20240129,09:34:45,638.1,50,25050
20240129,09:34:49,640.0,1850,25050
20240129,09:34:52,640.0,50,25050
20240129,09:34:54,633.6,50,25050
20240129,09:35:02,640.5,50,25050
20240129,09:35:05,640.5,50,25050
20240129,09:35:10,632.05,100,25650
20240129,09:35:52,630.5,50,25650
20240129,09:36:02,631.5,50,25650
20240129,09:36:15,627.55,50,25650
20240129,09:36:54,625.8,150,25650
20240129,09:37:19,627.6,100,25650
20240129,09:38:22,625.45,100,25650
20240129,09:38:47,622.0,50,25650
20240129,09:38:54,625.9,100,25650
20240129,09:41:24,640.0,850,25400
20240129,09:41:26,640.0,150,25400
20240129,09:41:37,647.4,200,25400
20240129,09:41:39,647.4,300,25400
20240129,09:41:49,643.75,150,25400
20240129,09:42:21,635.1,50,25400
20240129,09:44:32,635.65,50,26000
20240129,09:45:54,636.3,50,26000
20240129,09:46:11,642.05,100,26000
20240129,09:46:55,637.45,350,26000
20240129,09:47:59,631.8,50,25650
20240129,09:50:18,639.3,50,25650
20240129,09:52:24,639.95,50,25650
20240129,09:52:29,636.35,350,25650
20240129,09:53:48,630.75,150,25700
20240129,09:54:08,630.75,250,25700
20240129,09:55:03,637.85,50,25700
20240129,09:56:39,637.85,200,25750
20240129,09:57:20,644.2,50,25750
20240129,09:57:36,645.0,200,25750
20240129,09:57:41,649.85,50,25750
20240129,09:58:54,670.0,100,25750
20240129,10:00:07,693.7,150,25250
20240129,10:01:41,693.7,100,25250
20240129,10:02:01,674.0,200,25250
20240129,10:03:39,683.8,100,25100
20240129,10:04:52,681.2,50,25100
20240129,10:06:07,667.0,50,25050
20240129,10:08:59,672.0,50,25050
20240129,10:10:36,671.0,100,25050
20240129,10:22:46,680.7,50,24900
20240129,10:23:32,681.0,150,24850
20240129,10:29:35,681.0,50,24850
20240129,10:46:15,677.0,50,24850
20240129,10:56:33,688.5,50,24850
20240129,10:57:19,694.95,50,24850
20240129,10:57:29,695.85,50,24850
20240129,11:05:44,695.85,50,24850
20240129,11:22:07,658.0,200,24850
20240129,11:24:09,657.65,50,24850
20240129,11:29:05,676.0,50,24850
20240129,11:30:35,699.0,50,24850
20240129,11:30:42,700.0,200,24850
20240129,11:31:33,700.0,150,24850
20240129,11:33:12,671.0,100,24700
20240129,11:38:27,688.9,100,24700
20240129,11:39:35,689.85,50,24700
20240129,11:42:02,689.0,100,24700
20240129,11:49:53,695.15,50,24700
20240129,12:09:28,703.9,50,24700
20240129,12:16:38,708.65,100,24650
20240129,12:29:56,702.1,50,24750
20240129,12:31:31,708.0,50,24750
20240129,12:45:36,730.0,100,24750
20240129,12:46:38,731.9,50,24750
20240129,12:47:11,731.95,50,24750
20240129,12:51:01,731.95,100,24800
20240129,13:09:19,736.6,50,24800
20240129,13:10:01,737.3,350,24800
20240129,13:17:50,739.0,100,25200
20240129,13:19:48,739.0,50,25200
20240129,13:23:02,726.7,50,25100
20240129,13:31:01,731.2,50,25050
20240129,13:36:04,736.65,50,25050
20240129,13:45:03,740.0,100,25100
20240129,13:46:39,740.0,50,25100
20240129,13:53:33,761.95,50,24950
20240129,14:10:30,765.0,50,24900
20240129,14:13:53,765.0,200,24850
20240129,14:14:43,750.0,50,24850
20240129,14:17:09,740.0,100,25000
20240129,14:17:10,742.65,50,25000
20240129,14:18:41,761.35,200,25000
20240129,14:28:43,754.55,50,25000
20240129,14:32:49,734.45,400,24950
20240129,14:32:56,734.45,200,25350
20240129,14:37:22,752.55,500,25350
20240129,14:38:21,755.0,100,25350
20240129,14:45:52,759.0,50,25900
20240129,14:49:07,765.0,50,25900
20240129,14:50:28,766.0,50,25900
20240129,14:51:07,766.0,50,25950
20240129,14:53:49,773.05,50,25950
20240129,14:54:05,773.05,50,25900
20240129,14:55:16,769.95,200,25900
20240129,14:58:16,754.85,50,25700
20240129,14:58:56,725.2,150,25700
20240129,14:59:11,722.45,200,25700
20240129,15:00:29,735.05,250,26050
20240129,15:00:49,722.45,100,26050
20240129,15:02:17,747.85,50,26050
20240129,15:02:24,758.9,50,26050
20240129,15:02:27,750.15,50,26050
20240129,15:02:32,751.7,350,26050
20240129,15:02:36,748.75,250,26050
20240129,15:09:50,755.0,50,25150
20240129,15:12:40,750.2,50,25100
20240129,15:15:55,750.55,50,25050
20240129,15:21:35,771.05,50,25050
20240129,15:25:16,782.4,50,25000
20240129,15:25:24,782.4,750,25000
20240129,15:26:46,784.0,450,25000
20240129,15:27:29,784.0,300,23800
20240129,15:27:37,780.0,200,23800
20240129,15:28:12,780.35,50,23800
20240130,09:16:59,804.05,1,23550
20240130,09:16:59,804.0,200,23550
20240130,09:18:06,810.0,50,23550
20240130,09:19:05,821.75,400,23550
20240130,09:20:57,821.75,50,23300
20240130,09:26:37,754.5,100,23300
20240130,09:26:39,749.25,200,23300
20240130,09:26:41,749.25,800,23300
20240130,09:26:49,754.95,150,23300
20240130,09:27:14,760.0,50,23300
20240130,09:28:55,746.3,50,23300
20240130,09:30:04,740.65,400,24350
20240130,09:30:52,740.65,150,24350
20240130,09:30:56,768.55,50,24350
20240130,09:31:00,768.05,150,24350
20240130,09:31:18,780.25,150,24350
20240130,09:32:46,778.0,50,24750
20240130,09:32:48,773.25,150,24750
20240130,09:33:21,765.05,50,24750
20240130,09:35:57,763.1,50,24750
20240130,09:36:47,770.2,50,24750
20240130,09:38:16,768.85,100,24800
20240130,09:38:33,763.9,100,24800
20240130,09:38:45,764.2,100,24800
20240130,09:39:05,773.5,100,24800
20240130,09:39:18,778.05,100,24800
20240130,09:40:05,775.2,50,24800
20240130,09:41:11,780.6,250,24800
20240130,09:41:42,776.95,250,25450
20240130,09:42:20,787.95,50,25450
20240130,09:44:23,802.7,250,25700
20240130,09:44:50,807.0,500,25700
20240130,09:45:16,801.25,200,25700
20240130,09:45:20,801.25,100,25700
20240130,09:46:48,790.0,800,25700
20240130,09:48:40,778.2,150,27550
20240130,09:48:50,774.65,300,27550
20240130,09:49:16,777.9,100,27550
20240130,09:49:40,777.9,400,27550
20240130,09:49:41,777.75,100,27550
20240130,09:49:58,774.5,100,27550
20240130,09:50:10,775.0,100,27550
20240130,09:50:20,769.6,50,27550
20240130,09:50:30,771.8,100,28650
20240130,09:50:33,773.6,100,28650
20240130,09:51:44,778.15,150,28650
20240130,09:52:39,776.1,50,28650
20240130,09:52:49,774.0,450,28650
20240130,09:52:57,770.0,50,28650
20240130,09:53:59,762.7,500,29300
20240130,09:55:02,760.45,250,29300
20240130,09:57:55,759.4,50,30050
20240130,09:58:07,766.45,150,30050
20240130,10:00:05,775.3,500,30200
20240130,10:00:25,776.55,500,30200
20240130,10:00:36,783.0,100,30200
20240130,10:01:59,782.0,50,30200
20240130,10:02:24,777.4,500,31150
20240130,10:03:04,782.7,250,31150
20240130,10:05:20,790.6,400,31150
20240130,10:06:41,777.6,100,32300
20240130,10:06:52,775.0,300,32300
20240130,10:07:12,778.35,350,32300
20240130,10:07:31,781.45,900,32300
20240130,10:08:09,780.45,300,32300
20240130,10:08:26,779.45,300,34250
20240130,10:09:22,779.9,250,34250
20240130,10:10:08,779.45,50,34250
20240130,10:12:35,788.55,200,34800
20240130,10:13:41,795.05,50,34800
20240130,10:14:16,792.25,200,34800
20240130,10:15:51,792.0,50,35200
20240130,10:16:59,779.95,50,35200
20240130,10:17:48,779.9,50,35200
20240130,10:18:59,766.05,50,35200
20240130,10:19:10,776.05,50,35200
20240130,10:20:39,775.25,50,35150
20240130,10:34:00,744.35,200,35100
20240130,10:35:24,752.7,50,35100
20240130,10:36:22,758.5,50,35350
20240130,10:37:44,764.0,50,35350
20240130,10:37:54,765.25,50,35350
20240130,10:38:04,764.0,50,35350
20240130,10:45:35,735.7,300,35200
20240130,10:45:42,737.85,200,35200
20240130,10:49:58,737.35,200,35650
20240130,10:50:29,721.0,100,35600
20240130,10:59:24,721.0,100,35600
20240130,11:07:07,710.25,200,35600
20240130,11:07:49,708.65,50,35600
20240130,11:07:59,705.75,50,35600
20240130,11:11:40,705.75,250,35800
20240130,11:20:18,718.65,50,36050
20240130,11:23:47,706.8,100,36050
20240130,11:30:04,726.1,50,35950
20240130,11:33:57,719.75,50,35950
20240130,11:35:26,729.25,50,35950
20240130,11:37:46,739.9,100,35950
20240130,11:39:36,736.0,50,36050
20240130,11:43:33,741.0,50,36100
20240130,11:52:45,734.25,50,36150
20240130,12:23:05,731.7,50,36150
20240130,12:25:20,713.45,400,36150
20240130,12:26:39,717.3,200,36150
20240130,12:27:17,715.0,300,36550
20240130,12:37:41,722.3,50,36650
20240130,13:20:59,697.85,100,36650
20240130,13:32:11,697.85,50,36650
20240130,13:43:16,701.0,100,36700
20240130,13:53:40,691.0,50,36700
20240130,13:55:16,681.0,50,36700
20240130,13:57:06,681.0,50,36700
20240130,14:09:36,661.0,50,36700
20240130,14:20:58,661.0,50,36700
20240130,14:22:19,669.95,250,36700
20240130,14:22:26,670.7,450,36700
20240130,14:22:34,672.95,750,36700
20240130,14:22:48,669.95,250,36700
20240130,14:23:02,674.15,250,36700
20240130,14:23:09,675.05,50,36700
20240130,14:23:15,674.6,100,36700
20240130,14:25:55,662.3,250,36700
20240130,14:26:15,662.8,250,36700
20240130,14:26:24,660.5,100,36700
20240130,14:26:33,653.05,450,36700
20240130,14:26:42,653.05,200,36700
20240130,14:26:51,651.95,250,36700
20240130,14:26:59,650.35,200,36700
20240130,14:27:25,650.35,400,36700
20240130,14:27:34,652.4,50,36700
20240130,14:27:42,654.65,200,36700
20240130,14:28:05,656.15,50,36700
20240130,14:29:02,651.3,100,36700
20240130,14:29:18,643.6,250,36700
20240130,14:29:48,643.6,200,36700
20240130,14:30:29,636.3,100,36950
20240130,14:30:39,636.3,50,36950
20240130,14:31:56,617.0,100,36950
20240130,14:32:07,610.2,300,36950
20240130,14:32:29,610.2,250,36950
20240130,14:32:49,624.0,50,36950
20240130,14:33:09,629.6,50,36950
20240130,14:33:28,621.35,400,36950
20240130,14:35:20,626.05,1000,36950
20240130,14:35:52,602.0,1000,36950
20240130,14:36:09,595.4,500,36950
20240130,14:36:18,595.4,200,36950
20240130,14:36:26,594.15,50,36950
20240130,14:36:51,594.15,1000,36950
20240130,14:37:12,600.3,1000,36950
20240130,14:38:22,611.85,50,36950
20240130,14:38:27,611.3,50,36950
20240130,14:38:29,606.75,100,36950
20240130,14:38:44,606.75,50,36950
20240130,14:38:57,612.25,50,36950
20240130,14:39:06,608.7,250,39400
20240130,14:39:31,609.65,50,39400
20240130,14:39:52,616.65,50,39400
20240130,14:39:54,616.4,100,39400
20240130,14:40:39,607.0,1000,39400
20240130,14:41:03,604.9,50,39400
20240130,14:42:00,602.7,250,40300
20240130,14:42:05,606.35,200,40300
20240130,14:42:22,601.25,50,40300
20240130,14:42:44,606.35,250,40300
20240130,14:42:46,605.05,300,40300
20240130,14:43:34,608.7,200,40300
20240130,14:45:05,596.45,250,40100
20240130,14:45:08,595.75,50,40100
20240130,14:46:06,591.1,250,40100
20240130,14:46:16,587.05,250,40100
20240130,14:46:31,587.05,300,40100
20240130,14:46:54,594.4,250,40100
20240130,14:49:11,612.0,150,40100
20240130,14:50:16,602.95,300,40100
20240130,14:50:19,600.05,100,40100
20240130,14:51:08,610.25,50,40350
20240130,14:56:12,579.6,500,40350
20240130,14:56:34,579.6,50,40350
20240130,14:56:36,585.2,250,40350
20240130,14:56:57,588.2,250,40350
20240130,14:59:37,589.0,100,41100
20240130,15:00:07,587.95,50,41100
20240130,15:00:26,600.95,250,41100
20240130,15:00:48,593.8,100,41100
20240130,15:01:09,569.1,200,41100
20240130,15:01:20,560.3,250,41100
20240130,15:01:32,558.45,700,41100
20240130,15:01:43,560.65,400,41100
20240130,15:02:01,560.55,250,41100
20240130,15:02:06,551.7,100,41100
20240130,15:02:11,551.7,250,41100
20240130,15:02:14,556.95,550,41100
20240130,15:02:23,558.1,50,41100
20240130,15:02:29,554.65,100,41100
20240130,15:02:58,564.65,300,41100
20240130,15:03:36,569.15,100,41450
20240130,15:04:56,564.35,50,41450
20240130,15:05:46,561.0,100,41450
20240130,15:06:30,557.2,50,41400
20240130,15:07:10,553.3,50,41400
20240130,15:08:59,559.3,50,41400
20240130,15:09:20,553.3,50,41350
20240130,15:09:34,557.7,50,41350
20240130,15:10:04,550.95,100,41350
20240130,15:10:12,550.95,50,41350
20240130,15:11:47,558.5,250,41350
20240130,15:13:35,562.95,100,41350
20240130,15:13:37,560.4,50,41300
20240130,15:13:43,566.1,250,41300
20240130,15:13:53,569.05,50,41300
20240130,15:17:33,586.0,50,41400
20240130,15:19:00,573.25,50,41400
20240130,15:19:31,568.75,100,41400
20240130,15:21:48,580.75,50,41350
20240130,15:21:50,582.45,50,41350
20240130,15:25:23,581.45,50,41400
20240130,15:27:31,576.25,350,41350
20240130,15:27:38,575.2,50,41350
20240130,15:27:44,574.95,50,41350
20240131,09:15:23,530.75,1,41050
20240131,09:15:23,530.8,150,41050
20240131,09:15:28,535.05,100,41050
20240131,09:15:30,535.9,150,41050
20240131,09:15:33,541.15,50,41050
20240131,09:15:35,543.15,50,41050
20240131,09:15:38,544.95,300,41050
20240131,09:15:41,547.7,200,41050
20240131,09:15:54,547.7,350,41050
20240131,09:16:04,548.65,50,41050
20240131,09:16:13,552.5,50,41050
20240131,09:16:26,552.5,200,41050
20240131,09:16:31,551.4,250,41050
20240131,09:16:34,551.3,250,41050
20240131,09:17:05,544.3,150,41050
20240131,09:17:24,541.65,150,41050
20240131,09:17:26,542.3,50,41150
20240131,09:17:27,541.25,100,41150
20240131,09:17:50,541.25,50,41150
20240131,09:18:30,545.65,50,41150
20240131,09:18:32,551.75,50,41150
20240131,09:19:03,558.9,250,41150
20240131,09:19:25,555.65,50,41150
20240131,09:19:50,556.35,100,41150
20240131,09:19:54,558.85,50,41150
20240131,09:20:41,560.6,50,41100
20240131,09:20:43,560.6,50,41100
20240131,09:20:58,558.15,50,41100
20240131,09:21:31,546.45,150,41100
20240131,09:21:36,546.15,250,41100
20240131,09:21:43,541.85,500,41100
20240131,09:22:00,533.35,100,41100
20240131,09:22:35,540.0,50,41100
20240131,09:23:01,550.0,50,41100
20240131,09:25:51,569.85,50,41200
20240131,09:26:03,569.85,50,41200
20240131,09:26:43,569.85,50,41200
20240131,09:27:47,579.05,50,41250
20240131,09:28:42,582.55,50,41250
20240131,09:28:54,582.55,50,41250
20240131,09:29:02,582.9,50,41250
20240131,09:30:31,590.15,100,41350
20240131,09:30:32,590.75,100,41350
20240131,09:30:34,590.8,50,41350
20240131,09:30:36,591.6,250,41350
20240131,09:30:37,592.55,50,41350
20240131,09:30:39,593.35,50,41350
20240131,09:30:42,593.35,100,41350
20240131,09:30:44,588.1,200,41350
20240131,09:30:47,589.65,250,41350
20240131,09:30:49,590.3,400,41350
20240131,09:30:51,590.2,50,41350
20240131,09:30:52,589.9,50,41350
20240131,09:30:54,590.15,150,41350
20240131,09:30:56,589.75,150,41350
20240131,09:30:57,589.15,200,41350
20240131,09:30:59,588.85,50,41350
20240131,09:31:01,589.0,150,41350
20240131,09:33:01,580.0,1700,43650
20240131,09:33:08,578.95,1500,43650
20240131,09:33:14,578.85,2250,43650
20240131,09:33:21,582.35,1150,43650
20240131,09:33:28,583.8,250,43650
20240131,09:33:34,585.65,750,43650
20240131,09:33:52,585.5,2000,43650
20240131,09:33:59,585.95,850,43650
20240131,09:34:00,586.05,1750,43650
20240131,09:34:02,585.75,250,43650
20240131,09:34:05,588.05,250,43650
20240131,09:34:10,588.9,500,43650
20240131,09:34:15,590.0,300,43650
20240131,09:34:17,591.0,450,43650
20240131,09:34:20,592.15,500,43650
20240131,09:34:24,595.15,300,43650
20240131,09:34:25,595.15,100,43650
20240131,09:34:27,595.3,150,43650
20240131,09:34:31,595.7,800,43650
20240131,09:34:32,596.2,450,43650
20240131,09:34:34,596.2,650,43650
20240131,09:34:36,596.4,1850,43650
20240131,09:34:42,603.75,50,43650
20240131,09:34:44,603.75,250,43650
20240131,09:34:53,611.25,250,43650
20240131,09:34:57,611.25,250,43650
20240131,09:35:02,608.2,50,43650
20240131,09:35:03,607.9,250,43650
20240131,09:35:08,609.2,300,43650
20240131,09:35:10,609.75,50,43650
20240131,09:35:12,607.8,250,43650
20240131,09:35:13,607.35,100,43650
20240131,09:35:15,610.15,500,43650
20240131,09:35:17,608.65,250,43650
20240131,09:35:18,608.95,100,43650
20240131,09:35:20,608.45,500,43650
20240131,09:35:22,607.5,250,43650
20240131,09:35:25,605.7,50,64850
20240131,09:35:27,606.1,300,64850
20240131,09:35:28,606.0,700,64850
20240131,09:35:37,607.2,250,64850
20240131,09:35:43,605.5,250,64850
20240131,09:35:45,606.95,400,64850
20240131,09:35:48,610.5,200,64850
20240131,09:35:50,610.5,1000,64850
20240131,09:35:53,615.8,350,64850
20240131,09:35:55,615.8,50,64850
20240131,09:35:57,616.15,850,64850
20240131,09:35:58,617.75,250,64850
20240131,09:36:02,618.75,250,64850
20240131,09:36:03,618.75,500,64850
20240131,09:36:33,617.5,750,64850
20240131,09:36:35,618.05,250,64850
20240131,09:36:37,619.7,750,64850
20240131,09:36:38,619.75,1250,64850
20240131,09:36:40,621.5,1000,64850
20240131,09:36:42,621.35,1300,64850
20240131,09:36:43,621.0,700,64850
20240131,09:36:45,621.0,50,64850
20240131,09:36:47,620.7,200,64850
20240131,09:36:48,622.0,750,64850
20240131,09:36:50,620.35,300,64850
20240131,09:36:52,620.8,1200,64850
20240131,09:36:53,621.7,1800,64850
20240131,09:36:55,621.4,200,64850
20240131,09:36:57,626.2,300,64850
20240131,09:36:58,625.45,1250,64850
20240131,09:37:00,621.4,500,64850
20240131,09:37:02,622.0,1000,64850
20240131,09:37:05,620.25,850,64850
20240131,09:37:07,618.05,1000,64850
20240131,09:37:08,620.65,800,64850
20240131,09:37:10,623.0,1350,64850
20240131,09:37:12,622.5,200,64850
20240131,09:37:13,621.0,1000,64850
20240131,09:37:15,618.85,1000,64850
20240131,09:37:17,619.45,50,64850
20240131,09:37:18,618.2,800,64850
20240131,09:37:20,618.25,450,64850
20240131,09:37:22,619.55,550,64850
20240131,09:37:23,621.05,500,64850
20240131,09:37:30,614.85,200,64850
20240131,09:37:33,613.7,100,64850
20240131,09:37:47,618.0,150,64850
20240131,09:37:48,619.95,300,64850
20240131,09:38:00,620.7,50,64850
20240131,09:38:03,619.5,200,64850
20240131,09:38:11,619.0,50,64850
20240131,09:39:44,612.75,50,91400
20240131,09:40:36,606.05,50,91400
20240131,09:40:51,609.2,50,91400
20240131,09:40:56,611.95,50,91400
20240131,09:40:57,612.75,100,91400
20240131,09:41:06,613.8,550,91400
20240131,09:41:58,624.75,250,91400
20240131,09:42:01,620.85,50,91400
20240131,09:42:13,626.25,150,91400
20240131,09:43:21,630.75,100,91400
20240131,09:43:51,630.75,50,91400
20240131,09:43:53,635.2,50,91400
20240131,09:44:04,635.2,200,91400
20240131,09:44:08,634.5,150,91400
20240131,09:44:26,630.75,100,91350
20240131,09:44:29,630.7,200,91350
20240131,09:44:46,625.55,200,91350
20240131,09:44:54,632.1,100,91350
20240131,09:45:54,630.8,50,91350
20240131,09:48:23,623.4,50,91350
20240131,09:48:54,622.45,50,91350
20240131,09:48:59,622.5,100,91350
20240131,09:49:48,616.2,50,91350
20240131,09:50:01,623.45,50,91350
20240131,09:50:05,617.5,250,91350
20240131,09:50:58,621.0,150,91600
20240131,09:51:01,621.5,50,91600
20240131,09:51:31,623.2,50,91600
20240131,09:52:16,615.55,50,91600
20240131,09:53:38,611.95,50,91650
20240131,09:54:11,616.4,100,91650
20240131,09:54:13,615.05,50,91650
20240131,09:55:16,605.3,50,91650
20240131,09:55:21,602.0,100,91650
20240131,09:55:28,608.8,400,91650
20240131,09:55:33,611.0,300,91650
20240131,09:55:45,616.75,200,91650
20240131,09:57:00,619.2,200,91650
20240131,09:57:11,627.8,100,91650
20240131,09:58:00,627.25,500,91650
20240131,09:58:05,628.0,250,91650
20240131,09:58:08,626.4,500,91650
20240131,09:59:25,612.8,500,91650
20240131,09:59:27,613.35,250,91650
20240131,10:00:38,601.0,300,91650
20240131,10:01:03,600.0,100,91650
20240131,10:01:13,591.9,50,91650
20240131,10:01:15,591.7,100,91650
20240131,10:02:05,597.8,50,91650
20240131,10:02:18,597.8,50,91650
20240131,10:03:01,594.75,200,91650
20240131,10:03:10,601.95,250,91650
20240131,10:03:16,603.45,200,91650
20240131,10:03:45,613.3,750,91650
20240131,10:04:55,618.1,250,91650
20240131,10:04:57,620.0,150,91650
20240131,10:06:01,621.0,100,90900
20240131,10:06:11,618.85,50,90900
20240131,10:06:45,628.6,250,90900
20240131,10:07:35,627.3,250,90900
20240131,10:07:41,634.55,100,90900
20240131,10:07:50,632.85,50,90900
20240131,10:08:00,635.4,50,90900
20240131,10:08:03,635.4,250,90900
20240131,10:08:08,632.15,250,90900
20240131,10:08:26,637.25,50,90900
20240131,10:08:48,642.6,250,90900
20240131,10:09:25,642.6,50,91100
20240131,10:09:36,638.25,100,91100
20240131,10:09:45,637.6,100,91100
20240131,10:10:01,631.5,150,91100
20240131,10:10:23,627.05,100,91100
20240131,10:10:59,633.0,250,91100
20240131,10:11:13,630.55,250,91100
20240131,10:11:14,632.75,50,91100
20240131,10:14:01,638.0,450,90600
20240131,10:15:07,638.35,50,90350
20240131,10:15:09,636.9,250,90350
20240131,10:15:27,639.9,50,90350
20240131,10:15:57,647.1,100,90350
20240131,10:16:02,643.55,50,90350
20240131,10:17:15,643.2,100,90350
20240131,10:19:26,640.45,100,90550
20240131,10:20:24,643.85,300,90550
20240131,10:20:45,641.05,50,90550
20240131,10:20:53,640.0,50,90550
20240131,10:22:34,649.7,250,90550
20240131,10:22:37,649.7,50,90550
20240131,10:25:19,639.0,300,90550
20240131,10:28:02,638.95,50,90300
20240131,10:29:06,636.6,50,90300
20240131,10:30:06,635.8,50,90350
20240131,10:30:56,644.0,50,90350
20240131,10:32:24,661.0,300,90350
20240131,10:34:39,669.7,50,90400
20240131,10:34:47,669.7,400,90400
20240131,10:35:12,666.05,350,90400
20240131,10:35:19,664.85,50,90400
20240131,10:38:43,676.55,50,90350
20240131,10:39:12,676.55,50,90350
20240131,10:40:07,668.35,50,90350
20240131,10:40:22,671.8,50,90350
20240131,10:40:30,674.7,50,90350
20240131,10:44:24,651.0,300,90350
20240131,10:44:59,658.9,50,90350
20240131,10:47:08,658.4,50,90350
20240131,10:47:14,655.05,200,90350
20240131,10:47:44,653.6,50,90400
20240131,10:48:15,653.6,50,90400
20240131,10:48:22,651.95,50,90400
20240131,10:49:04,648.0,50,90400
20240131,10:52:18,659.1,150,90400
20240131,10:52:45,664.65,100,90400
20240131,10:54:30,668.65,50,90550
20240131,10:59:19,671.3,50,90500
20240131,11:03:48,668.65,100,90450
20240131,11:04:27,672.0,100,90450
20240131,11:05:18,675.0,100,90450
20240131,11:06:19,690.0,150,90650
20240131,11:06:26,690.0,250,90650
20240131,11:07:54,694.25,50,90650
20240131,11:08:49,698.4,50,90750
20240131,11:09:54,698.4,150,90750
20240131,11:12:59,688.65,100,90750
20240131,11:13:01,688.45,100,90750
20240131,11:17:52,685.55,50,90850
20240131,11:18:11,682.8,100,90850
20240131,11:18:16,683.9,50,90850
20240131,11:23:30,683.9,100,90850
20240131,11:26:23,692.85,500,90850
20240131,11:26:38,688.9,200,90250
20240131,11:28:57,696.9,500,90250
20240131,11:30:50,711.0,300,89750
20240131,11:30:58,713.05,50,89750
20240131,11:31:05,713.05,100,89750
20240131,11:32:20,727.45,200,89750
20240131,11:33:02,727.45,100,89600
20240131,11:33:49,723.35,500,89600
20240131,11:35:35,726.65,200,89600
20240131,11:36:09,720.0,300,89100
20240131,11:40:08,719.85,150,88950
20240131,11:41:14,728.4,50,88950
20240131,11:44:24,728.4,50,88850
20240131,11:48:26,714.4,50,88900
20240131,11:57:43,728.9,150,88900
20240131,12:11:23,728.9,50,88900
20240131,12:12:34,720.4,250,88850
20240131,12:15:12,720.75,50,88850
20240131,12:24:43,720.75,50,88800
20240131,12:29:00,662.65,500,88850
20240131,12:29:17,675.15,300,88850
20240131,12:33:52,681.0,300,88850
20240131,12:39:18,680.85,50,88850
20240131,12:41:21,674.7,50,88850
20240131,12:43:10,668.0,50,88850
20240131,12:44:06,655.05,50,88850
20240131,12:45:23,663.65,100,88850
20240131,12:46:22,660.0,50,88850
20240131,12:51:43,658.35,200,88850
20240131,12:53:01,658.6,200,88850
20240131,12:55:59,660.8,50,88850
20240131,12:58:53,658.0,100,88900
20240131,12:58:58,656.85,50,88900
20240131,12:59:09,662.65,50,88900
20240131,13:01:11,671.1,150,89100
20240131,13:04:40,685.05,300,89250
20240131,13:09:30,677.0,50,89250
20240131,13:11:57,689.6,50,89250
20240131,13:16:51,697.55,300,89250
20240131,13:22:07,707.85,50,89250
20240131,13:23:04,708.1,1250,89250
20240131,13:32:26,720.7,50,89300
20240131,13:33:33,722.4,200,89300
20240131,13:37:05,702.0,200,89300
20240131,13:37:30,695.2,50,89300
20240131,13:41:06,683.8,250,89100
20240131,13:43:13,688.25,250,89150
20240131,13:47:42,676.2,250,89150
20240131,13:48:49,669.8,50,89150
20240131,13:49:37,671.5,50,89150
20240131,13:50:02,667.05,100,89150
20240131,13:50:24,669.8,100,89150
20240131,13:51:23,679.0,50,89150
20240131,13:52:28,681.0,250,89150
20240131,13:54:41,695.35,50,89150
20240131,14:01:01,694.75,50,89150
20240131,14:24:26,687.75,250,89150
20240131,14:28:51,672.65,50,89150
20240131,14:29:30,679.3,50,89150
20240131,14:33:01,676.0,50,89250
20240131,14:34:13,690.7,250,89300
20240131,14:34:36,691.15,750,89300
20240131,14:35:06,694.6,500,89300
20240131,14:37:38,700.3,100,89250
20240131,14:38:03,700.7,50,89250
20240131,14:41:55,705.1,200,89400
20240131,14:42:59,705.0,50,89400
20240131,14:43:55,708.5,250,89400
20240131,14:43:58,708.5,50,89400
20240131,14:48:57,706.55,50,89400
20240131,14:51:18,686.45,50,89400
20240131,14:51:42,683.3,50,89400
20240131,14:55:46,691.25,200,89450
20240131,14:56:06,693.55,150,89450
20240131,14:59:11,691.2,100,89450
20240131,14:59:33,689.3,50,89450
20240131,15:00:06,693.0,200,89450
20240131,15:00:21,700.8,50,89450
20240131,15:00:51,697.45,50,89450
20240131,15:01:04,694.75,50,89450
20240131,15:01:11,700.8,100,89450
20240131,15:01:33,698.75,50,89450
20240131,15:02:38,715.15,50,89450
20240131,15:03:42,711.05,100,89450
20240131,15:07:49,721.2,200,89450
20240131,15:08:09,719.65,50,89450
20240131,15:08:24,719.65,150,89450
20240131,15:08:53,714.1,100,89450
20240131,15:10:01,707.4,100,89450
20240131,15:10:56,717.9,1000,89450
20240131,15:13:09,719.7,2000,89450
20240131,15:13:11,719.9,1000,89450
20240131,15:13:13,720.5,2000,89450
20240131,15:13:14,719.6,2050,89450
20240131,15:13:16,719.4,1000,89450
20240131,15:13:18,719.05,1000,89450
20240131,15:13:39,716.8,100,89450
20240131,15:13:44,715.25,350,89450
20240131,15:14:00,712.85,50,89450
20240131,15:14:42,710.15,50,89450
20240131,15:15:08,703.2,50,89450
20240131,15:15:20,698.8,50,89750
20240131,15:15:36,699.0,400,89750
20240131,15:15:48,693.0,50,89750
20240131,15:16:56,708.9,250,89750
20240131,15:16:58,709.55,250,89750
20240131,15:16:59,711.0,750,89750
20240131,15:17:06,711.35,250,89750
20240131,15:17:08,711.7,250,89750
20240131,15:17:39,705.6,200,89750
20240131,15:18:38,701.1,250,87600
20240131,15:19:38,701.45,250,87600
20240131,15:20:04,704.5,300,87600
20240131,15:20:18,701.85,50,87600
20240131,15:20:24,701.6,50,87600
20240131,15:20:41,702.65,50,87600
20240131,15:21:06,705.0,150,87600
20240131,15:21:28,702.0,50,87600
20240131,15:22:24,702.4,50,87100
20240131,15:25:24,702.45,50,87100
20240131,15:25:26,702.45,100,87100
20240131,15:26:01,699.75,300,87100
20240131,15:26:09,699.5,300,87100
20240131,15:26:11,699.5,50,87100
20240131,15:26:18,699.65,50,87100
20240131,15:26:58,702.15,50,87100
20240131,15:27:25,701.45,500,87600
20240131,15:27:30,701.45,250,87600
20240131,15:27:45,700.0,50,87600
20240131,15:27:50,700.3,100,87600
20240131,15:28:55,686.9,100,87600
20240131,15:29:32,689.15,50,87600
20240201,09:15:44,713.5,1,87150
20240201,09:15:44,713.45,150,87150
20240201,09:16:14,713.0,100,87150
20240201,09:19:19,698.65,150,87150
20240201,09:20:07,701.15,150,87150
20240201,09:20:11,701.9,100,87150
20240201,09:21:22,697.2,50,87250
20240201,09:24:07,697.2,50,87300
20240201,09:25:20,700.2,50,87300
20240201,09:26:20,697.5,50,87300
20240201,09:27:04,693.15,50,87250
20240201,09:29:09,693.15,200,87250
20240201,09:29:28,695.1,50,87250
20240201,09:33:20,703.6,200,87350
20240201,09:33:46,708.05,200,87350
20240201,09:34:04,712.3,50,87350
20240201,09:34:56,709.75,100,87350
20240201,09:35:05,711.6,200,87350
20240201,09:35:14,711.0,50,87350
20240201,09:39:28,686.0,50,88100
20240201,09:40:49,686.0,250,88100
20240201,09:43:24,701.0,100,88350
20240201,09:44:08,700.2,50,88350
20240201,09:44:16,695.0,50,88350
20240201,09:44:40,700.85,250,88400
20240201,09:44:55,705.0,50,88400
20240201,09:45:51,709.9,50,88400
20240201,09:46:01,714.9,50,88400
20240201,09:46:50,717.65,250,88400
20240201,09:46:55,719.9,50,88400
20240201,09:48:10,719.9,100,89100
20240201,09:49:56,705.1,100,89100
20240201,09:50:34,711.25,250,89200
20240201,09:52:40,713.65,250,89200
20240201,09:53:21,711.6,250,89200
20240201,09:53:55,719.9,300,89950
20240201,09:55:50,719.9,50,89950
20240201,09:58:36,720.0,50,90300
20240201,10:00:13,724.9,50,90300
20240201,10:00:21,727.0,50,90300
20240201,10:00:28,727.0,50,90300
20240201,10:00:44,728.0,150,90300
20240201,10:00:53,729.9,50,90300
20240201,10:02:33,729.9,100,90450
20240201,10:02:39,715.45,100,90450
20240201,10:03:27,701.4,300,90450
20240201,10:04:02,714.9,50,90450
20240201,10:04:08,719.9,100,90450
20240201,10:06:31,729.9,50,90650
20240201,10:07:35,734.1,50,90650
20240201,10:07:48,734.9,50,90650
20240201,10:07:56,739.9,50,90650
20240201,10:09:23,755.9,200,90800
20240201,10:09:36,755.9,50,90800
20240201,10:11:39,759.9,50,90800
20240201,10:11:47,760.2,350,90800
20240201,10:12:01,760.2,300,90800
20240201,10:12:08,760.9,500,90800
20240201,10:12:17,765.6,450,90800
20240201,10:12:47,765.6,100,90800
20240201,10:14:06,762.5,100,90800
20240201,10:14:14,763.75,50,90800
20240201,10:14:33,758.8,250,90800
20240201,10:14:45,757.75,50,91000
20240201,10:14:57,761.35,100,91000
20240201,10:15:04,754.35,100,91000
20240201,10:15:23,750.55,100,91000
20240201,10:15:30,750.6,50,91000
20240201,10:15:50,747.0,50,91000
20240201,10:17:27,749.9,50,91000
20240201,10:17:54,757.95,350,90750
20240201,10:18:39,758.0,50,90750
20240201,10:20:30,751.95,100,90750
20240201,10:20:49,751.2,250,90750
20240201,10:23:29,744.0,100,90750
20240201,10:23:35,738.15,50,90750
20240201,10:23:41,736.75,50,90650
20240201,10:24:10,736.0,50,90650
20240201,10:25:47,747.15,50,90650
20240201,10:26:39,749.9,50,90650
20240201,10:26:46,752.25,250,90650
20240201,10:27:23,751.2,50,90650
20240201,10:29:48,766.4,50,90700
20240201,10:31:36,766.4,100,90700
20240201,10:33:29,750.85,500,90800
20240201,10:33:45,753.0,100,90800
20240201,10:39:57,750.0,800,91400
20240201,10:41:04,750.0,100,91400
20240201,10:42:47,751.2,50,92300
20240201,10:44:04,751.0,50,92300
20240201,10:47:18,753.0,1800,92400
20240201,10:50:29,753.0,50,94200
20240201,10:51:21,753.4,500,94150
20240201,10:53:11,754.25,100,94150
20240201,10:56:55,750.0,50,94250
20240201,11:01:12,760.0,100,94250
20240201,11:02:28,786.0,100,94250
20240201,11:04:57,786.0,150,94250
20240201,11:07:00,746.0,250,94250
20240201,11:07:34,748.55,100,94250
20240201,11:15:59,744.8,100,94150
20240201,11:16:50,717.7,400,94150
20240201,11:17:08,686.0,50,94150
20240201,11:17:17,674.45,50,94150
20240201,11:17:44,672.65,100,94150
20240201,11:17:52,672.65,50,94300
20240201,11:18:01,682.65,50,94300
20240201,11:25:57,703.8,100,94400
20240201,11:30:42,709.0,100,94400
20240201,11:33:33,706.5,50,94300
20240201,11:33:54,708.4,500,94300
20240201,11:34:30,709.85,50,94300
20240201,11:36:22,705.6,50,94800
20240201,11:39:58,721.8,400,94800
20240201,12:01:41,698.0,50,94800
20240201,12:01:46,696.25,50,94800
20240201,12:02:24,676.5,50,94800
20240201,12:04:08,662.1,50,94850
20240201,12:04:17,662.1,100,94850
20240201,12:04:35,667.25,150,94850
20240201,12:05:16,684.55,100,94850
20240201,12:06:04,690.4,50,94900
20240201,12:07:50,722.4,200,94900
20240201,12:08:03,721.0,50,94900
20240201,12:10:47,715.9,1000,95100
20240201,12:10:55,720.1,100,95100
20240201,12:11:02,724.5,50,95100
20240201,12:11:42,729.7,200,95100
20240201,12:12:18,722.4,50,94200
20240201,12:14:25,705.7,50,94200
20240201,12:14:47,707.55,100,94200
20240201,12:15:41,699.3,50,94200
20240201,12:17:48,705.3,100,94200
20240201,12:18:23,704.3,100,94300
20240201,12:19:45,693.0,100,94300
20240201,12:23:02,671.5,50,94500
20240201,12:25:23,682.15,100,94550
20240201,12:28:13,685.05,50,94600
20240201,12:33:30,680.0,50,94650
20240201,12:36:49,692.0,100,94650
20240201,12:37:17,689.65,100,94650
20240201,12:37:47,698.0,200,94650
20240201,12:45:59,689.65,200,95050
20240201,12:47:25,695.65,50,95050
20240201,12:47:36,703.2,50,95050
20240201,12:50:01,722.9,50,95050
20240201,12:54:51,725.0,50,95100
20240201,12:55:20,720.55,50,95100
20240201,12:57:32,710.0,50,95100
20240201,13:02:06,695.0,50,95100
20240201,13:02:51,692.55,50,95100
20240201,13:04:07,696.2,100,95200
20240201,13:04:24,698.0,50,95200
20240201,13:05:20,694.45,50,95200
20240201,13:06:34,694.45,100,95400
20240201,13:15:26,693.55,50,95500
20240201,13:15:48,693.55,50,95500
20240201,13:21:00,680.0,300,95500
20240201,13:21:08,676.25,400,95500
20240201,13:26:00,670.55,50,96100
20240201,13:26:23,668.8,50,96100
20240201,13:27:48,658.45,150,96050
20240201,13:28:07,656.9,100,96050
20240201,13:29:18,652.95,50,96050
20240201,13:29:33,652.95,150,96050
20240201,13:30:17,655.5,50,96500
20240201,13:30:57,651.05,400,96500
20240201,13:31:00,651.05,50,96500
20240201,13:32:43,640.85,100,96500
20240201,13:35:15,638.0,50,96650
20240201,13:47:06,638.0,50,96650
20240201,13:49:33,653.4,50,96600
20240201,13:50:55,651.05,50,96600
20240201,13:50:57,651.0,50,96600
20240201,13:56:03,650.7,250,96650
20240201,14:01:11,650.7,50,96400
20240201,14:05:23,650.7,50,96450
20240201,14:05:54,645.0,50,96450
20240201,14:06:21,642.1,50,96500
20240201,14:08:47,659.95,100,96500
20240201,14:08:49,659.95,50,96500
20240201,14:09:29,654.1,50,96650
20240201,14:09:35,654.45,50,96650
20240201,14:13:56,665.0,50,96750
20240201,14:14:32,666.95,50,96750
20240201,14:15:56,650.0,50,96750
20240201,14:18:07,650.0,50,96750
20240201,14:19:50,654.95,50,96850
20240201,14:23:09,651.0,1250,96900
20240201,14:24:29,659.2,50,98100
20240201,14:25:59,657.1,50,98100
20240201,14:26:17,657.05,200,98100
20240201,14:29:37,665.1,50,98200
20240201,14:30:07,666.5,50,98200
20240201,14:31:35,658.0,50,98250
20240201,14:32:38,664.75,200,98250
20240201,14:34:23,659.05,50,98150
20240201,14:36:16,648.6,100,98100
20240201,14:36:43,655.0,50,98100
20240201,14:37:46,653.55,50,98100
20240201,14:41:15,643.85,3600,98100
20240201,14:41:16,645.55,4050,98300
20240201,14:41:31,642.9,700,98300
20240201,14:41:53,640.35,500,98300
20240201,14:47:40,650.0,100,107000
20240201,14:48:33,648.55,150,107100
20240201,14:49:32,648.55,50,107100
20240201,14:50:21,652.0,50,107100
20240201,14:50:56,654.6,1750,107100
20240201,14:51:45,654.35,50,109000
20240201,14:52:39,648.05,50,109000
20240201,14:53:07,647.4,100,109000
20240201,14:53:09,646.55,200,109000
20240201,14:53:10,646.3,3550,109000
20240201,14:53:12,647.75,650,109000
20240201,14:53:13,647.4,350,109000
20240201,14:53:15,647.35,1800,109000
20240201,14:53:27,647.3,3000,109000
20240201,14:53:28,647.3,250,109000
20240201,14:53:31,648.45,450,109000
20240201,14:53:33,648.8,500,109000
20240201,14:53:38,647.25,2000,109000
20240201,14:53:43,649.4,100,109000
20240201,14:53:46,651.2,50,109000
20240201,14:54:05,648.55,150,109000
20240201,14:54:07,651.15,100,109000
20240201,14:55:04,651.2,2000,122000
20240201,14:55:09,651.0,400,122000
20240201,14:55:18,654.1,50,122000
20240201,14:55:19,654.35,50,122000
20240201,14:57:05,655.9,1400,122000
20240201,14:57:10,654.3,100,122000
20240201,14:57:28,653.3,50,125850
20240201,14:58:04,654.1,50,125850
20240201,14:58:22,654.1,400,125850
20240201,14:58:29,655.1,50,125850
20240201,14:58:39,650.45,200,125850
20240201,14:58:40,652.95,100,125850
20240201,14:58:47,653.05,100,125850
20240201,15:00:38,638.65,50,126550
20240201,15:01:26,639.3,50,126550
20240201,15:02:22,635.3,50,126550
20240201,15:02:50,631.65,50,126550
20240201,15:03:11,619.65,50,126550
20240201,15:03:13,619.65,150,126550
20240201,15:04:01,634.8,100,126650
20240201,15:04:03,637.85,50,126650
20240201,15:04:08,637.0,50,126650
20240201,15:05:05,621.0,50,126650
20240201,15:07:12,622.8,50,126850
20240201,15:07:33,621.1,250,126850
20240201,15:08:03,619.1,350,126850
20240201,15:08:05,619.0,50,126850
20240201,15:08:06,618.8,100,126850
20240201,15:08:08,618.75,250,126850
20240201,15:09:12,618.75,100,126850
20240201,15:09:15,625.7,250,126850
20240201,15:10:47,632.25,50,126850
20240201,15:13:19,620.4,50,126600
20240201,15:13:51,620.4,50,126600
20240201,15:14:15,616.25,950,126600
20240201,15:15:55,604.8,50,126600
20240201,15:16:34,604.8,100,126600
20240201,15:16:54,616.25,100,126600
20240201,15:17:05,618.2,200,126600
20240201,15:17:17,620.3,200,126600
20240201,15:17:39,621.0,50,126600
20240201,15:17:57,620.4,50,126600
20240201,15:18:49,621.25,100,126650
20240201,15:19:30,624.0,50,126650
20240201,15:20:03,624.5,50,126650
20240201,15:20:29,622.7,50,126650
20240201,15:20:59,622.7,150,126650
20240201,15:21:11,622.45,50,126650
20240201,15:22:00,621.2,250,126700
20240201,15:22:21,621.1,250,126700
20240201,15:22:23,621.1,50,126700
20240201,15:23:17,621.2,50,126700
20240201,15:23:58,621.7,50,126700
20240201,15:24:02,623.35,50,126700
20240201,15:24:16,620.4,150,126700
20240201,15:25:44,620.4,100,127050
20240201,15:27:19,617.2,250,127150
20240201,15:28:41,618.15,100,127150
20240201,15:28:42,618.4,100,127150
20240201,15:29:09,616.7,50,127150
20240202,09:17:22,799.95,1,127000
20240202,09:17:22,800.0,150,127000
20240202,09:17:24,800.65,650,127000
20240202,09:18:16,799.65,100,127000
20240202,09:18:25,813.85,50,127000
20240202,09:18:28,813.85,200,127000
20240202,09:18:42,812.7,50,127000
20240202,09:18:50,819.65,50,127000
20240202,09:18:58,822.9,50,127000
20240202,09:19:12,825.8,300,127000
20240202,09:19:46,831.6,50,127000
20240202,09:20:30,850.0,50,126700
20240202,09:21:01,853.95,50,126700
20240202,09:21:02,853.95,50,126700
20240202,09:21:09,856.9,150,126700
20240202,09:21:19,861.65,100,126700
20240202,09:21:24,856.1,100,126700
20240202,09:21:28,851.15,50,126700
20240202,09:21:51,861.05,50,126700
20240202,09:22:41,867.0,300,126700
20240202,09:23:01,868.8,100,126700
20240202,09:23:11,868.0,50,126700
20240202,09:23:23,870.0,50,126600
20240202,09:24:54,881.3,50,126600
20240202,09:25:44,881.3,50,126600
20240202,09:26:03,873.6,50,126600
20240202,09:27:02,869.85,150,126550
20240202,09:27:13,876.9,250,126550
20240202,09:28:19,877.45,100,126550
20240202,09:28:32,878.35,50,126550
20240202,09:28:58,879.15,7900,126550
20240202,09:28:59,879.05,350,126550
20240202,09:29:00,879.55,400,126550
20240202,09:29:01,879.0,500,126550
20240202,09:29:02,877.65,650,126550
20240202,09:29:11,877.0,50,126550
20240202,09:30:13,870.0,50,126600
20240202,09:30:54,876.45,200,126600
20240202,09:31:01,878.4,100,126600
20240202,09:31:04,878.8,200,126600
20240202,09:31:09,878.9,100,126600
20240202,09:31:10,878.25,50,126600
20240202,09:31:11,877.85,100,126600
20240202,09:31:17,879.65,100,126600
20240202,09:31:36,878.25,50,126600
20240202,09:31:50,881.05,100,126600
20240202,09:31:56,877.2,50,126600
20240202,09:31:59,877.4,200,126600
20240202,09:32:11,876.15,100,126600
20240202,09:32:23,878.25,150,126550
20240202,09:32:31,880.2,50,126550
20240202,09:32:36,881.6,50,126550
20240202,09:33:01,890.3,50,126550
20240202,09:33:02,890.3,50,126550
20240202,09:33:07,887.25,250,126550
20240202,09:36:10,893.4,1200,126550
20240202,09:36:35,889.25,200,126550
20240202,09:36:47,885.2,200,126550
20240202,09:36:53,880.3,300,126550
20240202,09:36:56,878.5,250,126550
20240202,09:36:59,875.3,200,126550
20240202,09:37:00,875.1,50,126550
20240202,09:37:01,877.3,200,126550
20240202,09:37:16,873.95,100,126550
20240202,09:40:37,887.85,150,126650
20240202,09:41:13,894.7,50,126650
20240202,09:41:36,894.7,50,126650
20240202,09:42:41,895.4,100,126650
20240202,09:43:30,895.4,50,126650
20240202,09:44:50,896.7,50,126500
20240202,09:44:51,896.7,50,126500
20240202,09:44:52,896.0,50,126500
20240202,09:44:53,897.05,50,126500
20240202,09:44:55,897.05,100,126500
20240202,09:45:01,898.0,50,126500
20240202,10:06:01,916.0,50,126200
20240202,10:06:17,916.0,1800,126200
20240202,10:06:49,916.0,450,126200
20240202,10:06:49,910.25,100,126200
20240202,10:07:02,909.0,250,126200
20240202,10:07:03,909.0,500,126200
20240202,10:07:44,911.1,100,126200
20240202,10:10:26,921.25,50,126150
20240202,10:10:30,921.25,50,126150
20240202,10:10:58,917.35,50,126150
20240202,10:19:34,897.85,50,126050
20240202,10:20:15,904.6,50,126050
20240202,10:20:22,904.15,50,126100
20240202,10:24:14,908.0,50,126100
20240202,10:27:44,909.5,100,126050
20240202,10:31:11,912.9,50,126050
20240202,10:33:02,910.0,50,126000
20240202,10:39:33,899.6,150,126050
20240202,10:40:24,900.4,100,126050
20240202,10:41:23,893.45,50,126000
20240202,10:57:29,907.9,250,126000
20240202,10:58:20,914.0,50,126000
20240202,11:01:01,913.0,600,126000
20240202,11:05:43,927.85,150,126000
20240202,11:10:02,927.85,100,125950
20240202,11:13:38,935.0,150,125950
20240202,11:16:55,977.95,50,125950
20240202,11:18:05,996.3,50,125950
20240202,11:20:09,996.3,50,125950
20240202,11:21:26,991.0,50,125900
20240202,11:22:19,999.0,50,125900
20240202,11:23:02,1001.25,50,125900
20240202,11:23:04,1001.25,50,125900
20240202,11:23:26,998.1,250,125900
20240202,11:28:12,1001.4,250,126100
20240202,11:30:20,1001.4,50,125850
20240202,11:31:47,1010.15,50,125850
20240202,11:32:22,1010.85,50,125850
20240202,11:32:27,1010.85,100,125850
20240202,11:32:30,1007.25,100,125850
20240202,11:32:34,1006.85,550,125850
20240202,11:32:37,1004.75,300,125850
20240202,11:36:07,1018.95,50,125850
20240202,11:37:44,1025.0,100,125850
20240202,11:39:10,1038.05,50,125900
20240202,11:42:16,1055.0,50,125900
20240202,11:48:59,1055.0,550,125950
20240202,11:50:07,1009.75,50,125950
20240202,11:50:09,1007.7,50,125950
20240202,11:50:27,1017.5,200,125950
20240202,11:51:06,1012.5,350,125950
20240202,11:53:15,1011.3,50,125950
20240202,11:57:44,1029.2,50,125950
20240202,11:58:13,1035.5,50,125950
20240202,12:01:57,1045.0,150,125950
20240202,12:02:29,1049.85,50,125900
20240202,12:03:30,1040.0,50,125700
20240202,12:05:28,1036.65,50,125700
20240202,12:06:27,1026.7,50,125800
20240202,12:06:54,1025.0,50,125800
20240202,12:10:36,1013.0,50,125900
20240202,12:10:39,1015.0,250,125900
20240202,12:11:25,1017.1,550,125900
20240202,12:21:27,1000.85,50,126150
20240202,12:21:52,1000.95,50,126150
20240202,12:22:07,1005.0,100,126150
20240202,12:27:11,970.0,50,126200
20240202,12:28:32,950.0,50,126200
20240202,12:29:27,918.0,50,126200
20240202,12:29:28,918.0,1750,126200
20240202,12:29:30,920.0,100,126200
20240202,12:29:31,920.0,1700,126200
20240202,12:30:20,892.95,50,126200
20240202,12:31:14,870.0,50,126100
20240202,12:31:22,868.7,50,126100
20240202,12:31:54,848.3,100,126100
20240202,12:32:08,848.3,550,126100
20240202,12:33:15,846.35,50,126100
20240202,12:35:21,851.0,50,126050
20240202,12:35:42,835.0,50,126000
20240202,12:36:15,808.0,50,126000
20240202,12:39:05,843.7,50,126000
20240202,12:41:20,873.9,50,125900
20240202,12:41:31,865.0,50,125900
20240202,12:42:14,849.4,100,125850
20240202,12:42:21,844.6,100,125850
20240202,12:50:28,823.4,50,125650
20240202,12:50:42,823.9,100,125650
20240202,12:57:15,861.8,350,125550
20240202,12:58:13,861.0,50,125550
20240202,13:01:18,856.0,100,125500
20240202,13:06:20,851.6,50,125500
20240202,13:09:11,845.3,100,125500
20240202,13:09:36,840.6,50,125500
20240202,13:13:47,826.0,50,125600
20240202,13:15:23,805.55,50,125600
20240202,13:17:54,818.6,50,125600
20240202,13:18:19,815.0,50,125600
20240202,13:20:31,824.75,100,125600
20240202,13:22:02,805.05,200,125500
20240202,13:23:56,803.05,50,125700
20240202,13:24:09,804.8,150,125700
20240202,13:24:15,803.95,50,125700
20240202,13:24:54,792.05,150,125700
20240202,13:25:02,792.05,100,125700
20240202,13:25:54,780.0,50,125700
20240202,13:26:03,780.0,100,125700
20240202,13:26:28,796.5,50,125700
20240202,13:27:00,798.65,500,125550
20240202,13:27:04,796.25,200,125550
20240202,13:27:24,786.25,250,125550
20240202,13:31:57,790.5,150,125350
20240202,13:32:13,792.0,50,125350
20240202,13:33:43,793.6,150,125300
20240202,13:35:28,801.6,100,125300
20240202,13:37:04,809.6,50,125300
20240202,13:37:49,820.0,50,125300
20240202,13:41:59,811.0,50,125300
20240202,13:46:27,821.0,50,125300
20240202,13:47:21,822.0,50,125300
20240202,13:48:41,820.75,50,125300
20240202,14:02:31,842.75,1800,125300
20240202,14:02:39,840.75,1800,125300
20240202,14:03:22,837.75,600,125300
20240202,14:05:35,849.75,150,125300
20240202,14:13:01,851.05,50,125300
20240202,14:16:27,849.75,50,125300
20240202,14:39:33,846.95,50,125300
20240202,14:39:56,846.95,50,125300
20240202,14:40:35,842.8,50,125300
20240202,14:43:37,858.0,50,125300
20240202,14:53:28,826.25,50,125200
20240202,14:53:39,812.4,50,125200
20240202,14:53:58,807.75,1800,125200
20240202,14:54:27,821.75,1800,125200
20240202,14:55:30,804.0,450,125200
20240202,14:55:37,804.0,150,125200
20240202,14:57:30,783.45,100,125150
20240202,14:59:29,777.4,1700,125150
20240202,14:59:30,777.4,850,125150
20240202,14:59:32,775.05,400,125150
20240202,14:59:33,775.9,350,125150
20240202,14:59:34,775.55,1150,125150
20240202,14:59:36,775.45,1250,125150
20240202,14:59:44,781.3,350,125150
20240202,14:59:47,780.3,200,125150
20240202,14:59:53,784.75,200,125150
20240202,14:59:58,785.15,1950,125150
20240202,15:00:05,790.1,500,118800
20240202,15:00:07,793.25,50,118800
20240202,15:00:27,814.4,50,118800
20240202,15:00:58,799.85,50,118800
20240202,15:01:07,805.35,50,118800
20240202,15:01:45,799.45,100,118800
20240202,15:02:15,792.55,50,118800
20240202,15:02:23,787.2,400,118800
20240202,15:02:31,784.7,200,118800
20240202,15:02:33,779.25,200,118800
20240202,15:02:34,780.35,50,118800
20240202,15:02:35,777.35,400,118800
20240202,15:03:00,783.85,50,115350
20240202,15:03:25,775.0,50,115350
20240202,15:04:10,773.8,50,115350
20240202,15:05:27,773.8,50,115350
20240202,15:06:25,800.0,100,115350
20240202,15:07:03,803.85,50,115350
20240202,15:09:39,803.2,50,115450
20240202,15:10:07,806.2,100,115450
20240202,15:14:38,794.75,250,115400
20240202,15:14:39,794.0,50,115400
20240202,15:15:57,796.65,50,115400
20240202,15:18:59,785.6,50,115400
20240202,15:20:26,786.85,50,115400
20240202,15:24:04,785.2,50,115400
20240202,15:26:42,782.3,50,115450
20240202,15:27:09,786.15,50,115500
20240202,15:27:10,786.15,250,115500
20240202,15:27:16,789.15,50,115500
20240202,15:29:30,789.6,50,115500
20240202,15:29:31,785.95,50,115500
20240205,09:15:04,775.0,1,115400
20240205,09:15:04,775.05,1,115400
20240205,09:15:04,775.0,1900,115400
20240205,09:15:31,765.7,200,115400
20240205,09:25:53,765.7,1800,115400
20240205,09:29:10,804.7,50,117200
20240205,09:30:04,814.55,150,117200
20240205,09:32:52,778.95,50,117200
20240205,09:32:59,773.25,50,117200
20240205,09:33:02,774.2,50,117200
20240205,09:33:29,774.7,100,117200
20240205,09:33:56,783.15,100,117200
20240205,09:35:17,765.8,200,117100
20240205,09:43:03,817.75,100,116900
20240205,09:43:04,817.75,50,116900
20240205,09:48:16,825.5,150,116950
20240205,09:50:55,855.5,50,116950
20240205,10:01:59,870.0,150,116950
20240205,10:04:18,870.0,100,116900
20240205,10:05:16,825.35,750,116900
20240205,10:05:57,848.15,50,116900
20240205,10:10:21,857.25,200,116800
20240205,10:15:39,836.65,200,116600
20240205,10:18:31,774.2,100,116600
20240205,10:20:08,742.0,100,116500
20240205,10:21:25,739.9,100,116500
20240205,10:22:11,739.9,50,116500
20240205,10:23:26,754.4,150,116350
20240205,10:24:24,759.0,100,116350
20240205,10:26:26,770.25,100,116350
20240205,10:27:06,775.0,100,116350
20240205,10:31:04,763.95,50,116350
20240205,10:35:45,760.0,500,116350
20240205,10:37:39,779.2,50,115850
20240205,10:45:11,805.0,50,115850
20240205,10:48:22,808.4,100,115800
20240205,10:55:49,812.9,150,115750
20240205,11:03:04,813.0,50,115650
20240205,11:08:53,787.45,50,115650
20240205,11:30:50,814.0,50,115650
20240205,11:39:18,840.0,50,115650
20240205,11:40:47,840.0,250,115600
20240205,11:41:26,835.0,100,115600
20240205,11:41:48,834.3,50,115600
20240205,11:42:50,834.6,100,115600
20240205,11:43:41,834.9,50,115500
20240205,11:43:53,831.0,150,115500
20240205,11:46:04,821.0,100,115500
20240205,11:59:56,848.0,50,115500
20240205,11:59:58,845.0,100,115500
20240205,12:00:41,839.0,600,115500
20240205,12:00:57,834.0,600,115500
20240205,12:01:46,832.0,600,115500
20240205,12:03:42,828.0,600,114200
20240205,12:03:59,828.0,600,114200
20240205,12:05:06,819.0,150,112400
20240205,12:08:51,811.0,150,112400
20240205,12:20:03,845.9,50,112400
20240205,12:20:34,843.6,200,112400
20240205,12:25:02,842.45,50,112400
20240205,12:25:19,837.0,1800,112350
20240205,12:26:14,825.0,1800,110500
20240205,12:26:32,825.95,50,110500
20240205,12:28:47,823.4,300,108700
20240205,12:57:51,847.0,900,108450
20240205,13:12:44,855.0,50,108450
20240205,13:12:46,856.1,50,108450
20240205,13:12:59,855.25,50,108450
20240205,13:17:03,846.9,50,108450
20240205,13:29:17,821.0,50,108450
20240205,13:29:33,821.7,50,108450
20240205,13:29:36,821.3,50,108450
20240205,13:48:39,834.35,50,108400
20240205,13:49:39,840.0,50,108400
20240205,13:53:25,845.0,50,108350
20240205,14:03:30,843.9,50,108400
20240205,14:10:33,799.65,50,108400
20240205,14:10:42,787.0,500,108400
20240205,14:10:45,784.0,50,108400
20240205,14:11:12,782.0,50,107950
20240205,14:11:38,777.2,50,107950
20240205,14:14:24,815.35,50,107900
20240205,14:14:25,815.0,50,107900
20240205,14:19:13,825.3,100,107900
20240205,14:22:23,806.0,1600,107800
20240205,14:24:02,804.55,50,106200
20240205,14:25:37,792.05,50,106200
20240205,14:28:31,782.55,50,106200
20240205,14:31:47,780.55,50,106150
20240205,14:31:51,779.7,50,106150
20240205,14:31:58,775.0,50,106150
20240205,14:32:17,767.1,250,106150
20240205,14:33:44,759.4,50,106150
20240205,14:34:35,746.4,250,106150
20240205,14:35:43,723.7,250,105900
20240205,14:35:58,728.2,1700,105900
20240205,14:39:28,691.75,100,103950
20240205,14:41:21,691.75,100,103950
20240205,14:42:25,668.9,100,103950
20240205,14:42:36,660.9,50,103950
20240205,14:42:39,660.05,50,103950
20240205,14:43:06,656.6,100,103950
20240205,14:43:09,654.35,50,103950
20240205,14:43:11,654.35,50,103950
20240205,14:43:13,651.45,50,103950
20240205,14:43:26,642.5,150,103950
20240205,14:43:33,642.5,100,103950
20240205,14:43:34,647.5,50,103950
20240205,14:44:15,637.5,150,103950
20240205,14:44:23,637.5,100,103550
20240205,14:44:28,650.8,200,103550
20240205,14:44:31,652.55,50,103550
20240205,14:44:33,653.7,100,103550
20240205,14:44:34,663.95,50,103550
20240205,14:44:44,661.7,100,103550
20240205,14:45:01,647.55,50,103550
20240205,14:45:10,633.9,250,103550
20240205,14:45:28,628.35,50,103550
20240205,14:45:30,625.8,50,103550
20240205,14:45:35,619.35,100,103550
20240205,14:46:09,616.8,150,103550
20240205,14:46:10,614.4,150,103550
20240205,14:46:11,612.0,150,103550
20240205,14:46:16,612.0,100,103550
20240205,14:46:48,616.6,50,103550
20240205,14:47:01,610.8,150,103550
20240205,14:47:08,610.8,150,102650
20240205,14:47:11,614.65,50,102650
20240205,14:47:22,630.85,450,102650
20240205,14:47:33,630.7,50,102650
20240205,14:47:45,640.0,100,102650
20240205,14:49:16,643.3,50,102650
20240205,14:49:20,645.3,50,102650
20240205,14:49:33,648.65,50,102650
20240205,14:49:58,643.75,50,102500
20240205,14:50:16,657.9,50,102500
20240205,14:50:33,645.4,50,102500
20240205,14:50:44,639.05,50,102500
20240205,14:50:53,630.85,50,102500
20240205,14:51:01,634.15,150,102500
20240205,14:51:03,636.25,150,102500
20240205,14:51:12,634.6,150,102500
20240205,14:51:17,629.05,50,102500
20240205,14:51:28,633.75,150,102500
20240205,14:51:40,627.45,50,102500
20240205,14:51:43,626.25,150,102500
20240205,14:51:46,629.15,1800,102500
20240205,14:51:56,633.35,50,102500
20240205,14:52:05,634.6,50,102500
20240205,14:52:07,635.0,150,102500
20240205,14:52:38,643.75,150,102500
20240205,14:53:28,644.5,1200,101900
20240205,14:55:09,650.8,50,101900
20240205,14:55:38,633.15,50,101900
20240205,14:56:35,633.15,50,101900
20240205,14:56:55,613.2,150,103000
20240205,15:00:02,613.2,50,102950
20240205,15:00:17,622.8,150,102950
20240205,15:00:20,629.2,50,102950
20240205,15:00:56,619.9,50,102950
20240205,15:02:24,621.0,100,102850
20240205,15:02:28,619.9,100,102850
20240205,15:03:28,635.2,50,102850
20240205,15:04:06,645.0,150,102850
20240205,15:06:24,660.1,50,102700
20240205,15:06:33,660.1,50,102700
20240205,15:09:40,691.05,50,102600
20240205,15:09:43,687.8,50,102600
20240205,15:10:19,689.95,100,102600
20240205,15:11:22,659.15,50,102400
20240205,15:11:58,661.15,50,102400
20240205,15:14:33,644.2,50,102350
20240205,15:15:38,634.2,50,102350
20240205,15:16:15,632.85,50,102350
20240205,15:17:36,650.3,50,102300
20240205,15:18:26,641.0,1200,102300
20240205,15:18:38,633.5,100,102300
20240205,15:20:50,640.7,50,101100
20240205,15:24:03,643.75,150,101100
20240205,15:24:30,640.0,150,101100
20240205,15:25:08,643.7,50,101100
20240205,15:25:09,643.85,100,101100
20240205,15:25:57,643.85,50,101100
20240205,15:27:00,642.15,200,101050
20240205,15:27:25,642.4,300,101050
20240205,15:27:42,642.1,50,101050
20240205,15:27:43,642.25,350,101050
20240205,15:28:56,638.75,50,101050
20240205,15:29:06,639.1,50,100500
20240205,15:29:22,638.8,50,100500
20240206,09:15:46,694.35,1,100500
20240206,09:15:46,694.35,50,100500
20240206,09:15:47,677.5,150,100500
20240206,09:15:55,677.85,50,100500
20240206,09:16:06,687.5,50,100500
20240206,09:16:07,692.6,50,100500
20240206,09:16:09,692.7,100,100500
20240206,09:16:25,689.55,50,100350
20240206,09:16:46,673.5,50,100350
20240206,09:17:25,668.2,50,100350
20240206,09:17:26,666.2,50,100350
20240206,09:17:49,661.9,100,100350
20240206,09:17:53,661.8,50,100350
20240206,09:19:03,660.0,100,100350
20240206,09:19:31,660.0,50,100250
20240206,09:19:38,667.85,50,100250
20240206,09:20:09,658.35,100,100250
20240206,09:20:52,641.35,50,100250
20240206,09:23:24,641.35,100,100050
20240206,09:23:28,673.5,50,100050
20240206,09:25:10,678.35,50,100050
20240206,09:26:10,685.55,50,99950
20240206,09:28:34,684.0,250,99950
20240206,09:31:54,692.4,150,99950
20240206,09:33:32,703.15,100,99950
20240206,09:33:55,703.15,50,99950
20240206,09:34:20,692.85,50,99950
20240206,09:34:40,693.4,50,99750
20240206,09:35:08,705.5,250,99750
20240206,09:35:56,700.0,150,99750
20240206,09:36:59,700.0,50,99750
20240206,09:37:32,700.0,100,99750
20240206,09:38:07,716.7,500,99750
20240206,09:40:38,725.0,50,99750
20240206,09:41:51,725.0,50,99750
20240206,09:42:09,714.9,100,99750
20240206,09:43:01,710.0,100,99750
20240206,09:44:30,716.9,250,99750
20240206,09:45:28,718.0,50,99750
20240206,09:46:20,722.9,350,99750
20240206,09:46:58,715.0,50,99750
20240206,09:48:23,722.7,750,99750
20240206,09:49:26,725.75,100,99750
20240206,09:49:27,726.05,50,99750
20240206,09:51:26,744.05,100,99500
20240206,09:57:20,744.05,100,99550
20240206,10:02:52,750.0,100,99550
20240206,10:03:17,759.85,50,99550
20240206,10:04:35,759.85,100,99550
20240206,10:13:27,750.0,50,99500
20240206,10:16:11,744.65,50,99500
20240206,10:17:10,736.4,50,99450
20240206,10:20:05,731.7,50,99400
20240206,10:25:33,717.0,50,99400
20240206,10:25:53,710.45,50,99400
20240206,10:26:49,710.45,50,99400
20240206,10:30:31,678.2,100,99400
20240206,10:30:45,676.4,100,99400
20240206,10:33:16,670.4,50,99300
20240206,10:33:18,670.65,50,99300
20240206,10:33:39,673.55,100,99300
20240206,10:36:16,691.65,50,99300
20240206,10:37:03,693.1,50,99300
20240206,10:41:07,699.05,150,99300
20240206,10:41:26,690.15,350,99300
20240206,10:45:09,715.0,50,99550
20240206,10:46:06,710.1,50,99550
20240206,10:47:01,710.1,50,99500
20240206,10:47:21,705.1,50,99500
20240206,10:49:27,708.1,50,99500
20240206,10:51:25,715.0,50,99350
20240206,10:56:17,722.65,100,99350
20240206,10:59:47,745.0,50,99350
20240206,11:00:27,750.0,150,99350
20240206,11:06:27,736.35,50,99400
20240206,11:07:07,730.35,50,99400
20240206,11:16:26,750.05,550,99350
20240206,11:20:09,740.0,50,99300
20240206,11:25:16,743.0,50,99350
20240206,11:33:17,775.0,50,99350
20240206,11:34:02,777.85,50,99300
20240206,11:36:05,787.85,50,99300
20240206,11:36:26,787.85,50,99300
20240206,11:39:07,789.35,50,99300
20240206,11:50:06,789.35,50,99300
20240206,11:59:45,800.0,150,99250
20240206,12:04:17,800.0,50,99250
20240206,12:06:15,789.9,50,99250
20240206,12:06:57,780.1,50,99250
20240206,12:10:23,795.0,50,99250
20240206,12:10:55,799.8,50,99200
20240206,12:11:36,805.0,100,99200
20240206,12:15:02,805.0,50,99150
20240206,12:15:11,810.0,50,99150
20240206,12:24:48,810.0,50,99250
20240206,12:32:23,800.0,100,99200
20240206,12:33:34,804.9,50,99200
20240206,12:38:54,815.0,50,99150
20240206,12:39:54,820.0,50,99150
20240206,12:41:59,820.0,50,99250
20240206,12:46:27,825.0,100,99250
20240206,12:49:35,825.0,50,99250
20240206,12:50:59,808.5,50,99150
20240206,12:53:35,790.1,50,99150
20240206,13:00:47,795.2,50,99100
20240206,13:07:18,809.9,50,99100
20240206,13:09:41,813.4,50,99150
20240206,13:14:39,813.4,50,99150
20240206,13:24:38,817.25,50,99200
20240206,13:28:39,828.7,50,99200
20240206,13:30:14,829.0,50,99150
20240206,13:31:21,840.0,50,99150
20240206,13:36:09,840.0,50,99200
20240206,13:37:01,795.1,50,99200
20240206,13:38:37,799.05,50,99150
20240206,13:39:14,799.05,50,99150
20240206,13:39:19,795.1,50,99150
20240206,13:41:23,811.0,50,99050
20240206,13:42:15,819.9,50,99050
20240206,13:46:07,825.0,50,99100
20240206,13:51:01,823.6,50,99100
20240206,13:57:51,827.65,50,99050
20240206,13:59:13,827.65,50,99050
20240206,14:04:43,845.0,50,99100
20240206,14:05:22,847.1,50,99100
20240206,14:09:01,847.1,100,99100
20240206,14:09:48,829.75,50,99100
20240206,14:13:44,805.1,50,99100
20240206,14:14:44,829.9,50,99050
20240206,14:20:54,819.05,200,99100
20240206,14:21:09,821.5,1000,99100
20240206,14:21:25,821.7,1000,99100
20240206,14:24:10,821.7,100,99000
20240206,14:42:29,846.45,50,98900
20240206,14:43:05,849.8,50,98900
20240206,14:49:32,849.8,50,98900
20240206,14:51:14,810.1,50,98850
20240206,14:52:10,818.05,50,98850
20240206,14:54:08,801.1,100,98850
20240206,14:56:27,809.5,50,98650
20240206,14:59:05,809.9,50,98650
20240206,15:00:24,813.15,50,98600
20240206,15:00:39,820.25,250,98600
20240206,15:00:59,819.0,50,98600
20240206,15:09:16,826.35,50,98800
20240206,15:19:01,811.0,50,98750
20240206,15:24:09,843.0,50,98800
20240206,15:24:45,848.35,50,98800
20240206,15:25:11,844.8,50,98800
20240206,15:25:30,847.45,250,98800
20240206,15:26:58,846.0,50,98450
20240206,15:27:50,851.8,50,98450
20240206,15:28:16,852.0,50,98450
20240206,15:28:43,852.0,100,98450
20240207,09:28:36,901.0,1,98400
20240207,09:28:36,901.0,50,98400
20240207,09:38:42,934.3,50,98400
20240207,09:39:53,939.05,50,98400
20240207,09:40:26,939.05,50,98400
20240207,09:42:56,902.45,50,98400
20240207,09:47:12,885.3,50,98350
20240207,09:49:49,885.3,50,98350
20240207,09:52:09,900.5,250,98350
20240207,09:58:03,909.0,50,98350
20240207,10:00:39,910.95,500,98300
20240207,10:02:13,908.05,50,98300
20240207,10:06:36,889.25,50,98250
20240207,10:08:36,897.45,50,98250
20240207,10:09:06,903.25,50,98200
20240207,10:11:19,904.0,50,98200
20240207,10:12:24,909.5,50,98100
20240207,10:13:37,910.7,50,98000
20240207,10:14:48,905.0,150,98000
20240207,10:15:09,914.3,50,98000
20240207,10:17:51,915.75,50,97900
20240207,10:18:10,922.85,50,97900
20240207,10:21:36,915.0,50,97800
20240207,10:27:57,906.45,150,97750
20240207,10:35:51,897.8,50,97600
20240207,10:41:11,869.2,250,97550
20240207,10:41:14,869.2,250,97550
20240207,10:44:03,853.15,50,97550
20240207,10:44:17,853.15,50,97550
20240207,10:44:31,854.35,500,97550
20240207,10:45:07,860.1,50,97550
20240207,10:45:21,860.2,50,97550
20240207,10:45:43,868.65,100,97550
20240207,10:45:52,875.75,50,97550
20240207,10:50:08,876.1,900,97450
20240207,10:51:00,876.0,100,97450
20240207,11:03:23,859.2,50,97450
20240207,11:03:51,859.2,50,97450
20240207,11:06:02,840.0,50,97450
20240207,11:08:07,840.0,50,97400
20240207,11:08:39,840.0,50,97400
20240207,11:25:05,836.0,50,97300
20240207,11:29:19,828.35,50,97250
20240207,11:32:18,800.35,50,97200
20240207,11:35:57,799.25,50,97200
20240207,11:36:27,792.4,100,97200
20240207,11:42:44,773.9,250,97150
20240207,11:45:14,770.15,50,97150
20240207,11:49:13,770.15,250,97200
20240207,11:49:22,789.2,50,97200
20240207,11:51:46,784.95,50,97150
20240207,11:55:43,760.5,50,97100
20240207,11:58:32,741.25,100,97100
20240207,11:59:57,741.25,150,97050
20240207,12:00:01,749.25,150,97050
20240207,12:01:06,758.85,150,97050
20240207,12:02:41,761.65,150,96650
20240207,12:02:47,757.0,200,96650
20240207,12:03:56,765.4,150,96650
20240207,12:04:22,770.85,150,96650
20240207,12:04:44,770.0,150,96650
20240207,12:04:49,767.8,50,96650
20240207,12:05:05,773.55,150,96350
20240207,12:05:19,767.05,100,96350
20240207,12:06:43,766.0,150,96350
20240207,12:06:49,765.0,150,96350
20240207,12:08:15,774.3,1050,95950
20240207,12:08:18,772.0,150,95950
20240207,12:08:55,779.0,150,95950
20240207,12:09:07,777.5,150,95950
20240207,12:09:19,772.55,50,95950
20240207,12:12:00,778.6,150,94400
20240207,12:12:10,775.8,950,94400
20240207,12:13:05,762.0,500,94400
20240207,12:19:21,775.05,1100,92800
20240207,12:19:45,775.4,150,92800
20240207,12:19:51,773.75,100,92800
20240207,12:20:01,775.2,150,91550
20240207,12:20:46,773.45,150,91550
20240207,12:21:04,776.4,150,91550
20240207,12:21:08,773.0,50,91550
20240207,12:24:01,765.6,250,91050
20240207,12:25:21,762.15,250,91050
20240207,12:25:48,764.1,250,91050
20240207,12:30:39,771.65,750,90300
20240207,12:38:57,778.1,50,89550
20240207,12:41:44,781.3,250,89550
20240207,12:42:52,773.6,300,89550
20240207,12:47:50,766.6,850,89000
20240207,12:51:05,760.75,250,88150
20240207,12:52:21,773.0,500,88150
20240207,12:59:41,771.15,350,87400
20240207,13:02:28,769.5,200,87400
20240207,13:03:00,768.7,200,87050
20240207,13:06:06,775.55,50,86650
20240207,13:12:01,782.0,100,86600
20240207,13:12:42,790.0,100,86600
20240207,13:14:46,779.05,250,86600
20240207,13:38:57,809.15,100,86350
20240207,13:40:11,824.8,50,86350
20240207,14:02:10,840.95,50,86250
20240207,14:02:24,837.05,50,86250
20240207,14:05:56,837.25,50,86200
20240207,14:06:24,841.25,50,86200
20240207,14:07:27,842.0,250,86200
20240207,14:08:43,860.0,100,85850
20240207,14:15:03,873.0,50,85750
20240207,14:16:24,860.0,50,85750
20240207,14:23:54,872.15,50,85650
20240207,14:24:56,879.5,100,85650
20240207,14:25:27,883.3,50,85650
20240207,14:29:25,862.8,50,85500
20240207,14:30:00,860.0,50,85500
20240207,14:30:02,863.05,50,85500
20240207,14:38:48,830.65,50,85500
20240207,14:40:01,828.1,50,85500
20240207,14:42:19,835.0,50,85550
20240207,14:43:14,846.15,50,85550
20240207,14:51:16,840.0,100,85500
20240207,15:03:01,834.6,100,85400
20240207,15:09:00,834.45,50,85400
20240207,15:12:48,838.8,50,85350
20240207,15:16:24,849.0,700,85350
20240207,15:23:27,853.0,50,85250
20240207,15:23:28,852.85,50,85250
20240207,15:25:18,859.85,50,85250
20240207,15:28:21,876.7,50,85350
20240208,09:15:29,877.45,1,85400
20240208,09:15:29,877.45,50,85400
20240208,09:15:35,895.15,50,85400
20240208,09:16:24,902.2,200,85400
20240208,09:17:58,900.0,50,85400
20240208,09:18:58,900.0,50,85300
20240208,09:19:05,903.0,50,85300
20240208,09:19:29,903.0,50,85300
20240208,09:19:46,901.45,50,85250
20240208,09:21:52,920.0,100,85250
20240208,09:25:41,920.0,50,85250
20240208,09:40:20,877.3,50,85250
20240208,09:40:22,877.3,50,85250
20240208,09:40:30,879.75,750,85250
20240208,09:42:01,874.2,50,85300
20240208,09:42:03,870.0,100,85300
20240208,09:46:29,860.0,100,85150
20240208,09:46:30,856.85,50,85150
20240208,09:46:35,851.75,50,85150
20240208,09:48:52,851.75,1000,85050
20240208,09:54:00,861.2,500,84050
20240208,09:54:00,862.15,200,84050
20240208,09:54:01,860.1,1000,84050
20240208,09:54:02,860.75,3600,84050
20240208,09:54:03,862.45,700,84050
20240208,09:54:38,857.85,200,84050
20240208,09:54:43,857.4,1000,84050
20240208,09:54:45,857.35,1000,84050
20240208,09:54:52,858.35,1000,84050
20240208,09:54:57,857.35,1000,84050
20240208,09:54:58,857.0,100,84050
20240208,09:55:11,855.05,1000,84050
20240208,09:55:15,854.0,50,84050
20240208,09:55:16,855.5,900,84050
20240208,09:57:07,861.5,50,83900
20240208,09:57:31,858.3,50,83900
20240208,10:00:02,848.65,50,83900
20240208,10:00:44,848.65,100,83800
20240208,10:00:45,867.7,50,83800
20240208,10:00:46,866.2,50,83800
20240208,10:01:39,860.0,1000,83800
20240208,10:03:54,864.0,1000,83750
20240208,10:05:00,888.6,150,83750
20240208,10:05:01,891.25,50,81750
20240208,10:05:08,891.2,100,81750
20240208,10:05:11,884.7,50,81750
20240208,10:05:23,887.1,50,81750
20240208,10:05:37,866.75,50,81750
20240208,10:06:08,863.65,500,81750
20240208,10:06:15,858.1,50,81750
20240208,10:08:01,858.0,100,81800
20240208,10:08:37,850.0,100,81800
20240208,10:09:18,829.85,100,81800
20240208,10:09:21,824.8,3600,81800
20240208,10:09:22,822.05,1800,81800
20240208,10:09:23,820.1,2100,81800
20240208,10:10:08,799.65,50,81800
20240208,10:10:18,799.65,150,81800
20240208,10:11:06,810.0,1600,74000
20240208,10:11:30,812.35,500,74000
20240208,10:13:45,822.35,150,72500
20240208,10:15:35,784.9,100,72500
20240208,10:15:45,784.9,50,72500
20240208,10:15:48,783.55,50,72500
20240208,10:16:07,777.7,50,72500
20240208,10:16:47,777.7,50,72500
20240208,10:16:49,777.7,100,72500
20240208,10:16:56,773.95,100,72500
20240208,10:16:59,772.25,100,72500
20240208,10:17:09,772.25,50,72500
20240208,10:17:46,782.05,50,72500
20240208,10:18:38,780.0,150,72500
20240208,10:18:51,780.0,50,72500
20240208,10:18:58,777.0,50,72500
20240208,10:19:04,781.25,50,72500
20240208,10:20:17,793.1,1000,72000
20240208,10:25:27,810.95,200,71000
20240208,10:26:15,816.85,50,70800
20240208,10:27:08,831.65,50,70800
20240208,10:27:30,846.8,50,70800
20240208,10:27:37,845.6,50,70800
20240208,10:27:39,843.5,50,70800
20240208,10:27:44,843.5,50,70800
20240208,10:27:52,850.0,100,70800
20240208,10:28:58,845.4,50,70800
20240208,10:29:50,845.15,200,70800
20240208,10:31:02,844.45,50,70800
20240208,10:31:36,853.3,50,70800
20240208,10:31:49,855.2,50,70600
20240208,10:32:22,854.35,100,70600
20240208,10:33:19,845.55,50,70600
20240208,10:34:46,848.55,200,70600
20240208,10:36:45,839.85,100,70500
20240208,10:37:26,839.7,200,70500
20240208,10:38:01,833.0,900,70000
20240208,10:38:05,833.35,100,70000
20240208,10:38:11,839.85,650,70000
20240208,10:38:13,841.35,150,70000
20240208,10:38:31,843.1,100,70000
20240208,10:39:10,839.0,50,70000
20240208,10:39:32,842.45,100,70000
20240208,10:39:36,843.3,1600,70000
20240208,10:39:41,842.15,100,70000
20240208,10:39:44,845.85,100,70000
20240208,10:39:45,846.7,50,70000
20240208,10:40:07,844.05,100,70000
20240208,10:40:15,841.3,150,70000
20240208,10:40:37,838.85,150,70000
20240208,10:41:28,812.1,150,67150
20240208,10:41:32,800.05,950,67150
20240208,10:41:34,787.1,50,67150
20240208,10:41:39,793.35,100,67150
20240208,10:41:47,783.2,250,67150
20240208,10:41:54,788.95,50,67150
20240208,10:42:00,792.5,150,67150
20240208,10:42:02,778.3,50,67150
20240208,10:42:08,773.15,50,67150
20240208,10:42:33,776.5,50,67150
20240208,10:42:43,777.2,150,67150
20240208,10:42:44,776.55,50,67150
20240208,10:42:47,773.9,50,67150
20240208,10:42:55,781.9,100,67150
20240208,10:43:22,765.65,300,67150
20240208,10:43:24,761.9,50,67150
20240208,10:44:29,761.9,500,66150
20240208,10:46:10,769.6,50,66150
20240208,10:47:14,770.7,50,66150
20240208,10:47:19,768.75,50,66150
20240208,10:48:35,767.9,50,66150
20240208,10:49:31,767.9,50,66150
20240208,10:49:35,767.6,450,66150
20240208,10:51:11,783.85,200,66050
20240208,10:52:20,768.0,50,66050
20240208,10:52:49,766.1,200,66050
20240208,10:56:42,768.75,50,66050
20240208,10:57:22,758.95,150,65950
20240208,10:57:54,735.9,500,65950
20240208,10:58:00,730.6,50,65950
20240208,10:58:01,729.4,50,65950
20240208,10:58:36,729.4,50,65950
20240208,10:59:39,717.6,150,65900
20240208,10:59:45,717.6,50,65900
20240208,11:00:20,705.2,150,65900
20240208,11:00:25,702.15,100,65900
20240208,11:00:26,702.15,100,65900
20240208,11:00:43,709.45,150,65900
20240208,11:00:57,714.95,50,65900
20240208,11:01:09,708.9,100,65900
20240208,11:02:08,697.0,50,65900
20240208,11:02:45,683.85,100,65900
20240208,11:02:52,677.35,100,65900
20240208,11:03:09,666.15,50,65900
20240208,11:03:10,664.1,3400,65900
20240208,11:03:22,674.1,100,65900
20240208,11:03:23,673.55,100,65900
20240208,11:03:34,671.05,150,65900
20240208,11:03:38,669.45,100,65900
20240208,11:03:42,669.15,100,65900
20240208,11:03:47,662.95,50,65900
20240208,11:03:52,661.9,50,65900
20240208,11:03:53,661.9,150,65900
20240208,11:03:58,652.4,100,65900
20240208,11:04:04,650.3,200,65900
20240208,11:04:16,632.95,50,65900
20240208,11:04:23,627.6,150,65900
20240208,11:04:29,624.55,200,65900
20240208,11:04:40,605.0,2000,65900
20240208,11:04:51,622.0,300,65900
20240208,11:04:53,630.0,50,60900
20240208,11:04:55,629.2,350,60900
20240208,11:04:56,627.25,100,60900
20240208,11:04:57,627.25,250,60900
20240208,11:05:02,632.5,250,60900
20240208,11:05:03,631.5,100,60900
20240208,11:05:24,613.4,150,60900
20240208,11:05:26,607.0,50,60900
20240208,11:05:33,598.95,50,60900
20240208,11:05:34,598.4,50,60900
20240208,11:05:36,598.4,50,60900
20240208,11:05:39,608.65,50,60900
20240208,11:05:41,607.85,50,60900
20240208,11:05:57,622.25,100,60900
20240208,11:06:02,614.9,50,60900
20240208,11:06:06,618.35,150,60900
20240208,11:06:09,623.85,100,60900
20240208,11:06:16,628.6,150,60900
20240208,11:06:34,630.3,150,60900
20240208,11:06:44,631.9,150,60900
20240208,11:07:05,617.1,150,60900
20240208,11:07:07,616.0,200,60900
20240208,11:07:18,616.9,50,60900
20240208,11:07:25,613.75,150,60900
20240208,11:07:46,617.75,50,60900
