date,time,tick_price,volume,open_interest
20240223,09:32:38,0.6,300,300
20240223,09:34:09,0.9,300,300
20240223,09:34:47,0.9,300,300
20240223,09:34:54,1.05,1800,300
20240223,09:34:54,1.05,250,300
20240223,09:34:57,0.85,50,300
20240223,09:35:16,0.85,50,300
20240223,09:35:17,0.85,1000,300
20240223,09:35:20,0.9,1800,300
20240223,09:36:57,0.9,50,4200
20240223,09:38:28,0.85,150,4200
20240223,09:38:59,0.9,1000,4200
20240223,09:39:49,0.95,50,5300
20240223,09:40:29,1.0,150,5300
20240223,09:42:12,0.95,100,5300
20240223,09:42:13,0.9,50,5300
20240223,09:44:23,0.95,650,5300
20240223,09:44:24,0.95,600,5550
20240223,09:44:26,1.0,300,5550
20240223,09:45:09,1.0,600,5550
20240223,09:47:06,1.05,50,5550
20240223,09:47:36,1.05,100,7050
20240223,09:48:02,0.95,200,7050
20240223,09:49:06,1.1,2050,7200
20240223,09:49:07,1.1,1950,7200
20240223,09:49:56,1.1,100,7200
20240223,09:50:44,1.05,50,7200
20240223,09:50:51,1.1,500,7200
20240223,09:52:41,1.1,1500,10750
20240223,09:52:42,1.1,150,10750
20240223,09:52:45,1.1,250,10750
20240223,09:52:50,1.1,150,10750
20240223,09:54:14,1.05,50,10750
20240223,09:54:15,1.05,50,10750
20240223,09:54:16,1.05,50,10750
20240223,09:54:38,1.0,100,10750
20240223,09:55:50,1.0,100,10750
20240223,09:55:56,1.0,50,12800
20240223,09:57:32,1.3,1000,12800
20240223,09:57:40,1.3,200,12800
20240223,09:57:48,1.1,100,12800
20240223,09:57:59,1.2,300,12800
20240223,10:01:01,1.2,700,13650
20240223,10:02:18,1.15,2500,13650
20240223,10:02:30,1.1,400,13650
20240223,10:02:49,1.05,400,13650
20240223,10:02:52,1.05,50,13650
20240223,10:04:29,1.05,250,16650
20240223,10:04:38,1.05,100,16650
20240223,10:04:40,1.05,550,16650
20240223,10:04:40,1.05,100,16650
20240223,10:06:10,1.1,2250,16650
20240223,10:06:10,1.15,1300,16650
20240223,10:06:11,1.1,400,16650
20240223,10:06:22,1.05,100,16650
20240223,10:07:11,1.15,1800,20400
20240223,10:08:15,1.1,50,20400
20240223,10:10:16,1.1,50,22000
20240223,10:11:01,1.1,50,22000
20240223,10:11:38,1.0,19050,22000
20240223,10:11:39,1.0,100,22000
20240223,10:11:40,1.0,50,22000
20240223,10:11:49,0.95,300,22000
20240223,10:11:52,1.0,50,22000
20240223,10:12:15,0.95,50,22000
20240223,10:12:19,1.0,50,22000
20240223,10:12:41,1.0,500,22000
20240223,10:12:49,1.0,50,22000
20240223,10:13:43,1.0,200,31050
20240223,10:14:58,1.0,250,31050
20240223,10:15:10,1.0,1200,31050
20240223,10:15:21,1.05,250,31050
20240223,10:15:22,1.05,2850,31050
20240223,10:15:23,1.05,100,31050
20240223,10:15:33,1.05,50,31050
20240223,10:15:35,1.05,100,31050
20240223,10:15:58,1.05,50,31050
20240223,10:17:46,1.1,200,27950
20240223,10:17:55,1.1,300,27950
20240223,10:19:06,1.1,650,27950
20240223,10:19:13,1.1,50,27550
20240223,10:19:36,1.05,100,27550
20240223,10:20:07,1.0,8150,27550
20240223,10:20:14,1.0,3600,27550
20240223,10:20:15,1.0,1800,27550
20240223,10:20:16,1.0,1800,27550
20240223,10:20:17,1.0,2800,27550
20240223,10:20:18,1.0,1800,27550
20240223,10:20:19,1.0,50,27550
20240223,10:20:40,0.95,50,27550
20240223,10:20:54,1.0,100,27550
20240223,10:20:55,0.95,50,27550
20240223,10:21:22,1.0,50,27550
20240223,10:23:11,1.0,1000,43500
20240223,10:23:32,1.0,50,43500
20240223,10:23:35,1.0,1500,43500
20240223,10:23:49,1.0,100,43500
20240223,10:27:39,0.9,650,42700
20240223,10:28:12,0.95,50,42700
20240223,10:28:19,0.95,50,42150
20240223,10:28:26,0.95,250,42150
20240223,10:31:42,0.9,1000,42150
20240223,10:31:44,0.9,2250,41800
20240223,10:31:45,0.9,50,41800
20240223,10:31:56,0.85,1450,41800
20240223,10:31:57,0.8,1800,41800
20240223,10:32:02,0.9,50,41800
20240223,10:34:11,0.85,50,41800
20240223,10:34:12,0.85,50,43500
20240223,10:35:09,0.9,100,43500
20240223,10:36:20,0.85,50,43500
20240223,10:39:27,0.9,450,43550
20240223,10:44:14,0.9,450,43550
20240223,10:44:41,0.85,50,43550
20240223,10:44:42,0.85,50,43550
20240223,10:46:01,0.85,1500,43550
20240223,10:51:08,0.85,550,43100
20240223,10:51:39,0.85,100,43100
20240223,11:01:42,0.9,50,43100
20240223,11:05:57,0.9,500,43100
20240223,11:06:02,0.95,150,43100
20240223,11:06:25,0.95,250,43100
20240223,11:06:26,1.0,2050,43100
20240223,11:06:58,1.0,150,43100
20240223,11:06:59,1.05,3850,43100
20240223,11:07:39,0.95,200,43100
20240223,11:08:00,0.95,1800,44600
20240223,11:08:05,0.95,1800,44600
20240223,11:09:14,1.0,750,44600
20240223,11:09:26,1.0,50,44600
20240223,11:14:26,0.9,50,44600
20240223,11:18:07,0.9,150,44550
20240223,11:24:15,1.0,50,44550
20240223,11:25:46,1.05,400,44550
20240223,11:28:51,0.9,400,44850
20240223,11:34:39,0.95,50,44500
20240223,11:44:48,0.95,350,44500
20240223,11:56:15,0.9,50,44250
20240223,11:57:00,0.95,50,44250
20240223,12:00:32,0.95,100,44250
20240223,12:04:45,0.95,400,44200
20240223,12:06:05,0.95,50,44200
20240223,12:07:42,0.9,250,44200
20240223,12:19:41,0.95,100,44100
20240223,12:31:24,0.9,450,44100
20240223,12:31:30,0.9,50,44200
20240223,12:31:30,0.85,150,44200
20240223,12:33:56,0.9,50,44200
20240223,12:34:23,0.9,1000,44200
20240223,12:37:29,0.9,250,44550
20240223,12:38:02,0.9,100,44550
20240223,12:39:06,0.9,500,44550
20240223,12:39:18,0.9,50,44550
20240223,12:39:57,0.9,50,44550
20240223,12:40:47,0.9,50,44450
20240223,12:42:15,0.9,150,44450
20240223,12:42:16,0.9,150,44450
20240223,12:42:17,0.9,150,44450
20240223,12:49:16,0.9,1350,44450
20240223,12:49:18,0.9,50,45050
20240223,12:52:05,0.85,1000,45050
20240223,12:52:29,0.85,150,45050
20240223,12:52:48,0.85,150,46050
20240223,12:53:13,0.8,2100,46050
20240223,12:53:14,0.85,100,46050
20240223,12:53:14,0.85,50,46050
20240223,12:54:50,0.85,250,46050
20240223,12:56:26,0.9,50,46050
20240223,13:02:30,0.85,250,48400
20240223,13:03:01,0.8,700,48400
20240223,13:03:19,0.75,6450,48400
20240223,13:03:20,0.75,150,48400
20240223,13:03:22,0.75,1800,48400
20240223,13:03:22,0.75,2500,48400
20240223,13:03:31,0.75,150,48400
20240223,13:03:37,0.7,100,48400
20240223,13:03:37,0.7,50,48400
20240223,13:03:45,0.7,50,48400
20240223,13:05:33,0.75,100,55500
20240223,13:06:57,0.75,400,55500
20240223,13:07:55,0.75,1000,55500
20240223,13:08:39,0.75,200,55500
20240223,13:09:53,0.75,300,55500
20240223,13:11:31,0.7,1000,55400
20240223,13:11:32,0.7,150,55400
20240223,13:11:35,0.7,300,55400
20240223,13:11:36,0.7,250,55400
20240223,13:13:10,0.7,50,55400
20240223,13:13:51,0.7,50,55300
20240223,13:13:53,0.7,200,55300
20240223,13:15:47,0.7,100,55300
20240223,13:24:56,0.7,100,55100
20240223,13:27:27,0.7,800,55050
20240223,13:27:40,0.7,50,55050
20240223,13:28:39,0.7,50,55050
20240223,13:29:54,0.7,300,55200
20240223,13:30:00,0.7,700,55200
20240223,13:43:46,0.65,300,55200
20240223,13:51:01,0.7,50,54550
20240223,13:51:06,0.7,50,54250
20240223,13:51:09,0.7,50,54250
20240223,13:51:11,0.7,250,54250
20240223,13:52:03,0.7,200,54250
20240223,13:57:23,0.65,2850,54250
20240223,13:57:23,0.65,1800,54250
20240223,13:57:30,0.7,50,54250
20240223,14:03:31,0.7,50,53950
20240223,14:07:26,0.65,50,53950
20240223,14:08:13,0.7,50,53950
20240223,14:12:44,0.7,50,53950
20240223,14:13:20,0.7,50,53950
20240223,14:13:21,0.7,100,53950
20240223,14:15:21,0.7,450,53950
20240223,14:27:11,0.7,50,53950
20240223,14:27:19,0.7,1000,53950
20240223,14:27:38,0.65,700,53950
20240223,14:29:45,0.7,500,54000
20240223,14:42:17,0.6,500,54000
20240223,14:42:34,0.65,250,54000
20240223,14:50:58,0.6,1000,53750
20240223,14:51:15,0.65,750,53750
20240223,14:58:07,0.6,450,53750
20240223,14:58:12,0.6,100,53750
20240223,14:58:22,0.6,150,53750
20240223,14:59:28,0.65,200,53750
20240223,15:05:51,0.7,1800,53750
20240223,15:10:29,0.7,50,53550
20240223,15:10:30,0.7,200,53600
20240223,15:12:01,0.55,3600,53350
20240223,15:12:11,0.55,1550,53350
20240223,15:12:13,0.6,700,53350
20240223,15:18:29,0.6,50,53350
20240223,15:19:02,0.6,250,53100
20240223,15:20:39,0.6,250,53100
20240223,15:22:19,0.65,50,53100
20240223,15:24:21,0.6,250,53150
20240223,15:24:37,0.55,1850,53150
20240223,15:24:41,0.55,50,53150
20240223,15:25:47,0.55,50,52950
20240223,15:25:55,0.55,300,52950
20240223,15:25:56,0.55,250,52950
20240223,15:26:08,0.55,2100,52950
20240223,15:26:09,0.55,1800,52950
20240223,15:26:14,0.55,100,52950
20240223,15:27:18,0.55,600,52950
20240223,15:27:19,0.45,1100,52950
20240223,15:28:49,0.45,50,52750
20240226,09:15:01,0.6,1,52700
20240226,09:15:01,0.6,250,52700
20240226,09:15:03,0.6,500,52700
20240226,09:15:04,0.65,5400,52700
20240226,09:15:05,0.65,50,52700
20240226,09:15:06,0.65,100,52700
20240226,09:15:06,0.55,100,52700
20240226,09:15:09,0.6,1050,52700
20240226,09:15:24,0.6,100,52700
20240226,09:18:01,0.55,100,52800
20240226,09:18:18,0.55,50,52800
20240226,09:20:08,0.45,250,52800
20240226,09:20:18,0.45,50,52800
20240226,09:20:40,0.45,50,52800
20240226,09:22:05,0.45,250,52800
20240226,09:22:10,0.45,350,52800
20240226,09:23:04,0.45,250,52800
20240226,09:24:05,0.45,50,52800
20240226,09:25:17,0.45,250,52800
20240226,09:26:40,0.45,250,52800
20240226,09:26:41,0.45,250,52800
20240226,09:27:31,0.45,250,52800
20240226,09:28:38,0.45,100,52800
20240226,09:29:21,0.45,50,52800
20240226,09:29:49,0.45,50,52800
20240226,09:29:50,0.45,50,52800
20240226,09:29:57,0.45,100,52800
20240226,09:30:14,0.45,50,52800
20240226,09:31:16,0.45,250,52750
20240226,09:34:40,0.45,550,52750
20240226,09:35:10,0.45,50,52750
20240226,09:35:59,0.4,4650,52750
20240226,09:36:00,0.4,1050,52750
20240226,09:36:11,0.4,2100,52750
20240226,09:36:32,0.45,50,52750
20240226,09:37:44,0.4,50,52850
20240226,09:49:27,0.4,250,52800
20240226,09:50:11,0.4,250,52800
20240226,09:51:00,0.4,200,52800
20240226,09:51:04,0.35,5250,52800
20240226,09:51:04,0.3,1800,52800
20240226,09:51:06,0.3,1800,52800
20240226,09:52:25,0.3,500,52800
20240226,09:53:07,0.3,50,59050
20240226,09:53:11,0.3,1800,59050
20240226,09:53:24,0.35,1800,59050
20240226,09:54:50,0.35,50,60850
20240226,09:55:06,0.3,1800,60850
20240226,09:59:29,0.35,100,62650
20240226,09:59:45,0.3,50,62650
20240226,09:59:59,0.3,250,62650
20240226,10:00:05,0.3,1800,62650
20240226,10:00:16,0.35,100,62650
20240226,10:00:37,0.35,250,62650
20240226,10:00:50,0.3,1800,62650
20240226,10:01:33,0.3,1800,64800
20240226,10:02:21,0.35,500,64800
20240226,10:02:22,0.3,250,64800
20240226,10:03:08,0.3,1800,64800
20240226,10:03:09,0.3,1800,64800
20240226,10:03:38,0.35,400,64800
20240226,10:04:17,0.35,500,71650
20240226,10:05:25,0.3,1800,71650
20240226,10:06:05,0.3,1800,71650
20240226,10:06:42,0.3,150,71650
20240226,10:07:55,0.35,500,75250
20240226,10:08:25,0.35,250,75250
20240226,10:16:06,0.35,100,75250
20240226,10:18:19,0.35,150,75250
20240226,10:22:12,0.35,250,75250
20240226,10:22:55,0.3,500,75250
20240226,10:27:28,0.3,150,75250
20240226,10:27:34,0.35,1000,75250
20240226,10:35:01,0.3,1800,75250
20240226,10:35:02,0.3,1800,75250
20240226,10:35:02,0.3,7200,75250
20240226,10:35:03,0.3,3600,75250
20240226,10:35:04,0.3,3600,75250
20240226,10:35:20,0.3,300,75250
20240226,10:40:07,0.3,1800,93450
20240226,10:40:08,0.3,1800,93450
20240226,10:44:47,0.35,50,93450
20240226,10:46:44,0.3,50,97050
20240226,10:51:14,0.35,50,97050
20240226,11:01:12,0.3,1800,97050
20240226,11:02:40,0.3,1800,97050
20240226,11:02:41,0.3,1800,97050
20240226,11:04:30,0.3,1800,102450
20240226,11:23:57,0.35,250,102450
20240226,11:27:52,0.3,400,104250
20240226,11:29:52,0.35,250,104250
20240226,11:30:11,0.35,2200,104250
20240226,11:40:48,0.3,100,104250
20240226,11:51:20,0.3,50,104250
20240226,11:52:57,0.35,50,104250
20240226,11:53:26,0.35,100,104250
20240226,12:09:28,0.35,150,104250
20240226,12:18:26,0.3,250,104250
20240226,12:36:04,0.3,1850,104250
20240226,12:51:46,0.3,50,106050
20240226,12:54:14,0.3,1800,106050
20240226,12:54:15,0.3,1800,106050
20240226,12:54:16,0.3,1800,106050
20240226,12:54:46,0.35,150,106050
20240226,13:04:32,0.3,50,106050
20240226,13:07:53,0.35,100,106050
20240226,13:08:18,0.3,2200,106050
20240226,13:14:57,0.3,300,106050
20240226,13:25:49,0.3,250,106050
20240226,13:27:36,0.3,1750,106050
20240226,13:27:42,0.3,1800,106050
20240226,13:27:49,0.3,800,106050
20240226,13:28:20,0.3,650,106050
20240226,13:28:20,0.3,50,106050
20240226,14:19:27,0.3,1400,106050
20240226,14:23:14,0.3,50,106050
20240226,14:23:15,0.3,200,106400
20240226,14:24:19,0.25,7200,106400
20240226,14:24:19,0.25,1000,106400
20240226,14:24:40,0.25,200,106400
20240226,14:24:40,0.3,200,106400
20240226,14:24:41,0.3,150,106400
20240226,14:24:53,0.3,50,106400
20240226,14:24:55,0.3,1800,106400
20240226,14:24:57,0.3,1800,106400
20240226,14:24:57,0.3,150,106400
20240226,14:24:59,0.3,1800,106400
20240226,14:25:01,0.3,250,106400
20240226,14:25:02,0.35,50,106400
20240226,14:25:05,0.35,150,106400
20240226,14:34:29,0.35,1000,106400
20240226,14:35:34,0.3,250,108450
20240226,14:38:41,0.3,250,108450
20240226,14:39:44,0.3,250,108950
20240226,14:39:52,0.3,250,108950
20240226,14:48:27,0.3,250,108950
20240226,14:49:29,0.3,250,108950
20240226,14:50:57,0.3,250,108950
20240226,14:53:16,0.3,250,109200
20240226,15:03:41,0.35,50,109050
20240226,15:07:17,0.3,150,109050
20240226,15:09:17,0.3,150,108950
20240226,15:09:28,0.3,250,108950
20240226,15:12:11,0.3,100,108950
20240226,15:12:22,0.3,100,108550
20240226,15:12:31,0.3,1700,108550
20240226,15:12:35,0.3,600,108550
20240226,15:12:42,0.3,2950,108550
20240226,15:12:46,0.3,250,108550
20240226,15:13:20,0.3,250,108550
20240226,15:25:12,0.25,100,108550
20240226,15:25:19,0.25,100,106600
20240226,15:25:22,0.25,100,106600
20240226,15:25:25,0.25,100,106600
20240226,15:25:31,0.25,50,106600
20240226,15:28:46,0.25,1800,106600
20240226,15:28:48,0.25,1800,106600
20240226,15:28:50,0.25,1800,106600
20240226,15:28:54,0.25,1400,106600
20240226,15:28:56,0.25,1800,106600
20240226,15:29:40,0.25,1800,106600
20240226,15:29:58,0.25,1800,106600
20240227,09:15:04,0.3,1,106400
20240227,09:15:04,0.2,1000,106400
20240227,09:15:09,0.3,100,106400
20240227,09:15:15,0.35,150,106400
20240227,09:15:20,0.35,100,106400
20240227,09:16:03,0.3,250,106400
20240227,09:17:45,0.25,150,106450
20240227,09:20:11,0.2,250,106450
20240227,09:20:14,0.2,250,106450
20240227,09:20:27,0.25,350,106450
20240227,09:21:05,0.3,250,106450
20240227,09:21:18,0.3,450,106450
20240227,09:21:51,0.2,1800,105900
20240227,09:22:40,0.25,1050,105900
20240227,09:23:10,0.25,250,105900
20240227,09:23:11,0.2,100,105900
20240227,09:23:24,0.2,100,105900
20240227,09:23:51,0.25,1200,105900
20240227,09:25:01,0.25,50,105900
20240227,09:27:56,0.2,1000,105900
20240227,09:29:16,0.25,100,105900
20240227,09:29:55,0.25,1000,105900
20240227,09:29:59,0.25,1000,105900
20240227,09:30:31,0.25,50,105900
20240227,09:30:55,0.2,50,105900
20240227,09:31:20,0.2,50,105900
20240227,09:32:57,0.25,50,105900
20240227,09:33:59,0.25,200,105900
20240227,09:34:23,0.25,1800,105900
20240227,09:34:24,0.25,7200,105900
20240227,09:34:25,0.25,1500,105900
20240227,09:34:29,0.25,950,105900
20240227,09:36:19,0.25,1200,105900
20240227,09:36:38,0.25,50,105900
20240227,09:54:11,0.3,50,105900
20240227,10:09:45,0.3,50,108300
20240227,10:11:47,0.3,250,108350
20240227,10:13:11,0.25,50,108600
20240227,10:22:42,0.25,650,108600
20240227,10:24:20,0.3,50,108550
20240227,10:29:09,0.25,50,107950
20240227,10:45:28,0.3,50,107950
20240227,10:47:18,0.3,500,107950
20240227,10:54:26,0.3,50,107950
20240227,10:59:37,0.3,50,108100
20240227,11:00:37,0.25,50,108100
20240227,11:04:45,0.3,750,108050
20240227,11:08:33,0.3,250,108050
20240227,11:14:20,0.25,200,108400
20240227,11:14:47,0.3,50,108650
20240227,11:25:19,0.3,450,108500
20240227,11:25:42,0.3,250,108500
20240227,11:29:31,0.25,1250,108500
20240227,11:36:16,0.3,200,109200
20240227,11:39:47,0.3,250,108150
20240227,11:40:17,0.3,300,108150
20240227,11:40:31,0.3,50,108400
20240227,11:40:35,0.3,250,108400
20240227,11:40:59,0.3,50,108400
20240227,11:41:19,0.3,250,108400
20240227,11:41:23,0.3,50,108400
20240227,11:41:45,0.25,50,108400
20240227,11:41:51,0.3,50,108400
20240227,11:43:26,0.3,50,108400
20240227,11:43:29,0.3,50,108950
20240227,11:43:44,0.25,250,108950
20240227,11:44:17,0.3,50,108950
20240227,11:44:18,0.3,250,108950
20240227,11:45:07,0.3,50,108950
20240227,11:45:27,0.3,50,108950
20240227,11:46:01,0.3,50,108950
20240227,11:47:30,0.3,250,108700
20240227,11:47:59,0.3,50,108700
20240227,11:48:41,0.3,50,108700
20240227,11:48:43,0.3,50,108700
20240227,11:49:44,0.25,50,108700
20240227,12:04:10,0.3,550,108650
20240227,12:08:39,0.25,250,108650
20240227,12:09:11,0.3,250,108600
20240227,12:11:03,0.3,450,108600
20240227,12:12:15,0.25,250,108350
20240227,12:16:01,0.3,150,108250
20240227,12:17:15,0.25,100,108250
20240227,12:43:02,0.3,50,108250
20240227,12:50:11,0.3,250,108250
20240227,12:51:03,0.3,800,108250
20240227,12:51:15,0.3,350,108250
20240227,12:51:17,0.25,50,108250
20240227,12:51:20,0.3,1800,108250
20240227,12:51:22,0.3,300,108250
20240227,12:51:23,0.3,1800,108250
20240227,12:51:31,0.25,50,108250
20240227,12:52:05,0.3,250,108250
20240227,12:52:07,0.3,2100,108250
20240227,12:52:52,0.3,450,108250
20240227,12:56:43,0.35,50,108250
20240227,12:56:58,0.35,150,108400
20240227,12:57:46,0.3,350,108400
20240227,12:58:15,0.35,600,108400
20240227,12:59:34,0.35,400,108400
20240227,13:00:59,0.35,100,108400
20240227,13:01:18,0.35,700,108400
20240227,13:01:24,0.35,150,108400
20240227,13:01:31,0.35,550,108400
20240227,13:01:33,0.35,400,108400
20240227,13:01:34,0.35,2400,108400
20240227,13:01:39,0.4,150,108400
20240227,13:01:41,0.4,50,108400
20240227,13:02:00,0.4,1800,108400
20240227,13:02:02,0.35,1500,108400
20240227,13:02:53,0.35,1500,108400
20240227,13:03:21,0.35,100,108400
20240227,13:03:53,0.35,1000,108400
20240227,13:04:39,0.35,500,107450
20240227,13:04:45,0.35,1350,107450
20240227,13:05:52,0.35,150,107450
20240227,13:06:43,0.35,50,107450
20240227,13:07:33,0.35,1050,108750
20240227,13:07:41,0.35,250,108750
20240227,13:07:49,0.35,50,108750
20240227,13:08:27,0.35,100,108750
20240227,13:10:39,0.35,50,108750
20240227,13:14:34,0.35,400,108750
20240227,13:17:32,0.35,300,108900
20240227,13:19:51,0.35,50,108900
20240227,13:24:14,0.35,50,109150
20240227,13:24:55,0.3,50,109150
20240227,13:29:47,0.35,200,109150
20240227,13:29:49,0.35,250,109150
20240227,13:41:15,0.3,250,109150
20240227,13:41:56,0.3,250,109150
20240227,13:42:32,0.3,50,109150
20240227,13:45:04,0.35,300,108850
20240227,13:46:05,0.35,100,108850
20240227,13:47:36,0.3,500,108850
20240227,13:50:50,0.3,250,108600
20240227,13:53:23,0.35,100,107850
20240227,13:53:30,0.35,250,107850
20240227,13:54:30,0.35,250,107850
20240227,13:54:57,0.35,150,107850
20240227,13:56:02,0.35,150,107900
20240227,13:57:18,0.3,250,107900
20240227,13:57:53,0.35,550,107900
20240227,14:01:49,0.35,250,107900
20240227,14:02:27,0.35,1800,107900
20240227,14:04:19,0.35,50,107900
20240227,14:05:00,0.3,900,106400
20240227,14:05:03,0.3,100,106400
20240227,14:05:06,0.35,1800,106400
20240227,14:05:23,0.35,3500,106400
20240227,14:05:24,0.3,100,106400
20240227,14:06:21,0.35,1450,106400
20240227,14:06:52,0.35,100,106400
20240227,14:07:20,0.35,50,106400
20240227,14:07:31,0.35,50,106400
20240227,14:07:35,0.35,250,106400
20240227,14:07:37,0.35,100,101300
20240227,14:08:30,0.35,50,101300
20240227,14:08:38,0.35,50,101300
20240227,14:08:39,0.35,50,101300
20240227,14:09:18,0.35,50,101300
20240227,14:10:29,0.35,50,101300
20240227,14:10:35,0.35,150,101300
20240227,14:14:35,0.4,50,100450
20240227,14:15:00,0.4,250,100450
20240227,14:15:25,0.4,100,100450
20240227,14:15:39,0.4,250,100450
20240227,14:15:57,0.4,100,100450
20240227,14:17:09,0.4,150,100450
20240227,14:17:44,0.4,750,100450
20240227,14:18:02,0.4,350,100450
20240227,14:18:21,0.35,100,100450
20240227,14:19:17,0.4,400,100450
20240227,14:23:00,0.4,1100,100450
20240227,14:23:43,0.4,500,100450
20240227,14:24:11,0.4,100,100450
20240227,14:25:04,0.4,200,100450
20240227,14:26:23,0.4,50,100450
20240227,14:28:42,0.4,300,100450
20240227,14:29:18,0.35,50,100450
20240227,14:31:00,0.35,250,100450
20240227,14:32:26,0.35,650,100450
20240227,14:32:26,0.35,450,100150
20240227,14:34:32,0.35,50,100150
20240227,14:35:55,0.35,100,99050
20240227,14:36:54,0.35,50,99050
20240227,14:38:10,0.3,450,99050
20240227,14:38:52,0.3,50,99050
20240227,14:39:00,0.3,50,99050
20240227,14:39:24,0.35,250,99050
20240227,14:40:55,0.35,50,99000
20240227,14:41:12,0.35,200,99000
20240227,14:41:39,0.3,50,99000
20240227,14:42:02,0.35,50,99000
20240227,14:42:14,0.35,12600,99000
20240227,14:42:37,0.35,50,99000
20240227,14:42:54,0.35,50,99000
20240227,14:43:00,0.4,50,99000
20240227,14:43:14,0.35,100,99000
20240227,14:43:14,0.35,50,99000
20240227,14:43:32,0.35,50,99000
20240227,14:44:12,0.4,200,99000
20240227,14:45:02,0.4,50,100500
20240227,14:45:30,0.35,50,100500
20240227,14:46:27,0.35,100,100500
20240227,14:47:02,0.4,50,100500
20240227,14:47:02,0.4,1800,100300
20240227,14:47:26,0.4,350,100300
20240227,14:47:36,0.35,50,100300
20240227,14:48:02,0.4,200,100300
20240227,14:49:35,0.4,50,100300
20240227,14:52:14,0.35,50,100250
20240227,14:53:21,0.4,500,100200
20240227,14:53:58,0.4,50,100200
20240227,14:54:02,0.4,250,100200
20240227,14:54:09,0.35,550,100200
20240227,14:54:27,0.35,50,100200
20240227,14:54:33,0.4,50,100200
20240227,14:55:30,0.35,150,100200
20240227,14:56:19,0.35,50,100200
20240227,14:56:42,0.4,100,99450
20240227,14:56:45,0.4,800,99450
20240227,14:56:47,0.4,350,99450
20240227,14:57:01,0.4,250,99450
20240227,14:57:10,0.4,200,99450
20240227,14:57:31,0.4,50,99450
20240227,14:57:43,0.4,1800,99450
20240227,14:57:45,0.4,1800,99450
20240227,14:57:46,0.4,1800,99450
20240227,14:57:50,0.35,100,99450
20240227,14:57:52,0.4,50,99450
20240227,14:58:36,0.4,200,99450
20240227,14:59:04,0.4,1800,100450
20240227,14:59:10,0.4,50,100450
20240227,14:59:32,0.4,150,100450
20240227,14:59:34,0.3,1800,100450
20240227,14:59:45,0.4,250,100450
20240227,14:59:48,0.4,50,100450
20240227,15:00:01,0.35,50,100450
20240227,15:00:23,0.35,50,100450
20240227,15:00:23,0.4,50,100450
20240227,15:00:41,0.4,50,100450
20240227,15:01:48,0.4,600,99950
20240227,15:01:55,0.4,5000,99950
20240227,15:02:26,0.4,250,99950
20240227,15:02:34,0.4,150,99950
20240227,15:02:58,0.4,5000,99950
20240227,15:03:06,0.4,50,99950
20240227,15:03:19,0.4,3750,99950
20240227,15:03:31,0.45,50,99950
20240227,15:03:39,0.45,50,99950
20240227,15:04:59,0.45,50,99950
20240227,15:05:02,0.45,100,101050
20240227,15:05:08,0.4,50,101050
20240227,15:05:18,0.45,250,101050
20240227,15:05:28,0.4,50,101050
20240227,15:05:34,0.45,150,101050
20240227,15:07:14,0.45,250,101050
20240227,15:07:28,0.45,650,101050
20240227,15:08:21,0.45,500,101050
20240227,15:08:49,0.45,50,101050
20240227,15:09:14,0.4,50,101050
20240227,15:09:35,0.45,250,101050
20240227,15:11:01,0.45,200,101500
20240227,15:11:45,0.45,100,101500
20240227,15:11:49,0.45,1050,101500
20240227,15:11:50,0.4,50,101500
20240227,15:11:53,0.4,50,101500
20240227,15:12:59,0.4,1350,101500
20240227,15:13:31,0.45,500,101500
20240227,15:13:47,0.4,50,101500
20240227,15:15:09,0.45,50,100950
20240227,15:15:44,0.4,100,100950
20240227,15:16:37,0.45,250,100950
20240227,15:18:20,0.45,1500,100950
20240227,15:19:37,0.4,1300,100950
20240227,15:19:55,0.45,250,100950
20240227,15:20:02,0.4,1800,100250
20240227,15:20:03,0.45,250,100250
20240227,15:20:25,0.45,250,100250
20240227,15:20:28,0.45,50,100250
20240227,15:20:39,0.4,50,100250
20240227,15:20:40,0.4,50,100250
20240227,15:20:41,0.4,50,100250
20240227,15:20:42,0.4,100,100250
20240227,15:20:48,0.4,50,100250
20240227,15:21:13,0.4,250,100250
20240227,15:21:58,0.4,50,100250
20240227,15:22:00,0.4,700,100250
20240227,15:22:01,0.4,1400,100250
20240227,15:22:48,0.4,250,100900
20240227,15:24:08,0.4,250,100900
20240227,15:24:46,0.4,50,100900
20240227,15:24:58,0.35,50,100900
20240227,15:25:04,0.35,100,100900
20240227,15:25:08,0.4,500,100900
20240227,15:25:10,0.35,1800,100900
20240227,15:25:11,0.35,3300,100900
20240227,15:25:23,0.3,50,100900
20240227,15:25:30,0.35,1500,100900
20240227,15:27:24,0.35,550,100900
20240227,15:27:25,0.35,150,104800
20240227,15:27:55,0.3,3950,104800
20240227,15:27:56,0.3,2900,104800
20240227,15:28:05,0.45,50,104800
20240227,15:28:23,0.45,200,104800
20240227,15:29:30,0.3,100,102300
20240227,15:29:32,0.4,1400,102300
20240227,15:29:58,0.4,250,102300
20240228,09:15:01,0.4,1,100900
20240228,09:15:01,0.4,50,100900
20240228,09:15:06,0.45,750,100900
20240228,09:15:07,0.45,100,100900
20240228,09:15:09,0.45,250,100900
20240228,09:15:15,0.45,1550,100900
20240228,09:15:16,0.4,350,100900
20240228,09:15:18,0.4,5000,100900
20240228,09:15:21,0.4,4350,100900
20240228,09:15:52,0.45,200,100900
20240228,09:16:16,0.45,100,100900
20240228,09:16:19,0.45,50,100900
20240228,09:16:29,0.4,900,100900
20240228,09:16:39,0.4,50,100900
20240228,09:17:30,0.4,300,100900
20240228,09:17:55,0.4,1650,100900
20240228,09:18:51,0.4,50,100900
20240228,09:19:02,0.3,1200,100900
20240228,09:19:03,0.3,50,100900
20240228,09:19:11,0.3,350,100900
20240228,09:19:19,0.35,400,100900
20240228,09:19:36,0.35,300,100900
20240228,09:19:40,0.35,150,100900
20240228,09:19:41,0.35,50,100900
20240228,09:19:52,0.35,100,100900
20240228,09:19:57,0.35,500,100900
20240228,09:19:59,0.35,2150,100900
20240228,09:20:01,0.3,250,100900
20240228,09:20:07,0.3,200,100900
20240228,09:20:10,0.3,300,100900
20240228,09:20:28,0.3,250,100900
20240228,09:20:41,0.35,50,100900
20240228,09:21:00,0.35,100,100900
20240228,09:21:23,0.3,50,100900
20240228,09:22:09,0.3,250,100900
20240228,09:22:24,0.35,5400,100900
20240228,09:22:25,0.6,20900,100900
20240228,09:22:32,0.5,700,100900
20240228,09:22:36,0.4,2600,100900
20240228,09:22:40,0.4,400,100900
20240228,09:22:44,0.45,50,100900
20240228,09:22:46,0.45,200,100900
20240228,09:22:47,0.45,100,100900
20240228,09:23:10,0.35,250,100900
20240228,09:23:12,0.35,300,100900
20240228,09:24:19,0.4,100,100900
20240228,09:24:24,0.35,200,100900
20240228,09:24:34,0.35,150,100900
20240228,09:24:37,0.35,100,100900
20240228,09:24:45,0.35,100,100900
20240228,09:25:54,0.35,50,100900
20240228,09:26:02,0.35,7350,107600
20240228,09:26:05,0.35,100,107600
20240228,09:26:09,0.35,50,107600
20240228,09:26:13,0.35,100,107600
20240228,09:26:38,0.3,50,107600
20240228,09:27:01,0.3,5400,107600
20240228,09:27:01,0.3,7000,107600
20240228,09:27:02,0.3,12600,107600
20240228,09:30:03,0.3,15400,104550
20240228,09:30:05,0.3,1500,104550
20240228,09:31:17,0.3,300,104550
20240228,09:31:29,0.3,1000,102550
20240228,09:32:50,0.3,250,102550
20240228,09:36:06,0.25,950,102550
20240228,09:36:08,0.25,500,102550
20240228,09:37:21,0.25,250,102550
20240228,09:42:56,0.3,650,102550
20240228,09:43:13,0.3,100,102550
20240228,09:45:58,0.25,50,103050
20240228,09:46:24,0.3,50,103050
20240228,09:47:10,0.25,10000,103050
20240228,09:49:09,0.3,50,103100
20240228,09:49:32,0.25,100,103100
20240228,09:49:34,0.3,250,103100
20240228,09:53:23,0.3,50,103100
20240228,09:54:03,0.3,500,103100
20240228,09:54:04,0.3,50,103100
20240228,09:54:34,0.25,50,103100
20240228,09:54:52,0.25,150,103100
20240228,09:58:06,0.25,1800,103100
20240228,09:58:11,0.25,4550,103100
20240228,09:58:36,0.25,250,103100
20240228,09:59:59,0.2,1800,103100
20240228,10:01:49,0.2,50,106600
20240228,10:04:36,0.25,250,106600
20240228,10:05:42,0.25,250,106550
20240228,10:06:01,0.25,250,106550
20240228,10:07:04,0.25,250,106550
20240228,10:08:39,0.25,250,106550
20240228,10:09:16,0.2,50,106550
20240228,10:10:39,0.25,50,106550
20240228,10:11:04,0.2,50,106550
20240228,10:11:17,0.2,150,106550
20240228,10:15:11,0.25,550,106550
20240228,10:27:31,0.25,50,106550
20240228,10:27:34,0.25,50,106550
20240228,10:27:41,0.2,50,106550
20240228,10:27:48,0.2,50,106550
20240228,10:31:07,0.25,50,106550
20240228,10:31:08,0.25,50,106550
20240228,10:31:09,0.2,50,106550
20240228,10:31:18,0.2,50,106550
20240228,10:33:11,0.25,50,106550
20240228,10:33:13,0.2,50,106550
20240228,10:33:58,0.25,50,106550
20240228,10:34:02,0.25,100,106550
20240228,10:34:03,0.2,50,106550
20240228,10:34:18,0.25,100,106550
20240228,10:34:21,0.2,1800,106550
20240228,10:34:47,0.25,100,106550
20240228,10:35:12,0.25,50,106550
20240228,10:35:15,0.2,1800,106550
20240228,10:35:43,0.2,50,106550
20240228,10:35:57,0.2,100,106550
20240228,10:36:02,0.2,100,106550
20240228,10:36:07,0.2,100,106550
20240228,10:36:11,0.2,1800,106550
20240228,10:36:23,0.2,50,106550
20240228,10:36:40,0.25,50,106550
20240228,10:37:04,0.2,1800,106550
20240228,10:37:04,0.2,1800,113750
20240228,10:37:09,0.2,1550,113750
20240228,10:37:10,0.2,1800,113750
20240228,10:37:12,0.2,4200,113750
20240228,10:37:38,0.2,50,113750
20240228,10:39:52,0.25,50,113750
20240228,10:39:56,0.2,50,113750
20240228,10:39:58,0.25,50,113750
20240228,10:41:24,0.2,200,113750
20240228,10:42:47,0.25,50,117250
20240228,10:42:50,0.2,50,117250
20240228,10:44:34,0.25,50,117250
20240228,10:44:38,0.2,50,117250
20240228,10:45:37,0.25,500,117250
20240228,10:46:59,0.25,50,117250
20240228,10:47:02,0.2,50,117250
20240228,10:48:18,0.2,850,117250
20240228,10:48:22,0.2,50,117250
20240228,10:48:26,0.2,1800,117250
20240228,10:48:27,0.2,150,117250
20240228,10:48:36,0.2,1750,117250
20240228,10:48:39,0.25,100,117250
20240228,10:48:43,0.2,50,117250
20240228,10:48:47,0.2,1900,117250
20240228,10:49:29,0.2,250,117250
20240228,10:49:35,0.25,50,119050
20240228,10:49:39,0.2,50,119050
20240228,10:49:53,0.2,1500,119050
20240228,10:49:56,0.2,150,119050
20240228,10:50:02,0.2,250,119050
20240228,10:50:24,0.2,250,119050
20240228,10:50:28,0.2,800,119050
20240228,10:50:30,0.2,600,119050
20240228,10:51:54,0.2,100,119050
20240228,10:52:00,0.15,100,119050
20240228,10:52:09,0.15,1800,119050
20240228,10:54:02,0.15,500,119050
20240228,10:54:05,0.15,250,119050
20240228,10:54:14,0.15,250,119050
20240228,10:54:46,0.2,200,119050
20240228,10:56:48,0.2,750,120850
20240228,10:57:14,0.2,50,120850
20240228,10:57:18,0.15,50,120850
20240228,10:58:02,0.15,300,120850
20240228,10:58:14,0.2,500,121200
20240228,10:58:45,0.15,1800,121200
20240228,10:58:55,0.15,250,121200
20240228,10:59:25,0.15,250,121200
20240228,10:59:51,0.15,50,121200
20240228,10:59:58,0.15,1800,121200
20240228,11:00:03,0.15,250,121200
20240228,11:00:06,0.15,1800,121200
20240228,11:00:25,0.2,50,121200
20240228,11:00:32,0.15,250,121200
20240228,11:00:43,0.15,50,121200
20240228,11:01:04,0.2,50,121200
20240228,11:01:08,0.15,3650,121200
20240228,11:01:15,0.2,50,126350
20240228,11:01:29,0.15,50,126350
20240228,11:02:08,0.15,3600,126350
20240228,11:02:09,0.15,7200,126350
20240228,11:02:24,0.15,1200,126350
20240228,11:02:25,0.15,3000,126350
20240228,11:02:26,0.15,5800,126350
20240228,11:02:29,0.15,1800,126350
20240228,11:02:30,0.15,6200,126350
20240228,11:02:41,0.15,1800,126350
20240228,11:04:53,0.2,50,142300
20240228,11:04:56,0.15,50,142300
20240228,11:06:12,0.15,2150,142300
20240228,11:06:12,0.15,2400,142300
20240228,11:06:13,0.15,700,142300
20240228,11:06:15,0.15,100,142300
20240228,11:06:25,0.15,1050,142300
20240228,11:06:32,0.15,50,142300
20240228,11:06:54,0.2,50,142300
20240228,11:06:57,0.15,50,142300
20240228,11:07:00,0.15,50,142300
20240228,11:07:01,0.15,50,142300
20240228,11:07:46,0.2,100,142300
20240228,11:07:53,0.15,100,142300
20240228,11:08:54,0.15,50,142300
20240228,11:11:08,0.2,50,142300
20240228,11:11:12,0.15,50,142300
20240228,11:12:47,0.2,50,142300
20240228,11:12:50,0.15,50,142300
20240228,11:14:39,0.2,50,142300
20240228,11:14:41,0.15,50,142300
20240228,11:16:29,0.2,50,142300
20240228,11:16:32,0.15,50,142300
20240228,11:20:03,0.2,50,142300
20240228,11:20:07,0.15,50,142300
20240228,11:25:00,0.2,1800,142300
20240228,11:28:05,0.2,50,142300
20240228,11:28:09,0.15,50,142300
20240228,11:28:34,0.2,1800,142300
20240228,11:33:33,0.15,50,143050
20240228,11:34:36,0.2,50,143050
20240228,11:36:28,0.15,50,143050
20240228,11:39:36,0.2,1200,143050
20240228,11:46:12,0.2,50,143100
20240228,11:46:15,0.15,50,143100
20240228,11:47:47,0.2,50,143100
20240228,11:47:50,0.15,50,143100
20240228,11:49:29,0.2,50,143100
20240228,11:49:32,0.15,50,143100
20240228,11:50:05,0.15,3600,143100
20240228,11:50:05,0.15,450,143100
20240228,11:51:00,0.2,50,143100
20240228,11:51:03,0.15,50,143100
20240228,11:53:59,0.2,50,143100
20240228,11:54:02,0.15,50,146000
20240228,11:58:08,0.2,50,145950
20240228,11:58:15,0.15,50,145950
20240228,11:59:52,0.2,50,145950
20240228,11:59:54,0.15,50,145950
20240228,12:00:40,0.15,150,145950
20240228,12:05:43,0.2,50,145950
20240228,12:05:47,0.15,50,145950
20240228,12:07:33,0.2,50,145950
20240228,12:07:38,0.15,50,145950
20240228,12:11:04,0.2,100,145950
20240228,12:14:14,0.15,100,145950
20240228,12:15:35,0.15,250,145950
20240228,12:18:59,0.2,50,145950
20240228,12:19:02,0.15,50,145950
20240228,12:21:07,0.2,50,145950
20240228,12:21:10,0.15,50,145950
20240228,12:22:55,0.2,50,145950
20240228,12:22:58,0.15,50,145950
20240228,12:27:49,0.2,50,145950
20240228,12:27:53,0.15,50,145950
20240228,12:29:51,0.2,50,145950
20240228,12:29:54,0.15,50,145950
20240228,12:34:36,0.15,100,145950
20240228,12:35:39,0.15,250,145950
20240228,12:35:44,0.15,150,145950
20240228,12:43:08,0.2,600,145950
20240228,12:47:12,0.15,50,145950
20240228,12:47:29,0.2,50,145950
20240228,12:49:02,0.2,50,145950
20240228,12:49:06,0.15,50,145950
20240228,12:52:23,0.2,50,145950
20240228,12:52:27,0.15,50,145950
20240228,12:55:58,0.2,50,145950
20240228,12:56:02,0.15,50,145950
20240228,13:00:07,0.2,50,145950
20240228,13:00:09,0.15,50,145950
20240228,13:01:02,0.2,400,145950
20240228,13:01:45,0.15,500,145950
20240228,13:02:18,0.2,250,145950
20240228,13:02:25,0.2,450,145950
20240228,13:02:30,0.2,200,145950
20240228,13:08:00,0.15,50,145950
20240228,13:08:37,0.15,1800,145950
20240228,13:09:35,0.15,1800,145950
20240228,13:09:36,0.15,150,145950
20240228,13:09:45,0.15,1350,145950
20240228,13:11:05,0.15,250,148450
20240228,13:11:06,0.15,200,148450
20240228,13:11:16,0.15,250,148450
20240228,13:12:32,0.15,50,148450
20240228,13:12:35,0.15,700,148450
20240228,13:13:34,0.15,500,148450
20240228,13:20:28,0.1,1800,148450
20240228,13:20:29,0.1,100,148450
20240228,13:25:57,0.1,1000,148450
20240228,13:27:06,0.1,450,148450
20240228,13:29:14,0.1,250,148450
20240228,13:29:48,0.15,250,148450
20240228,13:29:57,0.1,250,148450
20240228,13:32:52,0.15,50,148700
20240228,13:41:15,0.1,50,148750
20240228,13:42:07,0.15,50,148750
20240228,13:42:12,0.1,50,148750
20240228,13:42:13,0.15,50,148750
20240228,13:42:24,0.1,50,148750
20240228,13:42:36,0.15,250,148750
20240228,13:42:44,0.1,250,148750
20240228,13:42:48,0.15,1800,148750
20240228,13:42:49,0.15,3600,148750
20240228,13:42:50,0.15,7200,148750
20240228,13:42:51,0.15,10800,148750
20240228,13:43:29,0.15,1800,148750
20240228,13:44:08,0.15,100,147700
20240228,13:44:57,0.1,350,147700
20240228,13:51:47,0.15,50,147700
20240228,13:55:48,0.15,50,147700
20240228,13:59:37,0.1,200,147700
20240228,14:04:05,0.15,700,147700
20240228,14:04:05,0.15,1800,147700
20240228,14:06:16,0.15,50,147700
20240228,14:06:44,0.1,50,147700
20240228,14:08:10,0.15,1800,147700
20240228,14:09:22,0.15,50,147700
20240228,14:18:02,0.15,450,146600
20240228,14:31:25,0.1,250,146600
20240228,14:32:45,0.1,250,147050
20240228,14:33:31,0.1,250,147050
20240228,14:34:06,0.1,250,147050
20240228,14:36:25,0.1,250,147250
20240228,14:37:06,0.1,250,147250
20240228,14:37:42,0.15,250,147250
20240228,14:37:43,0.1,250,148000
20240228,14:39:31,0.1,50,148000
20240228,14:41:32,0.1,250,148000
20240228,14:43:28,0.1,250,148250
20240228,14:45:23,0.15,700,148750
20240228,14:45:24,0.15,1800,148750
20240228,14:48:08,0.1,1800,149150
20240228,14:48:12,0.1,300,149150
20240228,14:49:45,0.1,250,149150
20240228,14:49:53,0.1,250,149150
20240228,14:50:23,0.1,300,149150
20240228,14:50:47,0.1,250,149150
20240228,14:55:40,0.1,50,150200
20240228,15:03:50,0.1,200,150200
20240228,15:03:51,0.1,100,150200
20240228,15:03:56,0.1,1550,150200
20240228,15:05:19,0.1,100,150200
20240228,15:05:52,0.1,50,151750
20240228,15:06:13,0.1,1000,151750
20240228,15:06:43,0.1,1000,151750
20240228,15:07:16,0.1,200,151750
20240228,15:07:38,0.1,250,151750
20240228,15:07:59,0.1,150,151750
20240228,15:08:55,0.1,250,151750
20240228,15:09:23,0.1,2500,151750
20240228,15:09:35,0.1,550,151750
20240228,15:09:59,0.1,250,151750
20240228,15:10:04,0.1,300,151750
20240228,15:10:12,0.1,450,151750
20240228,15:10:19,0.1,250,151750
20240228,15:10:24,0.1,550,151750
20240228,15:10:27,0.1,300,151750
20240228,15:10:31,0.1,300,151750
20240228,15:10:39,0.1,250,151750
20240228,15:10:43,0.1,1800,151750
20240228,15:10:47,0.1,900,151750
20240228,15:10:57,0.1,300,154650
20240228,15:11:05,0.1,250,154650
20240228,15:11:44,0.1,200,154650
20240228,15:12:10,0.1,350,154650
20240228,15:12:20,0.1,1800,154650
20240228,15:14:55,0.1,350,157350
20240228,15:15:02,0.1,650,157350
20240228,15:15:13,0.1,50,157350
20240228,15:15:50,0.1,1800,157350
20240228,15:16:12,0.1,1050,157350
20240228,15:16:37,0.1,300,157350
20240228,15:16:44,0.1,1800,157350
20240228,15:16:48,0.1,950,157350
20240228,15:16:49,0.1,100,157350
20240228,15:17:01,0.15,1650,161600
20240228,15:17:10,0.1,1300,161600
20240228,15:17:16,0.1,1050,161600
20240228,15:17:20,0.1,200,161600
20240228,15:17:21,0.1,50,161600
20240228,15:17:24,0.15,100,161600
20240228,15:17:48,0.1,300,161600
20240228,15:17:49,0.1,150,161600
20240228,15:18:32,0.1,250,161600
20240228,15:19:24,0.1,1250,161600
20240228,15:19:25,0.1,450,161600
20240228,15:19:40,0.1,1800,161600
20240228,15:19:48,0.1,250,161600
20240228,15:19:52,0.1,700,160700
20240228,15:19:55,0.1,550,160700
20240228,15:20:13,0.1,1750,160700
20240228,15:20:41,0.1,200,160700
20240228,15:20:46,0.15,800,160700
20240228,15:20:58,0.1,1800,160700
20240228,15:21:03,0.1,1800,160700
20240228,15:21:05,0.1,1800,160700
20240228,15:21:07,0.1,1800,160700
20240228,15:21:09,0.1,1800,160700
20240228,15:21:29,0.1,300,160700
20240228,15:23:35,0.1,50,160700
20240228,15:23:38,0.1,1800,158250
20240228,15:23:40,0.1,1800,158250
20240228,15:23:50,0.1,250,158250
20240228,15:24:01,0.1,250,158250
20240228,15:24:29,0.1,850,158250
20240228,15:24:38,0.1,200,158250
20240228,15:24:51,0.1,5000,158250
20240228,15:24:53,0.1,5000,158250
20240228,15:24:55,0.1,250,158250
20240228,15:24:58,0.1,400,158250
20240228,15:24:59,0.1,5000,158250
20240228,15:25:35,0.1,450,158250
20240228,15:25:36,0.1,200,158250
20240228,15:25:37,0.1,100,158250
20240228,15:25:44,0.1,2300,158250
20240228,15:26:01,0.1,250,169150
20240228,15:26:31,0.1,250,169150
20240228,15:26:59,0.1,100,169150
20240228,15:27:38,0.1,500,169150
20240228,15:27:44,0.1,300,169150
20240228,15:28:15,0.1,350,169150
20240228,15:28:41,0.15,50,169150
20240228,15:29:25,0.1,1900,170300
20240228,15:29:26,0.1,3000,170300
20240228,15:29:30,0.1,2200,170300
20240228,15:29:31,0.1,250,170300
20240228,15:29:32,0.1,100,170300
20240228,15:29:40,0.1,50,170300
20240228,15:29:51,0.1,200,170300
20240229,09:15:00,0.15,1,170300
20240229,09:15:00,0.15,2150,170300
20240229,09:15:01,0.1,500,170300
20240229,09:15:20,0.1,1800,170300
20240229,09:15:23,0.1,300,170300
20240229,09:15:23,0.15,450,170300
20240229,09:15:24,0.15,1800,170300
20240229,09:15:26,0.15,3600,170300
20240229,09:15:28,0.15,1800,170300
20240229,09:15:31,0.15,1800,170300
20240229,09:15:32,0.15,3650,170300
20240229,09:15:33,0.15,1800,170300
20240229,09:15:34,0.15,3600,170300
20240229,09:15:36,0.1,100,170300
20240229,09:15:39,0.1,550,170300
20240229,09:15:42,0.15,1800,170300
20240229,09:15:49,0.1,500,170300
20240229,09:16:16,0.1,900,146900
20240229,09:16:21,0.15,1900,146900
20240229,09:16:22,0.15,450,146900
20240229,09:16:27,0.15,250,146900
20240229,09:16:28,0.15,500,146900
20240229,09:16:42,0.15,400,146900
20240229,09:16:43,0.15,250,146900
20240229,09:16:44,0.1,50,146900
20240229,09:16:45,0.15,450,146900
20240229,09:17:04,0.15,2100,146900
20240229,09:17:10,0.15,1800,146900
20240229,09:17:30,0.15,300,146900
20240229,09:17:43,0.15,600,146900
20240229,09:18:02,0.15,50,146900
20240229,09:18:06,0.15,450,146900
20240229,09:18:29,0.15,5000,146900
20240229,09:18:32,0.15,250,146900
20240229,09:18:35,0.15,6800,146900
20240229,09:18:36,0.2,1800,146900
20240229,09:18:38,0.2,250,146900
20240229,09:18:40,0.2,3600,146900
20240229,09:18:43,0.2,2700,146900
20240229,09:18:44,0.2,1800,146900
20240229,09:18:51,0.15,900,146900
20240229,09:19:12,0.2,1800,116900
20240229,09:19:16,0.15,50,116900
20240229,09:19:17,0.15,250,116900
20240229,09:19:20,0.2,1800,116900
20240229,09:19:28,0.2,1800,116900
20240229,09:19:31,0.2,50,116900
20240229,09:19:35,0.2,1000,116900
20240229,09:19:42,0.2,1800,116900
20240229,09:19:55,0.2,1800,116900
20240229,09:20:27,0.2,1800,116900
20240229,09:20:33,0.2,1800,116900
20240229,09:20:35,0.2,500,116900
20240229,09:21:03,0.2,500,116900
20240229,09:21:04,0.15,800,116900
20240229,09:21:31,0.15,150,116900
20240229,09:21:37,0.15,1800,116900
20240229,09:21:38,0.2,1800,116900
20240229,09:21:39,0.2,1800,116900
20240229,09:22:48,0.2,100,116900
20240229,09:22:50,0.2,200,97650
20240229,09:23:14,0.2,3350,97650
20240229,09:23:19,0.2,1800,97650
20240229,09:23:51,0.2,1800,97650
20240229,09:24:02,0.2,1800,97650
20240229,09:24:04,0.2,350,97650
20240229,09:24:07,0.2,500,97650
20240229,09:24:17,0.2,1800,97650
20240229,09:24:18,0.2,1800,97650
20240229,09:24:20,0.2,1800,97650
20240229,09:24:21,0.2,3600,97650
20240229,09:24:24,0.25,1800,97650
20240229,09:24:25,0.25,1800,97650
20240229,09:24:27,0.25,1800,97650
20240229,09:24:47,0.25,1800,97650
20240229,09:24:52,0.25,1800,97650
20240229,09:24:56,0.25,250,97650
20240229,09:25:03,0.25,1800,81200
20240229,09:25:05,0.25,1800,81200
20240229,09:25:05,0.2,300,81200
20240229,09:25:35,0.25,1800,81200
20240229,09:25:37,0.2,700,81200
20240229,09:25:41,0.2,5500,81200
20240229,09:25:44,0.2,1800,81200
20240229,09:26:29,0.2,1800,81200
20240229,09:26:30,0.2,1800,81200
20240229,09:26:31,0.2,4100,81200
20240229,09:26:33,0.2,500,81200
20240229,09:28:02,0.15,50,81200
20240229,09:28:08,0.15,50,72550
20240229,09:28:26,0.15,600,72550
20240229,09:28:50,0.2,300,72550
20240229,09:28:59,0.2,300,72550
20240229,09:29:07,0.2,250,72550
20240229,09:30:01,0.2,250,72550
20240229,09:31:38,0.2,1650,72550
20240229,09:32:24,0.2,100,71300
20240229,09:32:25,0.2,1800,71300
20240229,09:33:18,0.2,1800,71300
20240229,09:33:19,0.2,1800,71300
20240229,09:33:23,0.2,1800,71300
20240229,09:34:00,0.2,50,71300
20240229,09:37:30,0.2,300,62450
20240229,09:37:49,0.2,50,62450
20240229,09:38:37,0.15,50,62450
20240229,09:38:56,0.2,150,62450
20240229,09:44:28,0.2,1400,62450
20240229,09:45:17,0.2,50,62200
20240229,09:46:03,0.2,50,62200
20240229,09:46:43,0.2,50,62200
20240229,09:46:53,0.15,50,60800
20240229,09:47:46,0.2,400,60800
20240229,09:49:16,0.15,150,60400
20240229,09:51:14,0.2,300,60400
20240229,09:52:00,0.2,200,60400
20240229,09:55:22,0.15,500,59900
20240229,09:55:59,0.2,500,59900
20240229,09:56:04,0.2,50,59900
20240229,09:56:57,0.15,500,59900
20240229,09:56:59,0.15,1300,59900
20240229,09:57:01,0.15,2600,59900
20240229,09:57:02,0.15,50,59900
20240229,09:57:11,0.2,450,59900
20240229,09:58:25,0.2,1700,59900
20240229,09:58:30,0.2,100,58750
20240229,10:00:47,0.15,100,58750
20240229,10:01:08,0.2,50,56850
20240229,10:02:46,0.2,5000,56850
20240229,10:03:36,0.2,400,56850
20240229,10:03:44,0.2,250,56850
20240229,10:03:49,0.2,50,56850
20240229,10:04:08,0.15,50,56850
20240229,10:04:27,0.2,50,58000
20240229,10:04:56,0.15,50,58000
20240229,10:05:51,0.15,50,58000
20240229,10:06:11,0.2,50,58000
20240229,10:06:16,0.15,50,58000
20240229,10:06:27,0.2,400,58000
20240229,10:06:28,0.2,250,58000
20240229,10:07:10,0.2,1500,58000
20240229,10:07:13,0.2,1100,58000
20240229,10:07:14,0.2,1500,58000
20240229,10:07:18,0.2,1950,58000
20240229,10:07:19,0.2,450,58000
20240229,10:07:26,0.15,5000,58000
20240229,10:08:03,0.15,500,58000
20240229,10:08:27,0.2,1500,58000
20240229,10:08:33,0.1,950,58000
20240229,10:08:34,0.1,6550,58000
20240229,10:08:48,0.15,650,58000
20240229,10:08:56,0.15,100,58000
20240229,10:09:36,0.2,400,58000
20240229,10:10:39,0.15,100,54950
20240229,10:11:00,0.2,100,54950
20240229,10:12:03,0.15,100,54950
20240229,10:12:11,0.2,500,54950
20240229,10:13:03,0.15,100,54950
20240229,10:15:15,0.15,400,54950
20240229,10:19:21,0.2,500,55050
20240229,10:19:30,0.15,400,55050
20240229,10:29:16,0.2,50,54950
20240229,10:29:44,0.15,50,54950
20240229,10:30:23,0.15,50,54950
20240229,10:31:37,0.2,50,54900
20240229,10:31:41,0.15,50,54900
20240229,10:34:18,0.15,50,54900
20240229,10:36:43,0.2,50,54900
20240229,10:36:58,0.2,50,54900
20240229,10:43:08,0.2,50,54900
20240229,10:44:50,0.15,50,54900
20240229,10:45:38,0.2,400,54900
20240229,10:46:29,0.15,600,54900
20240229,10:46:30,0.15,1000,54900
20240229,10:59:37,0.2,450,54900
20240229,11:00:33,0.15,450,54900
20240229,11:04:06,0.15,250,54900
20240229,11:06:11,0.15,100,55150
20240229,11:08:59,0.15,250,55150
20240229,11:12:10,0.15,100,55150
20240229,11:16:13,0.15,250,55250
20240229,11:16:20,0.15,100,55250
20240229,11:17:27,0.15,100,55600
20240229,11:17:54,0.15,350,55600
20240229,11:18:08,0.15,250,55600
20240229,11:20:25,0.1,1050,55400
20240229,11:20:25,0.1,300,55400
20240229,11:22:16,0.1,200,55400
20240229,11:24:31,0.15,50,55400
20240229,11:24:50,0.15,1900,55400
20240229,11:25:00,0.1,50,55400
20240229,11:25:06,0.1,50,55400
20240229,11:32:00,0.15,1450,55400
20240229,11:33:06,0.1,1450,55800
20240229,11:36:30,0.15,650,55800
20240229,11:36:42,0.15,50,56850
20240229,11:36:45,0.1,50,56850
20240229,11:55:49,0.15,1300,56850
20240229,11:57:36,0.1,50,56850
20240229,12:06:57,0.1,50,56600
20240229,12:12:39,0.1,200,56600
20240229,12:15:36,0.1,50,56650
20240229,12:32:11,0.15,50,56650
20240229,12:33:47,0.1,100,56650
20240229,12:40:23,0.15,800,56650
20240229,12:41:56,0.15,50,56650
20240229,12:44:15,0.1,650,56650
20240229,12:45:24,0.15,450,56650
20240229,12:46:32,0.1,450,56650
20240229,12:47:02,0.15,450,56650
20240229,12:51:27,0.15,50,56050
20240229,12:51:30,0.1,50,56050
20240229,12:53:35,0.15,50,56050
20240229,12:54:39,0.15,250,56100
20240229,13:00:13,0.15,50,56150
20240229,13:08:44,0.15,2500,56150
20240229,13:09:11,0.15,50,56150
20240229,13:10:42,0.1,50,56150
20240229,13:12:41,0.15,50,56200
20240229,13:13:10,0.1,3600,56200
20240229,13:19:23,0.1,250,55100
20240229,13:21:08,0.1,300,55100
20240229,13:21:30,0.1,1800,55100
20240229,13:22:44,0.1,1600,55100
20240229,13:23:56,0.1,400,55100
20240229,13:25:21,0.15,50,55100
20240229,13:43:53,0.1,50,54100
20240229,13:50:09,0.15,750,54050
20240229,13:53:43,0.05,2500,54050
20240229,13:53:52,0.05,250,54050
20240229,14:01:23,0.05,250,54050
20240229,14:08:16,0.1,750,53800
20240229,14:10:27,0.05,1200,53800
20240229,14:15:11,0.1,500,53800
20240229,14:23:28,0.05,50,53900
20240229,14:27:48,0.05,50,53900
20240229,14:28:18,0.1,350,53900
20240229,14:29:18,0.05,50,53900
20240229,14:32:54,0.1,900,53850
20240229,14:32:54,0.1,350,53850
20240229,14:32:56,0.1,200,53850
20240229,14:32:57,0.1,400,53850
20240229,14:32:58,0.1,4450,53850
20240229,14:37:10,0.05,1850,53850
20240229,14:37:30,0.05,450,53850
20240229,14:48:13,0.05,200,52800
20240229,14:54:05,0.05,200,52800
20240229,15:12:47,0.05,650,52600
20240229,15:13:05,0.05,100,52400
20240229,15:18:41,0.05,1000,52400
20240229,15:19:02,0.05,50,52400
20240229,15:19:04,0.05,50,52400
20240229,15:19:06,0.05,200,52400
20240229,15:19:23,0.05,50,52400
20240229,15:20:05,0.1,100,52400
20240229,15:20:27,0.05,50,52400
20240229,15:20:49,0.05,50,52400
20240229,15:20:50,0.05,50,52400
20240229,15:21:10,0.05,50,52400
20240229,15:22:20,0.05,450,52400
20240229,15:22:58,0.05,1000,52400
20240229,15:23:02,0.05,100,52850
20240229,15:23:10,0.1,100,52850
20240229,15:24:33,0.05,50,52850
20240229,15:25:43,0.05,550,52850
20240229,15:25:44,0.05,550,52850
