date,time,tick_price,volume,open_interest
20240115,09:15:09,1.5,1000,4950
20240115,09:15:17,0.75,500,4950
20240115,09:15:24,0.75,100,4950
20240115,09:15:31,0.8,50,4950
20240115,09:15:33,0.75,1000,4950
20240115,09:15:35,0.8,50,4950
20240115,09:15:36,0.8,50,4950
20240115,09:15:37,0.8,50,4950
20240115,09:15:39,0.8,50,4950
20240115,09:15:40,0.8,50,4950
20240115,09:15:42,0.8,100,4950
20240115,09:15:44,0.8,50,4950
20240115,09:15:45,0.8,50,4950
20240115,09:15:47,0.8,50,4950
20240115,09:15:49,0.8,50,4950
20240115,09:15:50,0.8,50,4950
20240115,09:16:07,0.8,50,4950
20240115,09:16:08,0.8,50,4950
20240115,09:16:10,0.8,100,4950
20240115,09:16:11,0.8,50,4950
20240115,09:16:12,0.8,100,4950
20240115,09:16:13,0.8,50,4950
20240115,09:16:14,0.8,150,4950
20240115,09:16:15,0.8,50,4950
20240115,09:16:17,0.8,150,4950
20240115,09:16:18,0.8,150,4950
20240115,09:16:19,0.8,50,4950
20240115,09:16:22,0.95,200,4950
20240115,09:16:23,0.85,100,4950
20240115,09:16:25,0.9,50,4950
20240115,09:16:29,0.85,150,4950
20240115,09:16:30,0.85,50,4950
20240115,09:16:34,0.85,150,4950
20240115,09:16:36,0.85,150,4950
20240115,09:16:40,0.85,150,4950
20240115,09:16:49,0.85,50,4950
20240115,09:16:51,0.85,150,4950
20240115,09:16:56,0.85,150,4950
20240115,09:17:00,0.85,150,4950
20240115,09:17:02,0.85,200,4950
20240115,09:17:03,0.85,50,4950
20240115,09:17:06,0.85,50,4950
20240115,09:17:11,0.85,100,4950
20240115,09:17:13,0.85,50,4950
20240115,09:17:17,0.85,150,4950
20240115,09:17:18,0.85,250,4950
20240115,09:17:21,0.85,50,4950
20240115,09:17:25,0.85,50,4950
20240115,09:17:27,0.85,200,4950
20240115,09:17:32,0.75,250,4950
20240115,09:17:35,0.8,50,4950
20240115,09:17:36,0.8,50,4950
20240115,09:17:37,0.8,50,4950
20240115,09:17:44,0.8,50,4950
20240115,09:17:45,0.8,50,4950
20240115,09:17:50,0.8,50,4950
20240115,09:17:53,0.8,50,4950
20240115,09:17:55,0.8,50,4950
20240115,09:18:03,0.8,50,4950
20240115,09:18:05,0.8,200,4950
20240115,09:18:09,0.8,100,4950
20240115,09:18:11,0.8,200,4950
20240115,09:18:19,0.8,100,4950
20240115,09:18:25,0.8,50,4950
20240115,09:18:28,0.8,50,4950
20240115,09:18:38,0.8,1000,4950
20240115,09:19:02,0.8,50,4950
20240115,09:19:13,0.75,1000,4950
20240115,09:20:00,0.8,300,4950
20240115,09:20:04,0.8,150,4950
20240115,09:20:05,0.8,450,4950
20240115,09:20:06,0.8,550,4950
20240115,09:20:09,0.75,750,4950
20240115,09:20:10,0.75,400,4950
20240115,09:20:25,0.8,50,4950
20240115,09:20:27,0.8,50,4950
20240115,09:20:28,0.8,50,6550
20240115,09:20:29,0.8,50,6550
20240115,09:20:30,0.8,400,6550
20240115,09:20:32,0.8,550,6550
20240115,09:20:33,0.8,50,6550
20240115,09:20:34,0.8,300,6550
20240115,09:20:36,0.8,100,6550
20240115,09:20:37,0.8,550,6550
20240115,09:20:39,0.8,550,6550
20240115,09:20:41,0.8,900,6550
20240115,09:20:43,0.8,300,6550
20240115,09:20:44,0.8,50,6550
20240115,09:20:46,0.8,500,6550
20240115,09:20:58,0.85,100,6550
20240115,09:21:02,0.75,1500,6550
20240115,09:21:03,0.75,1500,6550
20240115,09:21:04,0.75,1500,6550
20240115,09:21:05,0.75,1500,6550
20240115,09:21:06,0.75,1500,6550
20240115,09:21:11,0.75,1400,6550
20240115,09:21:17,0.8,50,6550
20240115,09:21:23,0.75,1500,6550
20240115,09:21:24,0.8,50,6550
20240115,09:21:25,0.75,1500,6550
20240115,09:21:26,0.75,1500,6550
20240115,09:21:30,0.8,100,6550
20240115,09:21:33,0.8,50,6550
20240115,09:21:35,0.8,400,6550
20240115,09:21:46,0.8,50,6550
20240115,09:21:47,0.75,1500,6550
20240115,09:21:49,0.8,300,6550
20240115,09:21:54,0.8,50,6550
20240115,09:22:07,0.8,50,6550
20240115,09:22:27,0.75,1500,6550
20240115,09:22:29,0.75,1500,6550
20240115,09:22:30,0.75,1500,6550
20240115,09:22:31,0.75,1500,6550
20240115,09:22:34,0.75,1500,6550
20240115,09:22:53,0.75,1800,6550
20240115,09:22:53,0.75,650,6550
20240115,09:22:54,0.75,800,6550
20240115,09:22:55,0.75,100,6550
20240115,09:22:57,0.75,100,6550
20240115,09:23:18,0.75,50,6550
20240115,09:23:25,0.7,1500,6550
20240115,09:23:37,0.7,250,27250
20240115,09:23:52,0.75,500,27250
20240115,09:24:13,0.75,400,27250
20240115,09:24:33,0.75,600,27250
20240115,09:24:50,0.75,50,27250
20240115,09:24:51,0.75,50,27250
20240115,09:24:55,0.75,50,27250
20240115,09:25:23,0.75,50,27250
20240115,09:25:24,0.75,1800,27250
20240115,09:25:27,0.75,1800,27250
20240115,09:25:46,0.75,3600,27250
20240115,09:25:52,0.7,50,27250
20240115,09:26:00,0.7,50,27250
20240115,09:26:02,0.7,150,27250
20240115,09:26:02,0.7,250,27250
20240115,09:26:11,0.75,50,27250
20240115,09:26:16,0.75,100,27250
20240115,09:26:51,0.8,3600,26500
20240115,09:26:59,0.8,50,26500
20240115,09:27:02,0.8,150,26500
20240115,09:27:02,0.8,250,26500
20240115,09:27:07,0.8,50,26500
20240115,09:27:15,0.8,200,26500
20240115,09:27:18,0.75,50,26500
20240115,09:27:28,0.8,150,26500
20240115,09:27:37,0.75,50,26500
20240115,09:28:34,0.8,50,26500
20240115,09:28:40,0.8,50,26500
20240115,09:28:59,0.8,500,26500
20240115,09:29:41,0.75,1800,29500
20240115,09:30:02,0.8,150,29500
20240115,09:30:04,0.8,1650,29500
20240115,09:30:05,0.8,100,29500
20240115,09:30:19,0.75,50,29500
20240115,09:30:32,0.8,1800,29500
20240115,09:31:08,0.8,400,29500
20240115,09:31:15,0.8,100,29500
20240115,09:31:20,0.85,2000,29500
20240115,09:31:35,0.8,650,29500
20240115,09:31:37,0.8,850,29500
20240115,09:31:39,0.8,300,29500
20240115,09:31:40,0.9,4050,29500
20240115,09:31:41,0.9,1400,29500
20240115,09:31:43,0.8,300,29500
20240115,09:31:46,0.8,300,29500
20240115,09:31:50,0.8,650,29500
20240115,09:31:51,0.8,1500,29500
20240115,09:31:54,0.75,50,29500
20240115,09:31:57,0.75,500,29500
20240115,09:32:00,0.75,300,29500
20240115,09:32:14,0.75,1800,29500
20240115,09:32:17,0.8,50,29500
20240115,09:32:19,0.8,50,29500
20240115,09:32:21,0.8,50,29500
20240115,09:32:23,0.8,50,29500
20240115,09:32:25,0.8,50,29500
20240115,09:32:28,0.8,50,39600
20240115,09:32:30,0.8,500,39600
20240115,09:32:33,0.8,550,39600
20240115,09:32:37,0.8,550,39600
20240115,09:32:38,0.8,1550,39600
20240115,09:32:41,0.85,300,39600
20240115,09:32:42,0.85,500,39600
20240115,09:32:45,0.85,500,39600
20240115,09:32:48,0.85,450,39600
20240115,09:32:55,0.75,50,39600
20240115,09:33:09,0.85,100,39600
20240115,09:33:11,0.85,100,39600
20240115,09:33:21,0.75,21800,39600
20240115,09:33:22,0.75,950,39600
20240115,09:33:26,0.75,450,39600
20240115,09:33:27,0.75,800,39600
20240115,09:33:28,0.75,600,39600
20240115,09:33:32,0.8,50,39600
20240115,09:33:33,0.75,450,39600
20240115,09:33:34,0.75,650,39600
20240115,09:33:35,0.8,400,39600
20240115,09:33:38,0.8,750,39600
20240115,09:34:34,0.8,100,39600
20240115,09:34:45,0.8,500,39600
20240115,09:35:09,0.75,1800,39600
20240115,09:35:36,0.8,100,66800
20240115,09:36:16,0.8,50,66800
20240115,09:36:19,0.8,100,66800
20240115,09:36:22,0.8,100,66800
20240115,09:36:31,0.75,400,66800
20240115,09:36:47,0.75,500,66800
20240115,09:36:48,0.75,700,66800
20240115,09:36:49,0.75,1750,66800
20240115,09:36:51,0.75,300,66800
20240115,09:36:54,0.75,250,66800
20240115,09:37:51,0.8,50,66800
20240115,09:38:12,0.75,50,66800
20240115,09:38:12,0.8,1800,66800
20240115,09:38:15,0.8,1800,66800
20240115,09:38:30,0.75,50,70950
20240115,09:38:52,0.8,1800,70950
20240115,09:39:03,0.75,50,70950
20240115,09:39:13,0.75,1800,70950
20240115,09:39:16,0.75,400,70950
20240115,09:39:29,0.75,750,70950
20240115,09:39:30,0.75,300,70950
20240115,09:39:38,0.75,250,70950
20240115,09:39:39,0.75,250,70950
20240115,09:40:05,0.8,50,70950
20240115,09:40:13,0.75,50,70950
20240115,09:40:45,0.8,100,70950
20240115,09:41:07,0.75,1350,70950
20240115,09:42:30,0.75,550,71450
20240115,09:42:33,0.75,550,71450
20240115,09:42:35,0.75,100,71450
20240115,09:42:36,0.75,550,71450
20240115,09:42:39,0.75,800,71450
20240115,09:42:41,0.75,550,71450
20240115,09:42:43,0.75,150,71450
20240115,09:42:50,0.75,300,71450
20240115,09:42:57,0.75,250,71450
20240115,09:43:01,0.75,50,71450
20240115,09:43:02,0.75,1850,71450
20240115,09:43:36,0.75,100,71450
20240115,09:43:40,0.75,50,71450
20240115,09:43:48,0.75,50,71450
20240115,09:45:18,0.7,500,71450
20240115,09:45:22,0.7,1800,68850
20240115,09:45:23,0.7,7200,68850
20240115,09:45:24,0.7,6000,68850
20240115,09:45:32,0.7,1800,68850
20240115,09:45:34,0.7,1800,68850
20240115,09:45:38,0.7,1800,68850
20240115,09:45:43,0.75,100,68850
20240115,09:45:55,0.75,50,68850
20240115,09:45:56,0.75,50,68850
20240115,09:47:51,0.75,3600,68850
20240115,09:48:06,0.75,150,64300
20240115,09:48:12,0.75,50,64300
20240115,09:48:42,0.75,500,64300
20240115,09:49:17,0.75,50,64300
20240115,09:49:32,0.75,50,64300
20240115,09:50:40,0.75,250,64300
20240115,09:50:40,0.75,100,64300
20240115,09:50:41,0.75,100,64300
20240115,09:50:44,0.7,200,64300
20240115,09:50:49,0.7,50,64300
20240115,09:50:59,0.7,1800,64300
20240115,09:51:00,0.7,200,64300
20240115,09:51:02,0.7,1800,64300
20240115,09:51:12,0.75,50,64300
20240115,09:51:14,0.75,50,64300
20240115,09:52:05,0.75,50,64300
20240115,09:52:15,0.75,50,64300
20240115,09:53:14,0.75,50,64300
20240115,09:53:15,0.75,50,64300
20240115,09:53:29,0.75,50,64300
20240115,09:53:30,0.75,50,64300
20240115,09:53:31,0.75,50,65550
20240115,09:53:32,0.75,50,65550
20240115,09:53:33,0.75,50,65550
20240115,09:53:34,0.75,50,65550
20240115,09:53:35,0.75,50,65550
20240115,09:53:36,0.75,50,65550
20240115,09:53:37,0.75,50,65550
20240115,09:53:38,0.75,50,65550
20240115,09:53:39,0.75,50,65550
20240115,09:53:40,0.75,50,65550
20240115,09:53:41,0.75,50,65550
20240115,09:53:42,0.75,50,65550
20240115,09:53:43,0.75,50,65550
20240115,09:53:44,0.75,50,65550
20240115,09:53:45,0.75,50,65550
20240115,09:53:46,0.75,50,65550
20240115,09:53:47,0.75,50,65550
20240115,09:53:48,0.75,50,65550
20240115,09:53:49,0.75,50,65550
20240115,09:53:50,0.75,50,65550
20240115,09:53:51,0.75,50,65550
20240115,09:53:52,0.75,50,65550
20240115,09:53:53,0.75,50,65550
20240115,09:53:54,0.75,50,65550
20240115,09:53:55,0.75,50,65550
20240115,09:53:56,0.75,50,65550
20240115,09:53:57,0.75,50,65550
20240115,09:53:58,0.75,50,65550
20240115,09:53:59,0.75,50,65550
20240115,09:54:00,0.75,50,65550
20240115,09:54:13,0.75,50,65550
20240115,09:54:14,0.75,50,65550
20240115,09:54:41,0.75,250,65550
20240115,09:54:45,0.75,350,65550
20240115,09:54:46,0.75,700,65550
20240115,09:54:47,0.75,750,65550
20240115,09:55:04,0.7,150,65550
20240115,09:55:05,0.7,150,65550
20240115,09:55:06,0.7,150,65550
20240115,09:55:07,0.7,150,65550
20240115,09:55:08,0.7,150,65550
20240115,09:55:09,0.7,150,65550
20240115,09:55:10,0.7,150,65550
20240115,09:55:11,0.7,150,65550
20240115,09:55:12,0.7,150,65550
20240115,09:55:13,0.7,150,65550
20240115,09:55:14,0.7,150,65550
20240115,09:55:15,0.7,150,65550
20240115,09:55:39,0.75,250,65550
20240115,09:56:27,0.75,500,65550
20240115,09:56:56,0.75,50,64150
20240115,09:56:58,0.75,50,64150
20240115,09:56:59,0.75,50,64150
20240115,09:58:04,0.7,100,64150
20240115,09:58:32,0.7,150,64150
20240115,09:58:46,0.75,50,64150
20240115,09:59:29,0.75,50,64150
20240115,10:00:09,0.7,300,64250
20240115,10:00:46,0.75,300,64250
20240115,10:00:48,0.75,200,64250
20240115,10:00:58,0.7,1800,64250
20240115,10:00:59,0.7,1800,64250
20240115,10:01:41,0.75,50,64250
20240115,10:01:42,0.75,50,64250
20240115,10:01:43,0.75,50,64250
20240115,10:01:44,0.75,50,64250
20240115,10:01:45,0.75,50,64250
20240115,10:01:46,0.75,50,64250
20240115,10:01:47,0.75,50,64250
20240115,10:01:48,0.75,50,64250
20240115,10:01:49,0.75,50,64250
20240115,10:01:50,0.75,50,64250
20240115,10:02:01,0.75,50,64250
20240115,10:02:02,0.75,50,64250
20240115,10:02:03,0.75,50,64250
20240115,10:02:04,0.75,50,64250
20240115,10:02:05,0.75,50,64250
20240115,10:02:06,0.75,100,64250
20240115,10:02:07,0.75,100,64250
20240115,10:02:08,0.75,200,64250
20240115,10:02:09,0.75,250,64250
20240115,10:02:09,0.75,100,64250
20240115,10:02:11,0.75,450,64250
20240115,10:02:12,0.75,50,64250
20240115,10:02:13,0.75,200,64250
20240115,10:02:15,0.75,1350,64250
20240115,10:02:16,0.75,700,64250
20240115,10:02:17,0.75,650,64250
20240115,10:02:18,0.75,550,64250
20240115,10:02:19,0.75,850,64250
20240115,10:02:20,0.8,2600,64250
20240115,10:02:21,0.8,150,64250
20240115,10:02:22,0.8,150,64250
20240115,10:02:24,0.8,300,64250
20240115,10:02:25,0.8,200,64250
20240115,10:02:26,0.8,200,64250
20240115,10:02:27,0.8,200,64250
20240115,10:02:28,0.8,200,64250
20240115,10:02:29,0.8,200,64250
20240115,10:02:30,0.8,200,64250
20240115,10:02:32,0.8,400,64250
20240115,10:02:33,0.8,200,68450
20240115,10:02:35,0.8,400,68450
20240115,10:02:36,0.8,200,68450
20240115,10:02:37,0.8,200,68450
20240115,10:02:38,0.8,200,68450
20240115,10:02:39,0.8,200,68450
20240115,10:02:40,0.8,200,68450
20240115,10:02:41,0.8,200,68450
20240115,10:02:42,0.8,200,68450
20240115,10:02:43,0.8,200,68450
20240115,10:02:44,0.8,200,68450
20240115,10:02:45,0.8,200,68450
20240115,10:02:46,0.8,200,68450
20240115,10:02:47,0.8,200,68450
20240115,10:02:48,0.8,200,68450
20240115,10:02:49,0.8,200,68450
20240115,10:02:50,0.8,200,68450
20240115,10:02:51,0.8,200,68450
20240115,10:02:52,0.8,200,68450
20240115,10:02:54,0.8,400,68450
20240115,10:02:55,0.8,200,68450
20240115,10:02:56,0.8,200,68450
20240115,10:02:58,0.8,400,68450
20240115,10:02:59,0.8,200,68450
20240115,10:03:00,0.8,200,68450
20240115,10:03:02,0.8,50,68450
20240115,10:03:03,0.8,50,68450
20240115,10:03:04,0.8,50,68450
20240115,10:03:05,0.8,50,68450
20240115,10:03:07,0.8,100,68450
20240115,10:03:08,0.8,50,68450
20240115,10:03:11,0.8,100,68450
20240115,10:04:20,0.75,50,68450
20240115,10:04:22,0.75,50,68450
20240115,10:04:35,0.75,50,68450
20240115,10:04:42,0.8,50,68450
20240115,10:04:45,0.8,50,68450
20240115,10:04:46,0.8,50,68450
20240115,10:04:55,0.75,100,68450
20240115,10:05:00,0.75,50,68450
20240115,10:05:08,0.8,50,68450
20240115,10:05:09,0.8,50,68450
20240115,10:05:10,0.8,50,68450
20240115,10:05:11,0.8,50,68450
20240115,10:05:12,0.8,50,68450
20240115,10:05:13,0.8,50,68450
20240115,10:05:14,0.8,50,68450
20240115,10:05:37,0.8,100,71750
20240115,10:06:52,0.75,1800,71750
20240115,10:06:53,0.75,1800,71750
20240115,10:06:54,0.75,1800,71750
20240115,10:06:55,0.75,1800,71750
20240115,10:06:56,0.75,1800,71750
20240115,10:06:57,0.75,1800,71750
20240115,10:06:58,0.8,50,71750
20240115,10:06:59,0.75,1800,71750
20240115,10:07:00,0.8,1850,71750
20240115,10:07:01,0.75,1800,71750
20240115,10:08:33,0.8,1800,67600
20240115,10:08:33,0.8,3200,67600
20240115,10:09:46,0.75,150,67600
20240115,10:09:53,0.8,1800,67600
20240115,10:09:54,0.8,3200,67600
20240115,10:10:36,0.75,100,67600
20240115,10:10:37,0.8,200,67600
20240115,10:10:50,0.75,50,67600
20240115,10:10:51,0.75,50,67600
20240115,10:10:52,0.75,200,67600
20240115,10:10:53,0.75,200,67600
20240115,10:10:54,0.75,200,67600
20240115,10:10:55,0.75,200,67600
20240115,10:10:56,0.75,200,67600
20240115,10:10:57,0.75,200,67600
20240115,10:11:01,0.75,50,67600
20240115,10:11:02,0.75,50,67600
20240115,10:11:03,0.75,50,67600
20240115,10:11:04,0.75,50,67600
20240115,10:11:05,0.75,50,67600
20240115,10:11:06,0.75,200,67600
20240115,10:11:07,0.75,200,67600
20240115,10:11:08,0.75,200,67600
20240115,10:11:09,0.75,200,67600
20240115,10:11:10,0.75,50,67600
20240115,10:11:11,0.75,50,67600
20240115,10:11:12,0.75,50,67600
20240115,10:11:13,0.75,50,67600
20240115,10:11:14,0.75,50,67600
20240115,10:11:15,0.75,50,67600
20240115,10:11:16,0.75,50,67600
20240115,10:11:17,0.75,50,67600
20240115,10:11:18,0.75,50,67600
20240115,10:11:19,0.75,50,67600
20240115,10:11:20,0.75,50,67600
20240115,10:11:21,0.75,50,67600
20240115,10:11:22,0.75,50,67600
20240115,10:11:23,0.8,150,67600
20240115,10:11:24,0.75,50,67600
20240115,10:11:25,0.75,50,67600
20240115,10:11:26,0.75,50,67600
20240115,10:11:27,0.75,50,67600
20240115,10:11:28,0.75,50,67600
20240115,10:11:29,0.75,50,67600
20240115,10:11:30,0.75,50,67600
20240115,10:11:31,0.75,50,67600
20240115,10:11:32,0.75,50,67600
20240115,10:11:33,0.75,50,67600
20240115,10:11:34,0.75,50,68550
20240115,10:11:35,0.75,50,68550
20240115,10:11:36,0.75,50,68550
20240115,10:11:37,0.75,50,68550
20240115,10:11:38,0.75,50,68550
20240115,10:11:39,0.75,50,68550
20240115,10:11:40,0.75,200,68550
20240115,10:11:41,0.75,200,68550
20240115,10:11:42,0.75,50,68550
20240115,10:11:43,0.75,50,68550
20240115,10:11:44,0.75,50,68550
20240115,10:11:45,0.75,50,68550
20240115,10:11:46,0.75,50,68550
20240115,10:12:21,0.75,50,68550
20240115,10:12:22,0.75,50,68550
20240115,10:12:23,0.75,50,68550
20240115,10:12:24,0.75,50,68550
20240115,10:12:25,0.75,50,68550
20240115,10:12:26,0.75,50,68550
20240115,10:12:27,0.75,100,68550
20240115,10:13:47,0.8,100,68550
20240115,10:13:56,0.75,50,68550
20240115,10:13:57,0.75,50,68550
20240115,10:13:59,0.7,7350,68550
20240115,10:14:00,0.7,200,68550
20240115,10:14:00,0.75,100,68550
20240115,10:14:01,0.7,200,68550
20240115,10:14:02,0.7,200,68550
20240115,10:14:03,0.7,250,68550
20240115,10:14:04,0.7,200,68550
20240115,10:14:05,0.75,50,68550
20240115,10:14:11,0.7,50,68550
20240115,10:14:12,0.7,50,68550
20240115,10:14:13,0.7,50,68550
20240115,10:14:14,0.7,50,68550
20240115,10:14:15,0.7,50,68550
20240115,10:14:16,0.7,50,68550
20240115,10:14:17,0.7,50,68550
20240115,10:14:18,0.75,350,68550
20240115,10:14:19,0.7,300,68550
20240115,10:14:20,0.7,50,68550
20240115,10:14:21,0.7,50,68550
20240115,10:14:22,0.7,50,68550
20240115,10:14:23,0.7,200,68550
20240115,10:14:24,0.7,200,68550
20240115,10:14:25,0.7,200,68550
20240115,10:14:26,0.7,200,68550
20240115,10:14:27,0.75,850,68550
20240115,10:14:28,0.7,50,68550
20240115,10:14:28,0.75,350,68550
20240115,10:14:30,0.7,100,68550
20240115,10:14:31,0.7,50,68550
20240115,10:14:32,0.7,50,68550
20240115,10:14:33,0.7,50,68550
20240115,10:14:34,0.75,800,63700
20240115,10:14:34,0.75,250,63700
20240115,10:14:36,0.7,1200,63700
20240115,10:14:37,0.7,50,63700
20240115,10:14:38,0.7,50,63700
20240115,10:14:39,0.7,50,63700
20240115,10:14:40,0.7,200,63700
20240115,10:14:41,0.7,200,63700
20240115,10:14:42,0.7,200,63700
20240115,10:14:43,0.7,200,63700
20240115,10:14:44,0.7,200,63700
20240115,10:14:45,0.7,50,63700
20240115,10:14:46,0.7,50,63700
20240115,10:14:47,0.7,50,63700
20240115,10:14:48,0.7,50,63700
20240115,10:14:49,0.7,50,63700
20240115,10:14:50,0.7,50,63700
20240115,10:14:51,0.7,50,63700
20240115,10:14:52,0.7,50,63700
20240115,10:14:53,0.7,50,63700
20240115,10:14:54,0.7,50,63700
20240115,10:14:55,0.7,200,63700
20240115,10:14:56,0.7,200,63700
20240115,10:14:57,0.7,200,63700
20240115,10:14:58,0.7,200,63700
20240115,10:14:59,0.7,50,63700
20240115,10:15:00,0.7,50,63700
20240115,10:15:01,0.7,50,63700
20240115,10:15:02,0.7,50,63700
20240115,10:15:03,0.7,50,63700
20240115,10:15:04,0.7,50,63700
20240115,10:15:29,0.75,50,63700
20240115,10:15:43,0.75,50,63700
20240115,10:15:44,0.75,50,63700
20240115,10:16:08,0.75,250,63700
20240115,10:16:19,0.75,250,63700
20240115,10:16:22,0.75,50,63700
20240115,10:16:46,0.7,200,63700
20240115,10:16:47,0.7,300,63700
20240115,10:17:05,0.75,50,63700
20240115,10:17:49,0.75,250,61650
20240115,10:18:10,0.75,50,61650
20240115,10:18:48,0.75,1800,61650
20240115,10:19:19,0.75,1000,61650
20240115,10:19:28,0.7,400,61650
20240115,10:20:21,0.7,150,61650
20240115,10:20:29,0.75,100,61650
20240115,10:20:30,0.75,550,61650
20240115,10:20:51,0.75,100,61650
20240115,10:23:05,0.75,50,62650
20240115,10:24:12,0.75,250,62800
20240115,10:24:18,0.75,50,62800
20240115,10:25:31,0.75,50,62800
20240115,10:25:33,0.75,100,62800
20240115,10:27:22,0.75,50,62800
20240115,10:27:49,0.75,1500,62750
20240115,10:29:19,0.75,250,62750
20240115,10:30:18,0.75,200,62750
20240115,10:30:24,0.75,100,64250
20240115,10:30:30,0.75,1800,64250
20240115,10:30:42,0.75,2400,64250
20240115,10:30:54,0.7,150,64250
20240115,10:31:08,0.7,2000,64250
20240115,10:32:19,0.75,100,64250
20240115,10:32:20,0.75,150,64250
20240115,10:32:21,0.75,150,64250
20240115,10:32:22,0.75,50,64250
20240115,10:32:23,0.75,50,64250
20240115,10:32:24,0.75,50,64250
20240115,10:32:25,0.75,50,64250
20240115,10:32:26,0.75,50,64250
20240115,10:32:27,0.75,50,64250
20240115,10:32:28,0.75,50,64250
20240115,10:32:29,0.75,150,64250
20240115,10:32:30,0.75,150,64250
20240115,10:32:31,0.75,150,64250
20240115,10:32:32,0.75,50,64250
20240115,10:32:33,0.75,50,64250
20240115,10:32:34,0.75,50,64250
20240115,10:32:35,0.75,50,64250
20240115,10:32:36,0.75,50,65000
20240115,10:32:37,0.75,50,65000
20240115,10:32:38,0.75,50,65000
20240115,10:32:39,0.75,50,65000
20240115,10:32:40,0.75,50,65000
20240115,10:32:41,0.7,1850,65000
20240115,10:32:42,0.75,50,65000
20240115,10:32:43,0.75,50,65000
20240115,10:32:44,0.75,50,65000
20240115,10:32:45,0.75,50,65000
20240115,10:32:46,0.75,50,65000
20240115,10:32:47,0.75,50,65000
20240115,10:32:48,0.75,50,65000
20240115,10:32:49,0.75,50,65000
20240115,10:32:50,0.75,50,65000
20240115,10:32:51,0.75,50,65000
20240115,10:32:52,0.75,50,65000
20240115,10:33:00,0.7,1500,65000
20240115,10:33:00,0.7,1000,65000
20240115,10:33:01,0.7,2500,65000
20240115,10:33:02,0.7,2550,65000
20240115,10:33:03,0.75,50,65000
20240115,10:33:04,0.75,50,65000
20240115,10:33:05,0.75,150,65000
20240115,10:33:06,0.75,150,65000
20240115,10:33:07,0.75,150,65000
20240115,10:33:08,0.75,650,65000
20240115,10:33:09,0.7,2500,65000
20240115,10:33:11,0.7,1500,65000
20240115,10:33:12,0.75,550,65000
20240115,10:33:13,0.7,2650,65000
20240115,10:33:14,0.7,3050,65000
20240115,10:33:15,0.7,1550,65000
20240115,10:33:16,0.75,150,65000
20240115,10:33:17,0.75,50,65000
20240115,10:33:18,0.75,50,65000
20240115,10:33:19,0.7,1550,65000
20240115,10:33:20,0.75,1050,65000
20240115,10:33:21,0.75,50,65000
20240115,10:33:22,0.75,50,65000
20240115,10:33:23,0.75,50,65000
20240115,10:33:24,0.75,50,65000
20240115,10:33:29,0.75,50,65000
20240115,10:33:30,0.75,50,65000
20240115,10:33:31,0.75,50,65000
20240115,10:33:32,0.75,50,65000
20240115,10:33:33,0.75,50,65000
20240115,10:33:34,0.75,50,65000
20240115,10:33:35,0.7,1000,65000
20240115,10:33:36,0.7,1000,65000
20240115,10:33:39,0.75,50,65000
20240115,10:33:40,0.75,50,65000
20240115,10:33:41,0.75,50,65000
20240115,10:33:42,0.75,50,65000
20240115,10:33:43,0.7,550,65000
20240115,10:33:43,0.7,500,65000
20240115,10:33:44,0.75,50,65000
20240115,10:33:45,0.75,50,65000
20240115,10:33:46,0.75,50,65000
20240115,10:33:47,0.75,50,65000
20240115,10:35:33,0.75,100,65000
20240115,10:36:06,0.75,50,86600
20240115,10:36:22,0.75,100,86600
20240115,10:36:25,0.75,100,86600
20240115,10:38:29,0.7,1800,86600
20240115,10:38:31,0.7,800,86600
20240115,10:38:38,0.7,100,86600
20240115,10:40:09,0.75,50,89200
20240115,10:40:10,0.75,300,89200
20240115,10:40:26,0.7,50,89200
20240115,10:40:27,0.7,50,89200
20240115,10:40:37,0.75,100,89200
20240115,10:40:40,0.7,50,89200
20240115,10:40:49,0.7,50,89200
20240115,10:40:51,0.7,50,89200
20240115,10:40:52,0.7,50,89200
20240115,10:40:55,0.7,50,89200
20240115,10:40:58,0.7,50,89200
20240115,10:41:32,0.7,50,89200
20240115,10:41:33,0.7,50,89200
20240115,10:41:34,0.7,50,89200
20240115,10:41:35,0.7,50,89200
20240115,10:41:36,0.7,50,89200
20240115,10:41:37,0.7,50,89200
20240115,10:41:38,0.7,50,89300
20240115,10:41:39,0.7,50,89300
20240115,10:41:40,0.7,50,89300
20240115,10:41:41,0.7,50,89300
20240115,10:41:42,0.7,50,89300
20240115,10:41:43,0.7,50,89300
20240115,10:41:44,0.7,50,89300
20240115,10:41:45,0.7,50,89300
20240115,10:41:46,0.7,200,89300
20240115,10:41:47,0.7,200,89300
20240115,10:41:48,0.7,200,89300
20240115,10:42:01,0.7,50,89300
20240115,10:42:02,0.7,50,89300
20240115,10:42:03,0.7,50,89300
20240115,10:42:04,0.7,50,89300
20240115,10:42:05,0.7,50,89300
20240115,10:42:06,0.7,50,89300
20240115,10:42:07,0.7,50,89300
20240115,10:42:08,0.7,50,89300
20240115,10:42:09,0.7,50,89300
20240115,10:42:10,0.7,50,89300
20240115,10:42:11,0.7,50,89300
20240115,10:42:12,0.7,200,89300
20240115,10:42:13,0.7,200,89300
20240115,10:42:14,0.7,200,89300
20240115,10:42:44,0.7,1750,89300
20240115,10:42:47,0.7,1500,89300
20240115,10:43:22,0.7,500,89300
20240115,10:45:38,0.75,100,89300
20240115,10:45:58,0.75,50,93050
20240115,10:46:58,0.7,300,93050
20240115,10:47:02,0.7,50,93050
20240115,10:47:03,0.7,50,93050
20240115,10:47:04,0.7,50,93050
20240115,10:47:05,0.7,50,93050
20240115,10:47:06,0.7,50,93050
20240115,10:47:07,0.7,50,93050
20240115,10:47:08,0.7,50,93050
20240115,10:47:09,0.7,50,93050
20240115,10:47:10,0.7,50,93050
20240115,10:47:11,0.7,50,93050
20240115,10:47:12,0.7,50,93050
20240115,10:47:13,0.7,50,93050
20240115,10:47:14,0.7,50,93050
20240115,10:47:15,0.7,50,93050
20240115,10:47:16,0.7,50,93050
20240115,10:47:17,0.7,50,93050
20240115,10:47:19,0.7,50,93050
20240115,10:47:20,0.7,50,93050
20240115,10:47:21,0.75,750,93050
20240115,10:47:22,0.7,50,93050
20240115,10:47:23,0.7,50,93050
20240115,10:47:24,0.7,50,93050
20240115,10:47:25,0.7,50,93050
20240115,10:47:26,0.7,50,93050
20240115,10:47:27,0.7,50,93050
20240115,10:47:28,0.7,50,93050
20240115,10:47:29,0.7,50,93050
20240115,10:47:31,0.7,50,93050
20240115,10:47:32,0.7,50,93050
20240115,10:47:33,0.7,50,93050
20240115,10:47:34,0.7,50,93050
20240115,10:47:45,0.75,100,93000
20240115,10:49:06,0.75,5000,93000
20240115,10:49:35,0.75,500,93000
20240115,10:50:35,0.75,100,93000
20240115,10:50:47,0.7,100,93000
20240115,10:51:57,0.7,50,93000
20240115,10:52:01,0.7,500,93000
20240115,10:52:02,0.7,3000,93000
20240115,10:52:03,0.7,3000,93000
20240115,10:52:04,0.7,3000,93000
20240115,10:52:05,0.7,2500,93000
20240115,10:52:06,0.7,500,93000
20240115,10:52:22,0.7,50,93000
20240115,10:52:23,0.75,800,93000
20240115,10:54:51,0.7,1000,93000
20240115,10:54:51,0.7,1000,105500
20240115,10:54:52,0.7,2500,105500
20240115,10:54:53,0.7,3000,105500
20240115,10:54:54,0.7,2000,105500
20240115,10:55:11,0.7,1000,105500
20240115,10:55:12,0.7,1000,105500
20240115,10:55:13,0.7,1000,105500
20240115,10:55:34,0.75,100,105500
20240115,10:55:59,0.75,50,105500
20240115,10:56:16,0.7,50,105500
20240115,10:57:20,0.75,300,118000
20240115,10:57:24,0.7,50,118000
20240115,10:58:27,0.7,50,118000
20240115,10:58:59,0.7,50,118000
20240115,11:00:08,0.75,100,118000
20240115,11:00:41,0.7,100,118000
20240115,11:00:42,0.7,100,118000
20240115,11:00:43,0.75,100,118000
20240115,11:02:58,0.7,150,118000
20240115,11:03:16,0.75,100,118000
20240115,11:03:25,0.75,100,118000
20240115,11:05:10,0.7,350,118000
20240115,11:05:12,0.7,400,118000
20240115,11:05:15,0.7,250,118000
20240115,11:05:20,0.7,250,118000
20240115,11:05:32,0.75,100,118000
20240115,11:05:32,0.7,1800,118000
20240115,11:05:36,0.7,500,118000
20240115,11:05:36,0.7,650,118000
20240115,11:05:41,0.7,250,122200
20240115,11:05:54,0.7,250,122200
20240115,11:05:55,0.7,350,122200
20240115,11:05:57,0.7,250,122200
20240115,11:06:21,0.75,100,122200
20240115,11:06:30,0.75,50,122200
20240115,11:06:32,0.75,100,122200
20240115,11:06:54,0.7,250,122200
20240115,11:06:59,0.7,250,122200
20240115,11:07:01,0.7,550,122200
20240115,11:07:02,0.7,250,122200
20240115,11:07:05,0.7,400,122200
20240115,11:07:32,0.7,250,122200
20240115,11:07:33,0.7,300,122200
20240115,11:07:51,0.75,200,122200
20240115,11:07:55,0.75,200,122200
20240115,11:08:04,0.7,750,122200
20240115,11:08:05,0.7,350,122200
20240115,11:08:20,0.7,250,122200
20240115,11:08:21,0.7,350,122200
20240115,11:08:25,0.75,50,122200
20240115,11:09:04,0.7,1000,127150
20240115,11:10:16,0.75,50,127150
20240115,11:10:33,0.75,50,127150
20240115,11:11:28,0.7,250,127150
20240115,11:11:42,0.7,250,128400
20240115,11:11:43,0.7,250,128400
20240115,11:12:24,0.7,500,128400
20240115,11:14:21,0.7,250,128400
20240115,11:14:28,0.7,350,128400
20240115,11:14:38,0.7,450,128400
20240115,11:14:39,0.7,350,128400
20240115,11:14:51,0.7,250,130300
20240115,11:14:55,0.75,50,130300
20240115,11:15:04,0.7,250,130300
20240115,11:15:07,0.7,600,130300
20240115,11:15:09,0.7,500,130300
20240115,11:15:11,0.7,650,130300
20240115,11:15:14,0.7,100,130300
20240115,11:15:15,0.7,450,130300
20240115,11:15:19,0.7,550,130300
20240115,11:15:22,0.7,500,130300
20240115,11:15:27,0.7,550,130300
20240115,11:15:31,0.7,100,130300
20240115,11:15:32,0.7,650,130300
20240115,11:15:37,0.75,750,130300
20240115,11:15:42,0.7,250,130300
20240115,11:15:42,0.75,50,130300
20240115,11:15:52,0.7,50,130300
20240115,11:19:08,0.7,50,131400
20240115,11:19:20,0.7,400,131400
20240115,11:19:59,0.7,300,131400
20240115,11:19:59,0.7,850,131400
20240115,11:20:01,0.7,300,131400
20240115,11:20:02,0.7,50,131400
20240115,11:20:05,0.7,300,131400
20240115,11:20:26,0.7,250,131400
20240115,11:20:34,0.75,750,131400
20240115,11:20:35,0.7,800,131400
20240115,11:20:48,0.7,250,134850
20240115,11:20:49,0.7,300,134850
20240115,11:20:51,0.7,350,134850
20240115,11:20:54,0.7,300,134850
20240115,11:20:58,0.75,50,134850
20240115,11:20:59,0.75,50,134850
20240115,11:21:01,0.75,50,134850
20240115,11:21:03,0.75,50,134850
20240115,11:21:05,0.75,50,134850
20240115,11:21:07,0.75,50,134850
20240115,11:21:10,0.75,500,134850
20240115,11:21:15,0.75,400,134850
20240115,11:21:21,0.75,450,134850
20240115,11:21:25,0.75,400,134850
20240115,11:21:27,0.75,100,134850
20240115,11:21:28,0.75,500,134850
20240115,11:21:30,0.75,250,134850
20240115,11:21:32,0.75,100,134850
20240115,11:21:33,0.75,500,134850
20240115,11:21:37,0.75,500,134850
20240115,11:21:41,0.75,450,134850
20240115,11:24:46,0.75,1800,134850
20240115,11:24:47,0.75,200,136050
20240115,11:25:18,0.7,800,136050
20240115,11:26:09,0.7,450,136050
20240115,11:26:10,0.7,400,136050
20240115,11:26:13,0.7,650,136050
20240115,11:26:15,0.7,650,136050
20240115,11:26:17,0.7,650,136050
20240115,11:26:18,0.7,5400,136050
20240115,11:26:19,0.7,550,136050
20240115,11:26:21,0.7,450,136050
20240115,11:26:24,0.7,550,136050
20240115,11:26:26,0.7,300,136050
20240115,11:26:27,0.7,500,136050
20240115,11:26:28,0.7,650,136050
20240115,11:26:54,0.75,50,136050
20240115,11:26:57,0.75,50,136050
20240115,11:26:59,0.75,50,136050
20240115,11:27:03,0.7,150,136050
20240115,11:30:08,0.75,1800,136050
20240115,11:30:10,0.75,1800,136050
20240115,11:30:12,0.75,1800,136050
20240115,11:30:14,0.75,1800,136050
20240115,11:30:15,0.75,1800,136050
20240115,11:30:17,0.75,1800,136050
20240115,11:30:19,0.75,1800,136050
20240115,11:30:21,0.75,1800,136050
20240115,11:30:27,0.75,1800,136050
20240115,11:30:28,0.75,1800,136050
20240115,11:30:30,0.75,1800,136050
20240115,11:30:39,0.75,100,136050
20240115,11:32:29,0.75,50,136050
20240115,11:32:47,0.7,50,136050
20240115,11:33:24,0.75,50,136450
20240115,11:33:43,0.7,50,136450
20240115,11:35:38,0.75,100,136450
20240115,11:40:47,0.75,150,136450
20240115,11:42:01,0.7,50,136450
20240115,11:42:13,0.7,250,136450
20240115,11:42:52,0.7,250,136450
20240115,11:45:37,0.75,100,136950
20240115,11:46:10,0.75,100,136950
20240115,11:46:28,0.7,1000,136950
20240115,11:47:03,0.7,1200,136950
20240115,11:47:38,0.75,300,136950
20240115,11:47:42,0.7,450,136950
20240115,11:49:03,0.75,350,137400
20240115,11:49:36,0.75,50,137400
20240115,11:49:38,0.75,50,137400
20240115,11:49:40,0.75,50,137400
20240115,11:49:41,0.75,50,137400
20240115,11:49:44,0.75,50,137400
20240115,11:49:49,0.75,50,137400
20240115,11:49:50,0.7,50,137400
20240115,11:49:51,0.75,50,137400
20240115,11:49:55,0.75,50,137400
20240115,11:50:01,0.75,50,137400
20240115,11:50:03,0.7,50,137400
20240115,11:50:10,0.75,100,137400
20240115,11:50:19,0.75,150,137400
20240115,11:50:23,0.75,100,137400
20240115,11:50:25,0.75,500,137400
20240115,11:50:28,0.75,100,137400
20240115,11:50:29,0.75,100,137400
20240115,11:50:30,0.75,450,137400
20240115,11:50:34,0.75,100,137400
20240115,11:50:36,0.75,500,137400
20240115,11:50:40,0.75,500,137400
20240115,11:50:44,0.75,300,137400
20240115,11:50:47,0.75,100,137400
20240115,11:50:48,0.75,300,137400
20240115,11:50:53,0.75,300,137400
20240115,11:50:56,0.75,100,137400
20240115,11:51:50,0.7,300,137400
20240115,11:51:52,0.7,550,137400
20240115,11:51:54,0.7,550,137400
20240115,11:51:57,0.7,550,137400
20240115,11:52:00,0.7,300,137400
20240115,11:52:02,0.7,550,137400
20240115,11:52:04,0.7,550,137400
20240115,11:52:07,0.7,100,137400
20240115,11:52:08,0.7,600,137400
20240115,11:55:25,0.75,50,137400
20240115,11:57:08,0.75,100,137400
20240115,12:00:41,0.75,150,137400
20240115,12:01:13,0.75,50,137400
20240115,12:01:34,0.75,50,137400
20240115,12:01:44,0.75,50,137400
20240115,12:02:31,0.75,50,137400
20240115,12:02:53,0.7,150,137400
20240115,12:05:45,0.75,100,137400
20240115,12:06:09,0.7,100,137400
20240115,12:07:03,0.75,50,137400
20240115,12:07:23,0.7,3900,137400
20240115,12:07:30,0.7,450,137400
20240115,12:07:32,0.7,250,137400
20240115,12:07:33,0.7,600,137400
20240115,12:08:22,0.75,50,137400
20240115,12:08:34,0.75,50,137400
20240115,12:08:50,0.75,50,137400
20240115,12:09:08,0.7,150,138800
20240115,12:09:08,0.7,450,138800
20240115,12:09:12,0.7,250,138800
20240115,12:09:22,0.7,600,138800
20240115,12:09:31,0.75,50,138800
20240115,12:10:00,0.75,100,138800
20240115,12:10:11,0.7,250,138800
20240115,12:10:12,0.7,400,138800
20240115,12:10:39,0.75,100,138800
20240115,12:14:19,0.75,2900,140750
20240115,12:15:38,0.75,1600,140750
20240115,12:15:38,0.7,4500,140750
20240115,12:15:52,0.75,50,140750
20240115,12:16:01,0.75,1000,140750
20240115,12:16:07,0.7,1000,140750
20240115,12:16:16,0.75,1000,140750
20240115,12:16:22,0.7,1000,140750
20240115,12:16:29,0.7,3450,140750
20240115,12:16:30,0.7,5200,140750
20240115,12:16:31,0.7,1600,140750
20240115,12:16:32,0.7,2550,140750
20240115,12:16:33,0.7,1500,140750
20240115,12:16:35,0.7,2800,140750
20240115,12:16:38,0.7,450,140750
20240115,12:16:39,0.7,800,140750
20240115,12:16:40,0.7,700,140750
20240115,12:16:41,0.7,700,140750
20240115,12:16:42,0.7,950,140750
20240115,12:16:45,0.7,250,140750
20240115,12:16:46,0.7,250,140750
20240115,12:16:59,0.7,900,140750
20240115,12:17:00,0.7,700,140750
20240115,12:17:01,0.7,1800,140750
20240115,12:17:15,0.7,50,140750
20240115,12:17:16,0.7,50,140750
20240115,12:17:29,0.7,50,140750
20240115,12:17:30,0.7,50,140750
20240115,12:17:38,0.7,50,140750
20240115,12:18:01,0.7,150,165300
20240115,12:18:52,0.7,11100,165300
20240115,12:18:56,0.75,1000,165300
20240115,12:18:58,0.75,3000,165300
20240115,12:18:59,0.75,3000,165300
20240115,12:19:06,0.75,21650,165300
20240115,12:19:12,0.75,2250,165300
20240115,12:19:34,0.7,50,165300
20240115,12:20:18,0.75,1000,165300
20240115,12:20:19,0.75,1000,165300
20240115,12:20:22,0.75,550,165300
20240115,12:20:54,0.75,100,165300
20240115,12:21:34,0.75,100,177400
20240115,12:23:25,0.75,200,177400
20240115,12:24:00,0.75,50,177400
20240115,12:24:02,0.75,50,177400
20240115,12:24:03,0.75,750,177400
20240115,12:24:04,0.75,50,177400
20240115,12:24:05,0.7,850,177400
20240115,12:24:06,0.75,1700,177400
20240115,12:24:08,0.75,50,177400
20240115,12:24:09,0.75,350,177400
20240115,12:24:11,0.75,450,177400
20240115,12:24:12,0.75,400,177400
20240115,12:24:14,0.75,450,177400
20240115,12:24:16,0.75,500,177400
20240115,12:24:19,0.75,500,177400
20240115,12:24:22,0.75,300,177400
20240115,12:24:24,0.75,100,177400
20240115,12:24:25,0.75,550,177400
20240115,12:26:36,0.7,100,177400
20240115,12:26:37,0.7,200,177400
20240115,12:28:07,0.75,50,177400
20240115,12:29:52,0.7,3400,178700
20240115,12:30:52,0.7,1100,178650
20240115,12:30:59,0.75,350,178650
20240115,12:31:01,0.7,350,178650
20240115,12:31:01,0.7,250,178650
20240115,12:32:01,0.7,450,178650
20240115,12:32:06,0.7,100,178650
20240115,12:32:09,0.7,500,178650
20240115,12:32:14,0.7,100,178650
20240115,12:32:15,0.7,450,178650
20240115,12:32:19,0.7,550,178650
20240115,12:32:25,0.7,450,178650
20240115,12:32:30,0.7,300,178650
20240115,12:32:34,0.7,100,178650
20240115,12:32:36,0.7,550,178650
20240115,12:32:42,0.7,400,178650
20240115,12:33:01,0.7,2600,178650
20240115,12:33:08,0.7,1550,183300
20240115,12:33:11,0.7,50,183300
20240115,12:33:12,0.75,1800,183300
20240115,12:33:23,0.7,50,183300
20240115,12:33:44,0.7,200,183300
20240115,12:33:51,0.7,1800,183300
20240115,12:33:51,0.75,50,183300
20240115,12:36:35,0.75,100,184550
20240115,12:36:46,0.7,100,184550
20240115,12:36:47,0.75,50,184550
20240115,12:38:17,0.7,400,184550
20240115,12:38:18,0.7,250,184550
20240115,12:38:50,0.7,250,184550
20240115,12:38:51,0.7,2500,184550
20240115,12:38:52,0.7,450,184550
20240115,12:38:53,0.7,250,184550
20240115,12:38:54,0.7,250,184550
20240115,12:38:55,0.7,250,188650
20240115,12:38:58,0.7,400,188650
20240115,12:39:30,0.7,1850,188650
20240115,12:39:31,0.7,2300,188650
20240115,12:39:33,0.7,250,188650
20240115,12:39:37,0.7,550,188650
20240115,12:40:02,0.7,50,188650
20240115,12:40:03,0.7,150,188650
20240115,12:41:01,0.75,100,188650
20240115,12:41:15,0.7,4500,188650
20240115,12:42:28,0.7,300,188650
20240115,12:43:56,0.7,50,199000
20240115,12:43:57,0.7,1800,199000
20240115,12:44:29,0.7,50,199000
20240115,12:44:36,0.65,50,199000
20240115,12:44:55,0.65,50,199000
20240115,12:45:36,0.65,100,199000
20240115,12:47:15,0.7,50,199000
20240115,12:47:27,0.7,50,199000
20240115,12:47:33,0.7,50,199000
20240115,12:47:35,0.7,450,199000
20240115,12:47:41,0.7,50,199000
20240115,12:47:51,0.7,50,199000
20240115,12:48:06,0.7,50,198550
20240115,12:48:13,0.7,50,198550
20240115,12:48:20,0.7,150,198550
20240115,12:48:24,0.7,800,198550
20240115,12:48:24,0.7,1600,198550
20240115,12:48:25,0.7,5600,198550
20240115,12:48:48,0.7,500,198550
20240115,12:48:49,0.7,4650,198550
20240115,12:49:22,0.7,2600,198550
20240115,12:49:24,0.7,950,198550
20240115,12:49:25,0.7,250,198550
20240115,12:49:26,0.7,400,198550
20240115,12:49:27,0.7,2300,198550
20240115,12:49:32,0.7,250,198550
20240115,12:49:34,0.7,250,198550
20240115,12:49:40,0.7,250,198550
20240115,12:50:14,0.7,3300,198550
20240115,12:50:56,0.75,100,198550
20240115,12:51:18,0.75,200,186850
20240115,12:51:50,0.7,150,186850
20240115,12:55:56,0.75,150,186850
20240115,12:57:12,0.75,50,186850
20240115,12:57:23,0.75,100,186850
20240115,12:57:33,0.7,50,186850
20240115,12:58:41,0.7,100,186850
20240115,13:00:41,0.75,100,186850
20240115,13:01:48,0.75,2500,186850
20240115,13:01:54,0.75,500,186850
20240115,13:03:03,0.7,50,186850
20240115,13:03:07,0.7,50,187150
20240115,13:03:13,0.7,50,187150
20240115,13:03:46,0.7,50,187150
20240115,13:03:52,0.7,50,187150
20240115,13:04:02,0.7,50,187150
20240115,13:05:22,0.7,50,187150
20240115,13:05:55,0.75,350,187150
20240115,13:08:58,0.7,50,187250
20240115,13:10:37,0.75,100,187250
20240115,13:11:10,0.75,50,187250
20240115,13:11:16,0.7,50,187250
20240115,13:15:49,0.75,100,187250
20240115,13:17:02,0.7,1800,187400
20240115,13:17:21,0.7,50,187400
20240115,13:19:36,0.75,50,187400
20240115,13:19:49,0.75,50,188800
20240115,13:19:52,0.75,50,188800
20240115,13:20:13,0.75,50,188800
20240115,13:20:19,0.75,50,188800
20240115,13:20:21,0.75,1500,188800
20240115,13:20:22,0.75,1500,188800
20240115,13:20:24,0.75,1550,188800
20240115,13:20:25,0.75,1500,188800
20240115,13:20:26,0.75,1500,188800
20240115,13:20:27,0.75,1500,188800
20240115,13:20:29,0.75,1500,188800
20240115,13:20:30,0.75,1500,188800
20240115,13:20:32,0.75,1500,188800
20240115,13:20:34,0.75,1500,188800
20240115,13:20:35,0.75,100,188800
20240115,13:20:49,0.75,50,188800
20240115,13:20:51,0.75,150,188800
20240115,13:20:54,0.75,100,188800
20240115,13:20:55,0.75,100,188800
20240115,13:20:56,0.75,450,188800
20240115,13:21:03,0.75,550,176950
20240115,13:21:10,0.75,300,176950
20240115,13:21:13,0.75,550,176950
20240115,13:21:20,0.75,100,176950
20240115,13:21:21,0.75,100,176950
20240115,13:21:23,0.75,550,176950
20240115,13:21:26,0.75,550,176950
20240115,13:21:29,0.75,1500,176950
20240115,13:21:31,0.75,1500,176950
20240115,13:21:33,0.75,1500,176950
20240115,13:21:34,0.75,1500,176950
20240115,13:21:36,0.75,1500,176950
20240115,13:21:37,0.75,1500,176950
20240115,13:22:32,0.75,1000,176950
20240115,13:24:37,0.7,100,167950
20240115,13:25:33,0.75,100,167950
20240115,13:25:57,0.75,50,167950
20240115,13:27:27,0.7,50,167850
20240115,13:28:29,0.75,1000,167850
20240115,13:29:16,0.7,550,167850
20240115,13:29:18,0.7,550,167850
20240115,13:29:22,0.7,550,167850
20240115,13:29:26,0.7,300,167850
20240115,13:29:28,0.7,500,167850
20240115,13:29:31,0.7,450,167850
20240115,13:29:34,0.7,100,167850
20240115,13:29:35,0.7,300,167850
20240115,13:29:37,0.7,300,167850
20240115,13:29:39,0.7,250,167850
20240115,13:30:41,0.75,100,164400
20240115,13:31:04,0.7,50,164400
20240115,13:32:52,0.7,200,164400
20240115,13:35:00,0.75,50,164400
20240115,13:35:02,0.75,2000,164400
20240115,13:35:58,0.75,150,164400
20240115,13:36:24,0.7,50,164400
20240115,13:37:01,0.7,50,164400
20240115,13:37:47,0.7,50,164400
20240115,13:38:00,0.7,50,164400
20240115,13:38:17,0.75,1200,164400
20240115,13:38:20,0.7,50,164400
20240115,13:38:32,0.7,50,164400
20240115,13:38:57,0.7,50,164400
20240115,13:39:25,0.7,50,164400
20240115,13:39:42,0.75,100,163200
20240115,13:39:49,0.7,50,163200
20240115,13:40:37,0.75,200,163200
20240115,13:41:05,0.7,100,163200
20240115,13:42:58,0.7,50,163200
20240115,13:45:40,0.75,100,163200
20240115,13:45:54,0.7,50,163200
20240115,13:46:57,0.75,300,163200
20240115,13:46:58,0.75,300,163200
20240115,13:47:00,0.75,300,163200
20240115,13:47:01,0.75,300,163200
20240115,13:47:02,0.75,600,163200
20240115,13:47:03,0.75,300,163200
20240115,13:47:04,0.75,350,163200
20240115,13:47:05,0.75,300,163200
20240115,13:47:06,0.75,300,163200
20240115,13:47:07,0.75,300,163200
20240115,13:47:20,0.75,300,163200
20240115,13:47:21,0.75,300,163200
20240115,13:47:23,0.75,300,163200
20240115,13:47:24,0.75,600,163200
20240115,13:47:25,0.75,300,163200
20240115,13:47:26,0.75,300,163200
20240115,13:47:27,0.75,300,163200
20240115,13:47:28,0.75,800,163200
20240115,13:47:29,0.75,300,163200
20240115,13:47:30,0.75,300,163200
20240115,13:47:31,0.75,700,163200
20240115,13:47:32,0.75,2200,163200
20240115,13:47:33,0.75,400,163200
20240115,13:47:48,0.75,300,163200
20240115,13:47:49,0.75,300,163200
20240115,13:47:50,0.75,300,163200
20240115,13:47:54,0.75,300,163200
20240115,13:47:55,0.75,300,163200
20240115,13:49:17,0.7,1000,161400
20240115,13:50:38,0.75,550,161400
20240115,13:50:39,0.75,100,161400
20240115,13:50:50,0.7,200,161400
20240115,13:50:57,0.7,200,161400
20240115,13:51:04,0.75,1100,161400
20240115,13:51:04,0.75,1100,162400
20240115,13:51:05,0.75,650,162400
20240115,13:51:07,0.75,2450,162400
20240115,13:52:06,0.75,1500,162400
20240115,13:52:07,0.75,3000,162400
20240115,13:54:26,0.75,1500,162400
20240115,13:54:27,0.75,1500,160400
20240115,13:55:32,0.75,100,160400
20240115,13:57:13,0.75,1800,162400
20240115,13:57:59,0.75,50,162400
20240115,13:58:01,0.75,500,162400
20240115,13:58:02,0.75,50,162400
20240115,13:58:05,0.75,50,162400
20240115,13:58:08,0.75,50,162400
20240115,13:58:11,0.75,50,162400
20240115,13:58:14,0.75,50,162400
20240115,13:58:19,0.75,50,162400
20240115,13:58:22,0.75,100,162400
20240115,13:58:28,0.75,50,162400
20240115,13:58:31,0.75,200,162400
20240115,13:58:35,0.75,500,162400
20240115,13:58:40,0.75,450,162400
20240115,13:58:44,0.75,850,162400
20240115,13:58:48,0.75,1500,162400
20240115,13:58:50,0.75,50,162400
20240115,13:58:51,0.8,500,162400
20240115,13:58:55,0.8,500,162400
20240115,13:59:07,0.75,50,162400
20240115,13:59:24,0.75,50,162400
20240115,13:59:32,0.75,50,162400
20240115,13:59:58,0.75,50,162400
20240115,14:01:05,0.75,650,162400
20240115,14:01:05,0.8,100,166750
20240115,14:03:57,0.75,300,166850
20240115,14:04:04,0.75,300,166850
20240115,14:04:10,0.75,1350,166850
20240115,14:04:15,0.75,250,166850
20240115,14:04:15,0.75,1300,166850
20240115,14:04:21,0.75,9100,166850
20240115,14:04:32,0.7,50,166850
20240115,14:04:54,0.7,100,166850
20240115,14:04:55,0.7,50,166850
20240115,14:04:56,0.7,150,166850
20240115,14:04:57,0.7,150,166850
20240115,14:05:06,0.7,100,166850
20240115,14:05:08,0.7,50,166850
20240115,14:05:56,0.7,100,166850
20240115,14:06:00,0.7,50,166850
20240115,14:06:01,0.7,50,166850
20240115,14:06:03,0.7,50,166850
20240115,14:06:07,0.7,50,166850
20240115,14:06:09,0.7,100,163600
20240115,14:09:17,0.7,50,163450
20240115,14:09:20,0.7,50,163450
20240115,14:09:26,0.7,50,163450
20240115,14:09:27,0.7,50,163450
20240115,14:09:34,0.7,50,163450
20240115,14:10:41,0.7,150,163450
20240115,14:10:41,0.7,50,163450
20240115,14:10:42,0.7,350,163450
20240115,14:10:43,0.7,700,163450
20240115,14:10:58,0.7,50,163450
20240115,14:11:18,0.7,50,163450
20240115,14:12:39,0.7,300,162500
20240115,14:13:03,0.7,100,162500
20240115,14:13:58,0.75,500,162500
20240115,14:14:09,0.7,50,162500
20240115,14:14:45,0.75,50,162500
20240115,14:15:42,0.75,100,162500
20240115,14:15:54,0.75,3000,162500
20240115,14:16:23,0.7,550,162500
20240115,14:16:25,0.7,750,162500
20240115,14:16:27,0.7,650,162500
20240115,14:16:30,0.7,550,162500
20240115,14:16:33,0.7,550,162500
20240115,14:16:35,0.7,600,162500
20240115,14:16:38,0.7,400,162500
20240115,14:16:43,0.75,50,162500
20240115,14:16:47,0.75,50,162500
20240115,14:16:52,0.75,100,162500
20240115,14:16:56,0.75,200,162500
20240115,14:16:58,0.75,550,162500
20240115,14:17:00,0.75,550,162500
20240115,14:17:01,0.75,550,162500
20240115,14:17:04,0.75,750,162500
20240115,14:17:06,0.75,550,162500
20240115,14:17:08,0.75,300,162500
20240115,14:19:09,0.75,1750,162500
20240115,14:19:40,0.7,8000,162500
20240115,14:20:35,0.75,100,162500
20240115,14:20:54,0.75,1200,162500
20240115,14:22:22,0.75,50,162500
20240115,14:24:34,0.75,200,162500
20240115,14:25:33,0.75,100,162500
20240115,14:26:29,0.7,4500,162500
20240115,14:26:45,0.7,1800,162500
20240115,14:26:46,0.7,3000,162500
20240115,14:29:37,0.7,1000,162500
20240115,14:29:42,0.7,500,162500
20240115,14:29:43,0.7,50,162500
20240115,14:30:13,0.7,50,162500
20240115,14:30:21,0.75,1000,162500
20240115,14:32:11,0.75,100,162500
20240115,14:32:26,0.7,1600,162500
20240115,14:32:27,0.7,2400,162500
20240115,14:32:28,0.7,3200,162500
20240115,14:32:29,0.7,2400,162500
20240115,14:32:30,0.7,2400,162500
20240115,14:34:20,0.75,50,174500
20240115,14:34:29,0.75,50,174500
20240115,14:34:35,0.75,50,174500
20240115,14:34:47,0.75,50,174500
20240115,14:35:40,0.75,100,174500
20240115,14:36:36,0.75,50,174500
20240115,14:36:37,0.75,50,174500
20240115,14:36:41,0.75,50,174500
20240115,14:36:43,0.75,50,174500
20240115,14:36:44,0.75,50,174500
20240115,14:36:45,0.75,50,174500
20240115,14:36:47,0.75,50,174500
20240115,14:36:48,0.75,50,174500
20240115,14:36:49,0.75,50,174500
20240115,14:36:50,0.75,50,174500
20240115,14:36:51,0.75,100,174500
20240115,14:36:52,0.75,100,174500
20240115,14:36:53,0.75,100,174500
20240115,14:36:55,0.75,50,174500
20240115,14:36:56,0.75,50,174500
20240115,14:36:57,0.75,50,174500
20240115,14:36:58,0.75,50,174500
20240115,14:36:59,0.75,100,174500
20240115,14:37:00,0.75,100,174500
20240115,14:37:01,0.75,100,174500
20240115,14:37:02,0.75,100,174500
20240115,14:37:03,0.75,50,174500
20240115,14:37:04,0.75,50,174500
20240115,14:37:05,0.75,50,174500
20240115,14:37:06,0.75,100,174500
20240115,14:37:07,0.75,100,174500
20240115,14:37:08,0.75,100,174500
20240115,14:37:10,0.75,100,174500
20240115,14:37:11,0.75,50,174500
20240115,14:37:12,0.75,50,174500
20240115,14:37:13,0.75,50,174500
20240115,14:37:14,0.75,50,174500
20240115,14:37:15,0.75,50,174500
20240115,14:37:16,0.75,50,174500
20240115,14:37:17,0.75,50,174500
20240115,14:37:19,0.75,200,174500
20240115,14:37:20,0.75,100,174500
20240115,14:37:22,0.75,150,174500
20240115,14:37:25,0.75,50,174500
20240115,14:37:26,0.75,50,174500
20240115,14:37:28,0.75,100,174500
20240115,14:37:29,0.75,50,174500
20240115,14:37:30,0.75,50,174500
20240115,14:37:31,0.75,50,174500
20240115,14:37:31,0.75,300,174500
20240115,14:37:32,0.75,50,174500
20240115,14:37:33,0.75,50,174500
20240115,14:37:34,0.75,50,174500
20240115,14:37:35,0.75,50,174500
20240115,14:37:36,0.75,50,174500
20240115,14:37:38,0.75,600,174500
20240115,14:37:39,0.75,150,174500
20240115,14:37:41,0.75,50,174500
20240115,14:37:42,0.75,50,174500
20240115,14:37:43,0.75,50,174500
20240115,14:37:44,0.75,50,174500
20240115,14:37:45,0.75,50,174500
20240115,14:37:46,0.75,50,174500
20240115,14:37:47,0.75,50,174500
20240115,14:37:48,0.75,50,174500
20240115,14:37:49,0.75,150,174500
20240115,14:37:50,0.75,150,174500
20240115,14:37:51,0.75,200,174500
20240115,14:37:52,0.75,50,174500
20240115,14:37:53,0.75,50,174500
20240115,14:37:54,0.75,50,174500
20240115,14:37:55,0.75,50,174500
20240115,14:37:56,0.75,50,174500
20240115,14:37:57,0.75,100,174500
20240115,14:37:58,0.75,50,174500
20240115,14:37:59,0.75,100,174500
20240115,14:38:01,0.75,100,174500
20240115,14:38:02,0.75,50,174500
20240115,14:38:03,0.75,50,174500
20240115,14:38:04,0.75,50,174500
20240115,14:38:05,0.75,50,174500
20240115,14:38:06,0.75,50,174500
20240115,14:38:07,0.75,50,174500
20240115,14:38:08,0.75,50,174500
20240115,14:38:09,0.75,50,174500
20240115,14:38:10,0.75,50,174500
20240115,14:38:11,0.75,150,174500
20240115,14:38:12,0.75,150,174500
20240115,14:38:13,0.75,150,174500
20240115,14:38:15,0.75,50,174500
20240115,14:38:16,0.75,50,174500
20240115,14:38:17,0.75,50,174500
20240115,14:38:18,0.75,50,174500
20240115,14:38:19,0.75,50,174500
20240115,14:38:20,0.75,50,174500
20240115,14:38:21,0.75,50,174500
20240115,14:38:22,0.75,50,174500
20240115,14:38:23,0.75,50,174500
20240115,14:38:24,0.75,50,174500
20240115,14:38:25,0.75,50,174500
20240115,14:38:26,0.75,50,174500
20240115,14:38:27,0.75,50,174500
20240115,14:38:28,0.75,50,174500
20240115,14:38:34,0.75,50,174500
20240115,14:38:35,0.75,50,174500
20240115,14:39:48,0.75,100,174500
20240115,14:39:59,0.75,500,174500
20240115,14:40:22,0.75,1200,174500
20240115,14:40:23,0.75,300,174500
20240115,14:40:24,0.75,600,174500
20240115,14:40:38,0.75,100,174500
20240115,14:40:41,0.75,150,174500
20240115,14:40:51,0.75,50,174500
20240115,14:40:52,0.75,50,174500
20240115,14:40:53,0.75,50,174500
20240115,14:40:54,0.75,50,174500
20240115,14:41:08,0.75,50,174500
20240115,14:43:12,0.7,100,174500
20240115,14:43:34,0.7,500,174500
20240115,14:47:24,0.75,100,174500
20240115,14:47:30,0.75,50,174500
20240115,14:48:09,0.75,50,174500
20240115,14:48:10,0.75,50,174500
20240115,14:48:11,0.75,50,174500
20240115,14:48:12,0.75,50,174500
20240115,14:48:28,0.75,50,174500
20240115,14:48:29,0.75,50,174500
20240115,14:48:30,0.75,50,174500
20240115,14:48:31,0.75,50,174500
20240115,14:48:32,0.75,50,174500
20240115,14:48:33,0.75,50,174500
20240115,14:48:34,0.75,50,174500
20240115,14:48:35,0.75,50,174500
20240115,14:48:36,0.75,150,174500
20240115,14:48:37,0.75,150,174500
20240115,14:48:38,0.75,150,174500
20240115,14:48:39,0.75,50,174500
20240115,14:48:40,0.75,50,174500
20240115,14:48:41,0.75,50,174500
20240115,14:48:42,0.75,50,174500
20240115,14:48:43,0.75,50,174500
20240115,14:48:44,0.75,50,174500
20240115,14:48:45,0.75,50,174500
20240115,14:48:46,0.75,50,174500
20240115,14:48:47,0.75,50,174500
20240115,14:48:48,0.75,50,174500
20240115,14:48:49,0.75,50,174500
20240115,14:48:52,0.75,50,174500
20240115,14:49:01,0.75,50,174500
20240115,14:49:03,0.75,200,174500
20240115,14:49:04,0.75,150,174500
20240115,14:49:05,0.75,150,174500
20240115,14:49:06,0.75,150,174500
20240115,14:49:07,0.75,150,174500
20240115,14:49:11,0.75,50,174500
20240115,14:49:12,0.75,50,174500
20240115,14:49:14,0.75,50,174500
20240115,14:49:15,0.75,50,174500
20240115,14:49:16,0.75,50,174500
20240115,14:49:17,0.75,50,174500
20240115,14:49:18,0.75,50,174500
20240115,14:49:19,0.75,50,174500
20240115,14:49:20,0.75,50,174500
20240115,14:49:21,0.75,50,174500
20240115,14:49:52,0.7,50,174500
20240115,14:50:20,0.75,500,174500
20240115,14:50:33,0.7,50,174500
20240115,14:50:34,0.7,50,174500
20240115,14:50:35,0.7,50,174500
20240115,14:50:36,0.7,50,174500
20240115,14:50:37,0.7,50,174500
20240115,14:50:38,0.75,850,174500
20240115,14:50:39,0.7,1750,174500
20240115,14:50:40,0.7,50,174500
20240115,14:50:41,0.7,50,174500
20240115,14:50:42,0.7,400,174500
20240115,14:50:43,0.7,50,174500
20240115,14:50:44,0.7,50,174500
20240115,14:50:45,0.7,50,174500
20240115,14:50:46,0.7,50,174500
20240115,14:50:47,0.7,50,174500
20240115,14:50:48,0.7,50,174500
20240115,14:50:49,0.7,200,174500
20240115,14:50:50,0.7,200,174500
20240115,14:50:51,0.7,50,174500
20240115,14:50:52,0.7,50,174500
20240115,14:50:53,0.7,50,174500
20240115,14:50:54,0.7,750,174500
20240115,14:50:59,0.75,1200,174500
20240115,14:51:03,0.75,550,174500
20240115,14:52:09,0.75,1200,174500
20240115,14:52:10,0.75,700,172300
20240115,14:52:11,0.75,550,172300
20240115,14:52:54,0.75,500,172300
20240115,14:53:34,0.75,250,172300
20240115,14:53:34,0.75,5500,172300
20240115,14:53:35,0.75,300,172300
20240115,14:53:36,0.75,250,172300
20240115,14:53:37,0.75,1100,172300
20240115,14:53:38,0.75,7800,172300
20240115,14:53:42,0.75,750,172300
20240115,14:53:44,0.75,2150,172300
20240115,14:53:45,0.75,350,172300
20240115,14:53:47,0.75,1050,172300
20240115,14:53:58,0.7,50,172300
20240115,14:54:01,0.7,50,172300
20240115,14:54:22,0.7,50,172300
20240115,14:54:23,0.7,50,156450
20240115,14:54:24,0.7,50,156450
20240115,14:54:25,0.7,50,156450
20240115,14:54:26,0.7,50,156450
20240115,14:54:27,0.7,50,156450
20240115,14:54:28,0.7,50,156450
20240115,14:54:29,0.7,50,156450
20240115,14:54:30,0.7,50,156450
20240115,14:54:31,0.7,50,156450
20240115,14:54:32,0.7,50,156450
20240115,14:54:33,0.7,50,156450
20240115,14:54:33,0.75,250,156450
20240115,14:54:34,0.7,50,156450
20240115,14:54:35,0.7,50,156450
20240115,14:54:36,0.7,50,156450
20240115,14:54:37,0.7,50,156450
20240115,14:54:38,0.7,50,156450
20240115,14:54:39,0.7,50,156450
20240115,14:54:40,0.7,50,156450
20240115,14:54:41,0.7,50,156450
20240115,14:54:42,0.7,50,156450
20240115,14:54:43,0.7,50,156450
20240115,14:54:44,0.7,50,156450
20240115,14:54:45,0.7,50,156450
20240115,14:54:46,0.7,50,156450
20240115,14:55:01,0.75,5100,156450
20240115,14:55:03,0.7,1000,156450
20240115,14:55:14,0.75,50,156450
20240115,14:55:16,0.75,3400,156450
20240115,14:55:25,0.7,50,156450
20240115,14:55:44,0.7,1900,156450
20240115,14:55:44,0.7,800,156450
20240115,14:55:45,0.7,300,156450
20240115,14:56:01,0.7,150,156450
20240115,14:56:07,0.7,50,156450
20240115,14:56:08,0.7,50,156450
20240115,14:56:09,0.7,50,156450
20240115,14:56:10,0.7,50,156450
20240115,14:56:10,0.75,950,156450
20240115,14:56:11,0.7,50,156450
20240115,14:56:12,0.7,50,156450
20240115,14:56:13,0.7,50,156450
20240115,14:56:14,0.7,50,156450
20240115,14:56:15,0.7,50,156450
20240115,14:56:16,0.75,1550,156450
20240115,14:56:17,0.7,50,156450
20240115,14:56:18,0.7,50,156450
20240115,14:56:19,0.7,50,156450
20240115,14:56:20,0.7,50,156450
20240115,14:56:21,0.7,50,156450
20240115,14:56:22,0.7,50,156450
20240115,14:56:23,0.7,50,156450
20240115,14:56:24,0.7,50,156450
20240115,14:56:25,0.7,50,156450
20240115,14:56:26,0.7,50,156450
20240115,14:56:27,0.7,50,156450
20240115,14:56:28,0.7,50,156450
20240115,14:56:29,0.7,50,156450
20240115,14:56:30,0.7,200,156450
20240115,14:56:31,0.7,200,156450
20240115,14:57:01,0.7,50,156450
20240115,14:57:34,0.7,500,156450
20240115,14:57:36,0.7,500,148650
20240115,14:57:58,0.75,50,148650
20240115,14:58:01,0.7,400,148650
20240115,14:58:42,0.7,50,148650
20240115,14:58:43,0.7,50,148650
20240115,14:58:44,0.7,200,148650
20240115,14:58:45,0.7,200,148650
20240115,14:58:46,0.7,200,148650
20240115,14:58:47,0.7,50,148650
20240115,14:58:48,0.7,50,148650
20240115,14:58:49,0.7,50,148650
20240115,14:58:50,0.7,50,148650
20240115,14:58:51,0.7,50,148650
20240115,14:58:52,0.7,50,148650
20240115,14:58:53,0.7,50,148650
20240115,14:58:54,0.7,50,148650
20240115,14:58:55,0.7,50,148650
20240115,14:58:56,0.7,50,148650
20240115,14:58:57,0.7,2750,148650
20240115,14:58:59,0.7,100,148650
20240115,14:59:35,0.7,1500,148650
20240115,15:00:38,0.7,300,148650
20240115,15:00:39,0.7,300,141950
20240115,15:00:40,0.75,600,141950
20240115,15:00:41,0.75,1050,141950
20240115,15:00:46,0.75,600,141950
20240115,15:00:56,0.7,50,141950
20240115,15:00:57,0.7,200,141950
20240115,15:00:58,0.7,200,141950
20240115,15:00:59,0.7,200,141950
20240115,15:01:00,0.7,200,141950
20240115,15:01:01,0.7,200,141950
20240115,15:01:02,0.7,200,141950
20240115,15:01:03,0.7,250,141950
20240115,15:01:04,0.7,200,141950
20240115,15:01:05,0.7,250,141950
20240115,15:01:06,0.7,200,141950
20240115,15:01:07,0.7,200,141950
20240115,15:01:08,0.7,200,141950
20240115,15:01:09,0.7,150,141950
20240115,15:01:10,0.7,150,141950
20240115,15:01:11,0.7,150,141950
20240115,15:01:12,0.7,150,141950
20240115,15:01:13,0.7,150,141950
20240115,15:01:14,0.7,150,141950
20240115,15:01:15,0.7,150,141950
20240115,15:01:16,0.7,150,141950
20240115,15:01:17,0.7,150,141950
20240115,15:01:18,0.7,150,141950
20240115,15:01:19,0.7,150,141950
20240115,15:01:20,0.7,150,141950
20240115,15:01:21,0.7,150,141950
20240115,15:02:01,0.7,150,141950
20240115,15:03:01,0.7,150,141950
20240115,15:03:04,0.75,50,141950
20240115,15:04:03,0.7,150,137650
20240115,15:04:03,0.7,100,137650
20240115,15:05:01,0.7,150,137650
20240115,15:05:13,0.7,50,137650
20240115,15:05:36,0.75,100,137650
20240115,15:06:01,0.7,50,137650
20240115,15:06:03,0.7,50,137650
20240115,15:07:01,0.7,200,137650
20240115,15:07:02,0.7,300,137200
20240115,15:07:41,0.75,400,137200
20240115,15:08:04,0.7,500,137200
20240115,15:09:01,0.7,200,137200
20240115,15:09:14,0.75,50,137200
20240115,15:09:34,0.7,50,137200
20240115,15:10:02,0.7,50,136450
20240115,15:10:11,0.7,1800,136450
20240115,15:10:20,0.7,50,136450
20240115,15:10:28,0.7,1800,136450
20240115,15:10:33,0.7,400,136450
20240115,15:10:35,0.7,500,136450
20240115,15:11:01,0.75,250,136450
20240115,15:11:02,0.7,100,136450
20240115,15:11:03,0.7,50,136450
20240115,15:11:48,0.7,800,136450
20240115,15:12:01,0.7,150,136450
20240115,15:12:06,0.7,200,136450
20240115,15:12:22,0.7,50,132950
20240115,15:13:01,0.7,150,132950
20240115,15:13:05,0.75,1000,132950
20240115,15:13:48,0.75,50,132950
20240115,15:14:01,0.7,150,132950
20240115,15:14:05,0.7,100,132950
20240115,15:14:10,0.7,100,132950
20240115,15:14:12,0.7,50,132950
20240115,15:14:42,0.7,50,132950
20240115,15:14:43,0.7,1800,132950
20240115,15:14:44,0.7,5400,132950
20240115,15:14:45,0.65,11750,132950
20240115,15:14:46,0.65,10800,132950
20240115,15:14:47,0.65,3000,132950
20240115,15:14:52,0.7,850,132950
20240115,15:14:54,0.7,250,132950
20240115,15:14:58,0.7,550,132950
20240115,15:15:00,0.65,450,132950
20240115,15:15:00,0.7,300,132950
20240115,15:15:01,0.7,1200,132950
20240115,15:15:02,0.65,300,132950
20240115,15:15:10,0.65,1800,132950
20240115,15:15:11,0.65,1800,132950
20240115,15:15:12,0.65,50,132950
20240115,15:15:38,0.65,100,131600
20240115,15:15:40,0.65,50,131600
20240115,15:15:45,0.65,50,131600
20240115,15:16:04,0.7,2700,131600
20240115,15:16:05,0.7,1750,131600
20240115,15:16:10,0.7,500,131600
20240115,15:16:18,0.7,250,131600
20240115,15:16:19,0.7,100,131600
20240115,15:16:23,0.7,250,131600
20240115,15:16:25,0.7,250,131600
20240115,15:16:52,0.65,50,131600
20240115,15:17:01,0.65,50,131600
20240115,15:17:17,0.65,50,131600
20240115,15:17:37,0.65,50,131600
20240115,15:18:02,0.65,50,131600
20240115,15:19:16,0.7,50,131600
20240115,15:20:03,0.7,50,128150
20240115,15:20:11,0.65,50,128150
20240115,15:20:50,0.7,100,128150
20240115,15:21:06,0.65,100,128150
20240115,15:21:06,0.65,500,128150
20240115,15:21:08,0.7,100,128150
20240115,15:21:11,0.65,1000,128150
20240115,15:21:11,0.65,500,128150
20240115,15:21:12,0.65,500,128150
20240115,15:21:13,0.65,500,128150
20240115,15:21:14,0.65,850,128150
20240115,15:21:15,0.65,1000,128150
20240115,15:21:26,0.7,100,131750
20240115,15:21:39,0.65,1000,131750
20240115,15:21:41,0.65,4000,131750
20240115,15:21:41,0.65,2900,131750
20240115,15:21:42,0.65,3000,131750
20240115,15:21:43,0.65,2000,131750
20240115,15:21:44,0.65,1000,131750
20240115,15:21:45,0.65,1000,131750
20240115,15:21:46,0.65,1000,131750
20240115,15:21:47,0.65,1500,131750
20240115,15:21:50,0.65,1000,131750
20240115,15:21:51,0.65,500,131750
20240115,15:21:52,0.65,1000,131750
20240115,15:21:53,0.65,1000,131750
20240115,15:21:56,0.65,500,131750
20240115,15:21:57,0.65,1050,131750
20240115,15:21:58,0.65,500,131750
20240115,15:21:59,0.65,1000,131750
20240115,15:22:00,0.65,850,131750
20240115,15:22:05,0.65,50,131750
20240115,15:22:05,0.7,50,131750
20240115,15:22:11,0.65,50,131750
20240115,15:22:13,0.65,50,131750
20240115,15:22:24,0.7,100,131750
20240115,15:22:26,0.7,150,131750
20240115,15:22:33,0.7,100,131750
20240115,15:22:35,0.65,200,131750
20240115,15:22:36,0.7,400,131750
20240115,15:22:37,0.65,200,131750
20240115,15:22:39,0.65,50,131750
20240115,15:22:40,0.65,200,131750
20240115,15:22:45,0.65,50,131750
20240115,15:22:50,0.65,500,131750
20240115,15:22:51,0.65,500,131750
20240115,15:22:52,0.65,500,131750
20240115,15:22:53,0.7,350,131750
20240115,15:22:54,0.65,50,131750
20240115,15:22:57,0.7,150,131750
20240115,15:23:06,0.65,500,131750
20240115,15:23:07,0.65,500,131750
20240115,15:23:08,0.65,500,131750
20240115,15:23:10,0.7,100,131750
20240115,15:23:14,0.7,900,131750
20240115,15:23:16,0.65,500,131750
20240115,15:23:17,0.65,500,131750
20240115,15:23:18,0.65,1800,131750
20240115,15:23:20,0.65,1800,131750
20240115,15:23:21,0.65,1800,131750
20240115,15:23:22,0.7,50,131750
20240115,15:23:23,0.65,1800,131750
20240115,15:23:24,0.65,1800,131750
20240115,15:23:25,0.65,1800,131750
20240115,15:23:26,0.65,1800,131750
20240115,15:23:27,0.7,400,131750
20240115,15:23:28,0.65,1800,131750
20240115,15:23:29,0.65,1800,131750
20240115,15:23:45,0.65,2600,131750
20240115,15:23:46,0.65,2500,131750
20240115,15:23:47,0.65,1500,131750
20240115,15:23:48,0.65,500,131750
20240115,15:23:49,0.65,500,131750
20240115,15:23:50,0.65,1000,131750
20240115,15:23:51,0.7,2450,131750
20240115,15:23:52,0.65,1000,131750
20240115,15:23:53,0.65,500,131750
20240115,15:23:54,0.65,1150,131750
20240115,15:23:55,0.65,1000,131750
20240115,15:23:56,0.65,1000,131750
20240115,15:23:57,0.65,1000,131750
20240115,15:23:58,0.65,1000,131750
20240115,15:23:59,0.65,500,131750
20240115,15:24:00,0.65,50,131750
20240115,15:24:01,0.65,50,131750
20240115,15:24:02,0.7,1850,131750
20240115,15:24:03,0.7,7250,131750
20240115,15:24:04,0.65,50,131750
20240115,15:24:05,0.65,500,131750
20240115,15:24:06,0.65,1100,131750
20240115,15:24:07,0.65,500,131750
20240115,15:24:08,0.65,500,131750
20240115,15:24:09,0.65,1000,131750
20240115,15:24:10,0.65,500,131750
20240115,15:24:11,0.65,1000,131750
20240115,15:24:12,0.65,1000,131750
20240115,15:24:13,0.65,500,131750
20240115,15:24:14,0.65,1000,131750
20240115,15:24:15,0.65,1050,131750
20240115,15:24:16,0.65,550,131750
20240115,15:24:17,0.65,1000,131750
20240115,15:24:18,0.65,500,176300
20240115,15:24:19,0.65,550,176300
20240115,15:24:20,0.65,500,176300
20240115,15:24:31,0.65,1850,176300
20240115,15:24:32,0.7,1200,176300
20240115,15:24:34,0.65,50,176300
20240115,15:24:36,0.7,400,176300
20240115,15:24:39,0.65,50,176300
20240115,15:24:41,0.7,150,176300
20240115,15:24:42,0.65,100,176300
20240115,15:24:44,0.65,500,176300
20240115,15:24:45,0.65,500,176300
20240115,15:24:46,0.65,500,176300
20240115,15:24:47,0.65,500,176300
20240115,15:24:48,0.65,1000,176300
20240115,15:24:51,0.7,2450,176300
20240115,15:25:11,0.65,50,176300
20240115,15:25:16,0.7,800,176300
20240115,15:25:21,0.65,50,176300
20240115,15:25:24,0.65,50,176300
20240115,15:25:33,0.7,1800,176300
20240115,15:25:34,0.7,1800,176300
20240115,15:25:38,0.65,1800,176300
20240115,15:25:39,0.65,200,176300
20240115,15:25:49,0.7,650,176300
20240115,15:26:04,0.65,50,176300
20240115,15:26:22,0.65,2500,176300
20240115,15:26:23,0.65,1500,176300
20240115,15:26:24,0.65,600,176300
20240115,15:26:25,0.65,500,176300
20240115,15:26:29,0.65,500,176300
20240115,15:26:30,0.65,500,176300
20240115,15:26:31,0.65,500,176300
20240115,15:26:32,0.65,650,176300
20240115,15:26:33,0.65,1200,176300
20240115,15:26:34,0.65,650,176300
20240115,15:26:35,0.65,1200,176300
20240115,15:26:36,0.65,650,176300
20240115,15:26:37,0.65,100,176300
20240115,15:26:38,0.65,200,176300
20240115,15:26:39,0.65,200,176300
20240115,15:26:40,0.65,650,176300
20240115,15:26:43,0.65,500,176300
20240115,15:26:44,0.65,500,176300
20240115,15:26:46,0.65,500,176300
20240115,15:26:47,0.65,500,176300
20240115,15:26:49,0.65,1000,176300
20240115,15:26:50,0.65,500,176300
20240115,15:26:51,0.65,1000,176300
20240115,15:26:52,0.65,500,176300
20240115,15:26:53,0.65,1500,176300
20240115,15:26:54,0.65,1000,176300
20240115,15:27:04,0.7,1800,176300
20240115,15:27:05,0.7,1800,176300
20240115,15:27:06,0.7,1800,176300
20240115,15:27:07,0.65,500,176300
20240115,15:27:09,0.7,50,176300
20240115,15:27:10,0.65,100,176300
20240115,15:27:15,0.7,500,176300
20240115,15:27:50,0.65,50,201550
20240115,15:28:25,0.65,1800,201550
20240115,15:28:29,0.65,200,201550
20240115,15:28:30,0.65,50,201550
20240115,15:28:31,0.65,50,201550
20240115,15:28:32,0.65,50,201550
20240115,15:28:33,0.65,1850,201550
20240115,15:28:34,0.65,50,201550
20240115,15:28:36,0.7,1800,201550
20240115,15:28:37,0.65,1400,201550
20240115,15:28:42,0.65,1800,201550
20240115,15:28:43,0.65,300,201550
20240115,15:28:44,0.65,300,201550
20240115,15:28:45,0.65,300,201550
20240115,15:28:47,0.65,300,201550
20240115,15:28:48,0.65,300,201550
20240115,15:28:49,0.7,2300,201550
20240115,15:28:50,0.65,3100,201550
20240115,15:28:51,0.65,2600,201550
20240115,15:28:52,0.65,600,201550
20240115,15:28:53,0.65,300,201550
20240115,15:28:54,0.65,800,201550
20240115,15:28:55,0.65,600,201550
20240115,15:28:56,0.65,300,201550
20240115,15:28:57,0.65,600,201550
20240115,15:28:58,0.65,300,201550
20240115,15:28:59,0.65,2100,201550
20240115,15:29:00,0.65,1900,201550
20240115,15:29:02,0.65,6450,201550
20240115,15:29:03,0.65,500,201550
20240115,15:29:06,0.65,500,201550
20240115,15:29:08,0.65,500,201550
20240115,15:29:12,0.65,500,201550
20240115,15:29:15,0.65,500,201550
20240115,15:29:17,0.65,6900,201550
20240115,15:29:19,0.65,650,201550
20240115,15:29:22,0.65,1000,201550
20240115,15:29:23,0.65,500,201550
20240115,15:29:24,0.65,500,201550
20240115,15:29:25,0.65,500,201550
20240115,15:29:35,0.65,500,201550
20240115,15:29:40,0.7,1500,201550
20240115,15:29:42,0.7,1500,201550
20240115,15:29:44,0.65,500,201550
20240115,15:29:45,0.65,500,201550
20240115,15:29:46,0.65,500,201550
20240115,15:29:47,0.7,1500,201550
20240115,15:29:47,0.65,500,201550
20240115,15:29:49,0.65,500,201550
20240115,15:29:50,0.7,150,201550
20240115,15:29:51,0.65,500,201550
20240115,15:29:54,0.65,1900,201550
20240115,15:29:56,0.65,200,201550
20240115,15:29:56,0.65,1600,201550
20240115,15:29:57,0.65,150,201550
20240115,15:29:58,0.65,200,201550
20240115,15:29:59,0.65,1650,201550
20240115,15:30:00,0.65,50,201550
20240116,09:15:00,0.6,1,201550
20240116,09:15:00,0.6,5400,201550
20240116,09:15:01,0.6,250,208600
20240116,09:15:03,0.6,1850,208600
20240116,09:15:04,0.65,1300,208600
20240116,09:15:05,0.65,400,208600
20240116,09:15:06,0.65,50,208600
20240116,09:15:07,0.65,50,208600
20240116,09:15:08,0.65,50,208600
20240116,09:15:19,0.65,500,208600
20240116,09:15:21,0.65,500,208600
20240116,09:15:24,0.7,9200,208600
20240116,09:15:25,0.7,3100,208600
20240116,09:15:26,0.7,750,208600
20240116,09:15:29,0.75,250,208600
20240116,09:15:35,0.75,1350,208600
20240116,09:15:43,0.65,2250,208600
20240116,09:15:45,0.65,1800,208600
20240116,09:15:46,0.65,1800,208600
20240116,09:15:47,0.65,450,208600
20240116,09:15:49,0.65,3300,208600
20240116,09:15:49,0.65,500,208600
20240116,09:15:50,0.7,50,208600
20240116,09:15:54,0.75,4350,208600
20240116,09:15:55,0.75,8400,208600
20240116,09:15:56,0.8,15300,208600
20240116,09:15:58,0.8,3050,208600
20240116,09:15:59,0.8,50,208600
20240116,09:16:02,0.65,7200,208600
20240116,09:16:03,0.75,5000,208600
20240116,09:16:06,0.7,1800,208600
20240116,09:16:07,0.7,1550,208600
20240116,09:16:08,0.7,250,208600
20240116,09:16:09,0.7,200,208600
20240116,09:16:10,0.7,150,208600
20240116,09:16:11,0.7,250,208600
20240116,09:16:12,0.7,150,208600
20240116,09:16:13,0.7,200,208600
20240116,09:16:14,0.7,50,208600
20240116,09:16:16,0.7,1700,208600
20240116,09:16:16,0.7,1500,208600
20240116,09:16:17,0.7,1500,208600
20240116,09:16:19,0.7,50,208600
20240116,09:16:20,0.7,700,208600
20240116,09:16:21,0.7,200,208600
20240116,09:16:22,0.7,350,208600
20240116,09:16:25,0.7,150,208600
20240116,09:16:27,0.7,150,208600
20240116,09:16:29,0.7,200,208600
20240116,09:16:31,0.7,150,208600
20240116,09:16:31,0.8,8150,208600
20240116,09:16:32,0.8,1100,208600
20240116,09:16:33,0.8,150,208600
20240116,09:16:34,0.8,50,208600
20240116,09:16:36,0.8,200,208600
20240116,09:16:37,0.8,500,208600
20240116,09:16:39,0.85,8650,208600
20240116,09:16:39,0.85,1500,208600
20240116,09:16:40,0.9,6100,208600
20240116,09:16:41,0.8,2400,208600
20240116,09:16:42,0.8,1050,208600
20240116,09:16:55,0.75,1800,208600
20240116,09:16:59,0.8,300,208600
20240116,09:17:00,0.8,900,208600
20240116,09:17:01,0.8,1900,208600
20240116,09:17:02,0.8,2900,208600
20240116,09:17:03,0.8,1850,208600
20240116,09:17:04,0.8,2000,208600
20240116,09:17:06,0.85,3950,208600
20240116,09:17:06,0.8,1800,208600
20240116,09:17:07,0.8,3000,208600
20240116,09:17:08,0.8,500,208600
20240116,09:17:12,0.8,1500,208600
20240116,09:17:12,0.8,2400,208600
20240116,09:17:13,0.9,5100,208600
20240116,09:17:14,0.85,3050,208600
20240116,09:17:15,0.9,6400,208600
20240116,09:17:16,0.9,3000,208600
20240116,09:17:18,0.8,13900,208600
20240116,09:17:18,0.75,4400,208600
20240116,09:17:20,0.85,4900,208600
20240116,09:17:21,0.85,2300,208600
20240116,09:17:22,0.8,2400,208600
20240116,09:17:22,0.85,4050,208600
20240116,09:17:23,0.85,1850,208600
20240116,09:17:28,0.8,1000,208600
20240116,09:17:30,0.8,550,166850
20240116,09:17:31,0.8,1800,166850
20240116,09:17:33,0.85,2750,166850
20240116,09:17:35,0.8,1000,166850
20240116,09:17:36,0.85,800,166850
20240116,09:17:37,0.8,1650,166850
20240116,09:17:39,0.75,5000,166850
20240116,09:17:42,0.8,50,166850
20240116,09:17:46,0.8,600,166850
20240116,09:17:52,0.8,50,166850
20240116,09:18:03,0.75,500,166850
20240116,09:18:06,0.75,1800,166850
20240116,09:18:10,0.75,100,166850
20240116,09:18:22,0.75,650,166850
20240116,09:18:23,0.7,5350,166850
20240116,09:18:30,0.7,400,166850
20240116,09:18:33,0.7,150,166850
20240116,09:18:36,0.7,50,166850
20240116,09:18:37,0.7,50,166850
20240116,09:18:38,0.7,100,166850
20240116,09:18:42,0.7,350,166850
20240116,09:18:49,0.7,650,166850
20240116,09:18:51,0.7,500,166850
20240116,09:18:52,0.7,50,166850
20240116,09:18:58,0.65,50,166850
20240116,09:19:03,0.7,500,166850
20240116,09:19:07,0.7,3250,166850
20240116,09:19:10,0.75,1250,166850
20240116,09:19:13,0.7,600,166850
20240116,09:19:15,0.75,500,166850
20240116,09:19:17,0.75,500,166850
20240116,09:19:18,0.75,500,166850
20240116,09:19:20,0.75,500,166850
20240116,09:19:23,0.75,50,166850
20240116,09:19:24,0.75,5000,166850
20240116,09:19:28,0.7,1800,166850
20240116,09:19:31,0.75,50,166850
20240116,09:19:46,0.75,5000,166850
20240116,09:20:06,0.75,550,166850
20240116,09:20:08,0.75,150,166850
20240116,09:20:09,0.75,300,166850
20240116,09:20:38,0.75,500,165450
20240116,09:20:40,0.7,500,165450
20240116,09:20:42,0.7,500,165450
20240116,09:20:48,0.7,2750,165450
20240116,09:20:49,0.7,15100,165450
20240116,09:20:50,0.7,600,165450
20240116,09:20:55,0.7,1950,165450
20240116,09:21:00,0.7,1400,165450
20240116,09:21:06,0.75,50,165450
20240116,09:21:07,0.75,50,165450
20240116,09:21:08,0.75,50,165450
20240116,09:21:09,0.75,50,165450
20240116,09:21:10,0.75,50,165450
20240116,09:21:11,0.75,200,165450
20240116,09:21:12,0.75,200,165450
20240116,09:21:13,0.75,200,165450
20240116,09:21:15,0.75,200,165450
20240116,09:21:16,0.7,500,165450
20240116,09:21:21,0.75,50,165450
20240116,09:21:22,0.75,50,165450
20240116,09:21:23,0.75,50,165450
20240116,09:21:24,0.75,50,165450
20240116,09:21:25,0.75,50,165450
20240116,09:21:26,0.75,200,165450
20240116,09:21:27,0.75,200,165450
20240116,09:21:28,0.75,200,165450
20240116,09:21:29,0.75,200,165450
20240116,09:21:30,0.75,100,165450
20240116,09:21:31,0.75,300,165450
20240116,09:21:32,0.75,150,165450
20240116,09:21:33,0.75,50,165450
20240116,09:21:34,0.75,50,165450
20240116,09:21:35,0.75,1550,165450
20240116,09:21:36,0.75,50,165450
20240116,09:21:37,0.75,50,165450
20240116,09:21:38,0.75,200,165450
20240116,09:21:39,0.75,200,165450
20240116,09:21:40,0.75,300,165450
20240116,09:21:41,0.75,50,165450
20240116,09:21:43,0.75,250,165450
20240116,09:21:44,0.75,50,165450
20240116,09:21:45,0.75,50,165450
20240116,09:21:46,0.75,50,165450
20240116,09:21:47,0.75,50,165450
20240116,09:21:48,0.75,200,165450
20240116,09:21:49,0.75,200,165450
20240116,09:21:50,0.75,200,165450
20240116,09:21:51,0.75,300,165450
20240116,09:21:52,0.75,200,165450
20240116,09:21:54,0.75,100,165450
20240116,09:21:56,0.75,100,165450
20240116,09:21:57,0.75,50,165450
20240116,09:21:58,0.75,50,165450
20240116,09:21:59,0.75,50,165450
20240116,09:22:00,0.75,50,165450
20240116,09:22:02,0.75,100,165450
20240116,09:22:03,0.75,50,165450
20240116,09:22:04,0.75,50,165450
20240116,09:22:05,0.75,200,165450
20240116,09:22:06,0.75,200,165450
20240116,09:22:07,0.75,200,165450
20240116,09:22:08,0.75,200,165450
20240116,09:22:09,0.75,200,165450
20240116,09:22:10,0.75,50,165450
20240116,09:22:11,0.75,50,165450
20240116,09:22:12,0.75,50,165450
20240116,09:22:13,0.75,50,165450
20240116,09:22:14,0.75,200,165450
20240116,09:22:15,0.75,200,165450
20240116,09:22:16,0.75,200,165450
20240116,09:22:17,0.75,1700,165450
20240116,09:22:18,0.75,150,165450
20240116,09:22:20,0.75,100,165450
20240116,09:22:21,0.75,50,165450
20240116,09:22:22,0.75,50,165450
20240116,09:22:23,0.75,50,165450
20240116,09:22:24,0.75,50,165450
20240116,09:22:25,0.75,50,165450
20240116,09:22:26,0.75,50,165450
20240116,09:22:27,0.75,50,165450
20240116,09:22:28,0.75,250,165450
20240116,09:22:30,0.75,600,165450
20240116,09:22:32,0.75,50,165450
20240116,09:22:33,0.75,50,165450
20240116,09:22:34,0.75,100,165450
20240116,09:22:35,0.75,50,165450
20240116,09:22:36,0.75,50,165450
20240116,09:22:37,0.75,50,165450
20240116,09:22:38,0.75,200,165450
20240116,09:22:39,0.75,450,165450
20240116,09:22:40,0.75,200,165450
20240116,09:22:41,0.75,200,165450
20240116,09:22:42,0.75,200,165450
20240116,09:22:43,0.75,200,165450
20240116,09:22:44,0.75,200,165450
20240116,09:22:45,0.75,200,165450
20240116,09:22:47,0.75,400,165450
20240116,09:22:48,0.75,200,165450
20240116,09:22:49,0.75,200,165450
20240116,09:22:50,0.75,200,165450
20240116,09:22:51,0.75,250,165450
20240116,09:22:52,0.75,200,165450
20240116,09:22:53,0.75,200,165450
20240116,09:22:54,0.75,200,165450
20240116,09:22:55,0.75,200,165450
20240116,09:22:56,0.75,200,165450
20240116,09:22:57,0.75,200,165450
20240116,09:22:58,0.75,200,165450
20240116,09:23:00,0.7,350,165450
20240116,09:23:01,0.75,50,165450
20240116,09:23:02,0.75,50,165450
20240116,09:23:03,0.75,50,165450
20240116,09:23:04,0.75,200,165450
20240116,09:23:05,0.75,200,165450
20240116,09:23:06,0.75,200,165450
20240116,09:23:09,0.8,200,165450
20240116,09:23:10,0.8,200,165450
20240116,09:23:11,0.8,200,165450
20240116,09:23:12,0.8,200,165450
20240116,09:23:13,0.8,200,165450
20240116,09:23:14,0.8,200,165450
20240116,09:23:15,0.8,200,165450
20240116,09:23:16,0.8,200,165450
20240116,09:23:16,0.8,1000,165450
20240116,09:23:18,0.8,1700,165450
20240116,09:23:18,0.8,500,165450
20240116,09:23:20,0.8,50,165450
20240116,09:23:30,0.75,1000,154000
20240116,09:23:47,0.75,1500,154000
20240116,09:23:50,0.75,1800,154000
20240116,09:23:51,0.75,1800,154000
20240116,09:23:54,0.75,1800,154000
20240116,09:23:55,0.75,1000,154000
20240116,09:23:56,0.7,800,154000
20240116,09:23:58,0.75,400,154000
20240116,09:24:13,0.75,100,154000
20240116,09:24:37,0.7,650,154000
20240116,09:24:41,0.7,1800,154000
20240116,09:25:02,0.7,100,154000
20240116,09:25:06,0.75,200,154000
20240116,09:25:10,0.7,800,154000
20240116,09:25:13,0.75,50,154000
20240116,09:25:14,0.7,15100,154000
20240116,09:25:15,0.7,50,154000
20240116,09:25:16,0.7,1150,154000
20240116,09:25:17,0.65,1800,154000
20240116,09:25:18,0.65,100,154000
20240116,09:25:20,0.65,50,154000
20240116,09:25:32,0.7,150,154000
20240116,09:25:35,0.7,3600,154000
20240116,09:25:36,0.7,3900,154000
20240116,09:25:39,0.75,50,154000
20240116,09:25:45,0.7,50,154000
20240116,09:25:46,0.75,200,154000
20240116,09:25:58,0.75,500,154000
20240116,09:25:59,0.75,750,154000
20240116,09:26:01,0.75,500,154000
20240116,09:26:02,0.75,500,154000
20240116,09:26:03,0.75,1850,154000
20240116,09:26:51,0.7,100,154000
20240116,09:27:10,0.7,650,150950
20240116,09:27:22,0.7,1800,150950
20240116,09:27:55,0.7,400,150950
20240116,09:28:00,0.7,400,150950
20240116,09:28:03,0.7,150,150950
20240116,09:28:18,0.7,100,150950
20240116,09:28:25,0.75,100,150950
20240116,09:29:01,0.7,50,150950
20240116,09:29:30,0.75,50,150950
20240116,09:29:30,0.7,50,150950
20240116,09:29:50,0.75,1500,150050
20240116,09:30:04,0.7,100,150050
20240116,09:30:08,0.75,1500,150050
20240116,09:30:13,0.75,500,150050
20240116,09:30:18,0.75,500,150050
20240116,09:30:21,0.7,500,150050
20240116,09:30:45,0.75,200,150050
20240116,09:30:46,0.7,100,150050
20240116,09:31:03,0.75,100,150050
20240116,09:31:17,0.75,250,150050
20240116,09:31:35,0.75,50,150050
20240116,09:31:57,0.7,1500,150050
20240116,09:32:19,0.7,150,150050
20240116,09:32:22,0.7,250,150050
20240116,09:32:30,0.7,50,150050
20240116,09:32:38,0.75,500,150050
20240116,09:32:44,0.7,3900,149650
20240116,09:32:45,0.7,1500,149650
20240116,09:33:05,0.7,700,149650
20240116,09:33:06,0.7,850,149650
20240116,09:33:08,0.75,100,149650
20240116,09:33:09,0.75,500,149650
20240116,09:33:10,0.75,100,149650
20240116,09:33:18,0.7,1800,149650
20240116,09:33:20,0.75,50,149650
20240116,09:33:24,0.7,1800,149650
20240116,09:33:25,0.7,750,149650
20240116,09:33:45,0.75,50,149650
20240116,09:33:54,0.75,100,149650
20240116,09:34:10,0.75,50,149650
20240116,09:34:21,0.7,350,149650
20240116,09:34:34,0.7,100,149650
20240116,09:34:36,0.7,100,149650
20240116,09:34:51,0.75,500,149650
20240116,09:34:52,0.75,500,149650
20240116,09:34:53,0.75,500,149650
20240116,09:34:54,0.75,1000,149650
20240116,09:34:55,0.75,500,149650
20240116,09:34:56,0.75,1000,149650
20240116,09:34:57,0.75,500,149650
20240116,09:34:58,0.75,1000,149650
20240116,09:34:59,0.75,1000,149650
20240116,09:35:00,0.75,500,149650
20240116,09:35:01,0.75,1000,149650
20240116,09:35:18,0.75,50,149650
20240116,09:35:20,0.75,50,149650
20240116,09:35:30,0.75,300,149650
20240116,09:35:46,0.75,100,155550
20240116,09:35:49,0.75,50,155550
20240116,09:35:50,0.75,50,155550
20240116,09:35:50,0.75,500,155550
20240116,09:35:51,0.75,550,155550
20240116,09:35:52,0.75,1000,155550
20240116,09:35:53,0.75,500,155550
20240116,09:35:54,0.75,500,155550
20240116,09:35:58,0.7,400,155550
20240116,09:35:59,0.75,50,155550
20240116,09:36:00,0.75,50,155550
20240116,09:36:06,0.7,1800,155550
20240116,09:36:14,0.7,100,155550
20240116,09:36:16,0.75,50,155550
20240116,09:36:27,0.7,150,155550
20240116,09:36:31,0.7,100,155550
20240116,09:36:43,0.75,50,155550
20240116,09:36:46,0.75,50,155550
20240116,09:36:49,0.75,50,155550
20240116,09:37:37,0.75,50,155550
20240116,09:37:37,0.7,50,155550
20240116,09:37:51,0.75,50,155550
20240116,09:38:47,0.75,100,155200
20240116,09:39:05,0.75,300,155200
20240116,09:39:20,0.7,1000,155200
20240116,09:39:24,0.7,1800,155200
20240116,09:39:26,0.7,1800,155200
20240116,09:39:27,0.7,50,155200
20240116,09:39:27,0.7,2200,155200
20240116,09:39:29,0.7,1800,155200
20240116,09:39:30,0.7,1800,155200
20240116,09:39:32,0.7,1800,155200
20240116,09:39:32,0.7,450,155200
20240116,09:39:33,0.7,1800,155200
20240116,09:39:35,0.7,1800,155200
20240116,09:39:36,0.75,50,155200
20240116,09:39:37,0.7,2100,155200
20240116,09:39:38,0.7,2500,155200
20240116,09:39:40,0.7,1800,155200
20240116,09:39:41,0.7,1800,155200
20240116,09:39:45,0.7,1800,155200
20240116,09:39:47,0.7,1800,155200
20240116,09:39:51,0.7,1750,155200
20240116,09:39:59,0.65,100,155200
20240116,09:40:08,0.7,50,155200
20240116,09:40:10,0.7,50,155200
20240116,09:40:20,0.7,50,155200
20240116,09:40:21,0.7,1450,155200
20240116,09:40:36,0.7,300,155200
20240116,09:40:36,0.7,100,155200
20240116,09:40:38,0.7,50,155200
20240116,09:40:52,0.65,100,155200
20240116,09:41:00,0.7,200,155200
20240116,09:41:36,0.7,2700,155200
20240116,09:41:38,0.7,1800,153300
20240116,09:41:58,0.7,50,153300
20240116,09:42:24,0.65,50,153300
20240116,09:42:25,0.7,50,153300
20240116,09:42:30,0.7,50,153300
20240116,09:42:47,0.7,50,153300
20240116,09:43:08,0.7,50,153300
20240116,09:43:12,0.65,200,153300
20240116,09:43:57,0.65,300,153300
20240116,09:44:12,0.65,750,153300
20240116,09:44:14,0.7,200,153300
20240116,09:44:52,0.7,200,151900
20240116,09:45:15,0.7,250,151900
20240116,09:45:33,0.65,150,151900
20240116,09:45:33,0.7,200,151900
20240116,09:45:40,0.7,600,151900
20240116,09:45:46,0.7,500,151900
20240116,09:46:20,0.65,250,151900
20240116,09:46:25,0.65,500,151900
20240116,09:46:27,0.65,500,151900
20240116,09:46:32,0.7,150,151900
20240116,09:46:34,0.7,150,151900
20240116,09:46:36,0.7,200,151900
20240116,09:46:55,0.7,50,151900
20240116,09:47:00,0.7,200,151900
20240116,09:47:01,0.7,200,151900
20240116,09:47:03,0.7,200,151900
20240116,09:48:07,0.65,50,151900
20240116,09:48:21,0.7,50,151900
20240116,09:48:28,0.7,150,151900
20240116,09:48:52,0.65,1800,151900
20240116,09:48:53,0.65,1850,151900
20240116,09:48:57,0.65,50,151900
20240116,09:48:58,0.65,1800,151900
20240116,09:49:01,0.65,400,151900
20240116,09:49:02,0.7,1800,151900
20240116,09:49:04,0.65,1050,151900
20240116,09:49:05,0.65,3600,151900
20240116,09:49:06,0.65,1750,151900
20240116,09:49:09,0.65,400,151900
20240116,09:49:29,0.7,200,151900
20240116,09:49:36,0.7,50,151900
20240116,09:49:57,0.65,1800,151900
20240116,09:50:14,0.65,200,151900
20240116,09:50:43,0.7,200,151200
20240116,09:50:47,0.7,200,151200
20240116,09:50:48,0.65,750,151200
20240116,09:50:49,0.65,500,151200
20240116,09:50:50,0.65,500,151200
20240116,09:50:51,0.65,750,151200
20240116,09:50:52,0.65,500,151200
20240116,09:50:53,0.65,200,151200
20240116,09:51:32,0.7,100,151200
20240116,09:52:04,0.7,100,151200
20240116,09:52:41,0.65,100,151200
20240116,09:53:40,0.7,50,150600
20240116,09:53:56,0.7,50,150600
20240116,09:54:05,0.65,500,150600
20240116,09:54:06,0.65,1500,150600
20240116,09:54:07,0.65,1000,150600
20240116,09:54:08,0.65,1500,150600
20240116,09:54:09,0.65,1000,150600
20240116,09:54:10,0.65,500,150600
20240116,09:54:11,0.65,1500,150600
20240116,09:54:12,0.65,1500,150600
20240116,09:54:13,0.65,1000,150600
20240116,09:54:14,0.65,50,150600
20240116,09:54:36,0.65,500,150600
20240116,09:54:37,0.65,500,150600
20240116,09:55:32,0.7,1700,150600
20240116,09:55:33,0.65,100,150600
20240116,09:55:34,0.7,200,150600
20240116,09:55:49,0.7,1000,150600
20240116,09:56:09,0.7,50,150600
20240116,09:56:32,0.65,500,150600
20240116,09:56:33,0.65,600,150600
20240116,09:56:50,0.65,600,151700
20240116,09:57:01,0.65,2650,151700
20240116,09:57:01,0.65,500,151700
20240116,09:57:02,0.65,100,151700
20240116,09:57:05,0.65,350,151700
20240116,09:57:09,0.7,50,151700
20240116,09:58:12,0.65,1800,151700
20240116,09:58:38,0.65,700,151700
20240116,09:58:51,0.7,450,151700
20240116,09:59:06,0.65,1150,151700
20240116,09:59:27,0.65,900,151700
20240116,09:59:41,0.7,50,157200
20240116,09:59:55,0.7,250,157200
20240116,10:00:08,0.7,100,157200
20240116,10:00:17,0.65,500,157200
20240116,10:00:19,0.65,500,157200
20240116,10:00:21,0.65,500,157200
20240116,10:00:23,0.65,200,157200
20240116,10:00:29,0.65,50,157200
20240116,10:00:49,0.65,500,157200
20240116,10:00:50,0.7,300,157200
20240116,10:00:54,0.65,200,157200
20240116,10:01:26,0.65,150,157200
20240116,10:01:28,0.65,50,157200
20240116,10:01:34,0.65,150,157200
20240116,10:01:57,0.65,250,157200
20240116,10:03:02,0.7,100,157200
20240116,10:03:04,0.7,100,157200
20240116,10:03:43,0.7,50,157200
20240116,10:03:52,0.65,450,157200
20240116,10:05:31,0.7,200,157200
20240116,10:05:44,0.7,100,157200
20240116,10:05:46,0.7,100,157650
20240116,10:06:03,0.7,100,157650
20240116,10:06:05,0.7,100,157650
20240116,10:06:08,0.7,50,157650
20240116,10:06:29,0.7,50,157650
20240116,10:06:32,0.7,200,157650
20240116,10:06:56,0.7,650,157650
20240116,10:08:01,0.65,50,157650
20240116,10:09:08,0.7,50,157650
20240116,10:10:06,0.65,50,157650
20240116,10:10:10,0.7,50,157650
20240116,10:10:28,0.7,50,157650
20240116,10:10:29,0.7,150,157650
20240116,10:10:35,0.7,100,157650
20240116,10:10:46,0.7,100,157650
20240116,10:10:56,0.7,50,157650
20240116,10:11:51,0.65,1400,157650
20240116,10:12:38,0.65,650,157650
20240116,10:14:16,0.7,5000,157650
20240116,10:14:21,0.7,50,157650
20240116,10:14:40,0.7,50,157650
20240116,10:14:59,0.7,100,157650
20240116,10:15:11,0.65,50,157650
20240116,10:15:15,0.65,150,157650
20240116,10:16:10,0.7,850,157650
20240116,10:16:11,0.7,100,157650
20240116,10:16:28,0.65,1250,157650
20240116,10:17:05,0.65,50,157650
20240116,10:17:16,0.7,450,157650
20240116,10:18:49,0.65,1000,157650
20240116,10:21:11,0.7,200,158550
20240116,10:21:12,0.7,100,158550
20240116,10:21:38,0.7,1000,158550
20240116,10:23:28,0.7,3000,158550
20240116,10:24:25,0.65,1000,158250
20240116,10:24:41,0.7,300,158250
20240116,10:24:53,0.7,100,158250
20240116,10:25:34,0.7,800,158250
20240116,10:25:34,0.7,200,158250
20240116,10:25:37,0.7,250,158250
20240116,10:25:38,0.7,100,158250
20240116,10:25:44,0.7,550,158250
20240116,10:25:45,0.7,300,158250
20240116,10:25:45,0.7,350,158250
20240116,10:25:46,0.7,250,158250
20240116,10:25:47,0.7,300,158250
20240116,10:25:56,0.7,100,158250
20240116,10:26:03,0.7,900,158250
20240116,10:26:16,0.7,300,158250
20240116,10:26:27,0.7,250,158250
20240116,10:26:44,0.7,100,158250
20240116,10:26:47,0.7,50,154200
20240116,10:26:57,0.65,50,154200
20240116,10:27:32,0.7,250,154200
20240116,10:27:35,0.7,600,154200
20240116,10:27:36,0.7,300,154200
20240116,10:27:39,0.7,300,154200
20240116,10:27:55,0.7,1700,154200
20240116,10:28:19,0.7,300,154200
20240116,10:28:20,0.7,350,154200
20240116,10:28:21,0.7,350,154200
20240116,10:28:38,0.7,350,154200
20240116,10:29:01,0.7,450,154200
20240116,10:29:02,0.7,2050,154200
20240116,10:29:03,0.7,250,154200
20240116,10:29:07,0.7,350,154200
20240116,10:29:12,0.7,250,154200
20240116,10:29:22,0.65,50,154200
20240116,10:29:27,0.7,1350,154200
20240116,10:30:19,0.7,100,154200
20240116,10:30:23,0.7,250,145900
20240116,10:30:24,0.7,600,145900
20240116,10:30:29,0.65,800,145900
20240116,10:30:53,0.7,200,145900
20240116,10:30:54,0.7,100,145900
20240116,10:30:55,0.7,50,145900
20240116,10:31:02,0.65,50,145900
20240116,10:31:47,0.7,350,145900
20240116,10:32:05,0.7,50,145900
20240116,10:33:05,0.7,100,144700
20240116,10:33:20,0.7,100,144700
20240116,10:35:28,0.7,500,144700
20240116,10:35:54,0.65,50,144700
20240116,10:35:54,0.7,300,144700
20240116,10:36:03,0.7,50,144700
20240116,10:36:10,0.7,100,144700
20240116,10:36:14,0.7,100,144700
20240116,10:38:18,0.7,2000,144700
20240116,10:38:55,0.7,50,144700
20240116,10:39:23,0.7,150,144700
20240116,10:39:40,0.65,150,144700
20240116,10:39:44,0.7,150,144700
20240116,10:39:52,0.65,50,144700
20240116,10:39:53,0.65,50,144700
20240116,10:39:54,0.65,50,144700
20240116,10:39:55,0.65,50,144700
20240116,10:39:55,0.65,350,144700
20240116,10:39:56,0.65,200,144700
20240116,10:39:57,0.65,200,144700
20240116,10:39:58,0.65,200,144700
20240116,10:39:59,0.65,200,144700
20240116,10:40:00,0.65,50,144700
20240116,10:40:01,0.65,50,144700
20240116,10:40:02,0.65,50,144700
20240116,10:40:03,0.65,50,144700
20240116,10:40:04,0.65,200,144700
20240116,10:40:05,0.65,200,144700
20240116,10:40:06,0.65,200,144700
20240116,10:40:07,0.65,200,144700
20240116,10:40:08,0.65,200,144700
20240116,10:40:09,0.65,200,144700
20240116,10:40:10,0.65,250,144700
20240116,10:40:11,0.65,400,144700
20240116,10:40:12,0.65,200,144700
20240116,10:40:13,0.65,50,144700
20240116,10:40:14,0.65,1050,144700
20240116,10:40:15,0.65,50,144700
20240116,10:40:16,0.65,50,144700
20240116,10:40:17,0.65,50,144700
20240116,10:40:18,0.65,50,144700
20240116,10:40:19,0.65,50,144700
20240116,10:40:20,0.65,50,144700
20240116,10:40:21,0.65,50,144700
20240116,10:40:22,0.65,50,144700
20240116,10:40:23,0.65,50,144700
20240116,10:40:24,0.65,50,144700
20240116,10:40:26,0.65,50,144700
20240116,10:40:27,0.65,50,144700
20240116,10:40:28,0.65,200,144700
20240116,10:40:29,0.65,200,144700
20240116,10:40:30,0.65,200,144700
20240116,10:40:31,0.65,200,144700
20240116,10:40:32,0.65,50,144700
20240116,10:40:33,0.65,50,144700
20240116,10:40:33,0.7,200,144700
20240116,10:40:34,0.65,200,144700
20240116,10:40:35,0.65,200,144700
20240116,10:40:36,0.65,200,144700
20240116,10:40:37,0.65,200,144700
20240116,10:40:38,0.65,200,144700
20240116,10:40:39,0.65,50,144700
20240116,10:40:40,0.65,50,144700
20240116,10:40:41,0.65,50,144700
20240116,10:40:42,0.65,250,144700
20240116,10:40:43,0.65,600,144700
20240116,10:40:44,0.65,150,144700
20240116,10:40:45,0.65,50,144700
20240116,10:40:46,0.65,200,144700
20240116,10:40:47,0.65,200,144700
20240116,10:40:48,0.7,400,144700
20240116,10:40:49,0.65,50,144700
20240116,10:40:50,0.65,50,144700
20240116,10:40:55,0.65,50,144700
20240116,10:40:56,0.65,50,144700
20240116,10:40:57,0.65,50,144700
20240116,10:41:13,0.65,500,144700
20240116,10:41:27,0.65,50,144700
20240116,10:41:28,0.65,50,144700
20240116,10:41:29,0.65,50,144700
20240116,10:41:30,0.65,50,144700
20240116,10:41:31,0.65,50,144700
20240116,10:41:32,0.65,200,144700
20240116,10:41:33,0.65,200,144700
20240116,10:41:34,0.65,200,144700
20240116,10:41:35,0.65,50,144700
20240116,10:41:36,0.65,50,144700
20240116,10:41:37,0.65,50,144700
20240116,10:41:38,0.65,50,144700
20240116,10:41:39,0.65,50,144700
20240116,10:41:40,0.65,50,144700
20240116,10:41:41,0.65,50,144700
20240116,10:41:42,0.65,50,144700
20240116,10:41:43,0.65,50,144700
20240116,10:41:46,0.65,50,144700
20240116,10:41:48,0.65,50,144700
20240116,10:41:50,0.65,50,144700
20240116,10:41:51,0.65,50,144700
20240116,10:41:52,0.65,50,144700
20240116,10:41:53,0.65,50,144700
20240116,10:41:54,0.65,50,144700
20240116,10:41:55,0.65,50,144700
20240116,10:41:56,0.65,50,144700
20240116,10:41:57,0.65,50,144700
20240116,10:41:58,0.65,50,144700
20240116,10:41:58,0.65,150,144700
20240116,10:41:59,0.65,50,144700
20240116,10:42:00,0.65,50,144700
20240116,10:42:01,0.65,50,144700
20240116,10:42:02,0.65,50,144700
20240116,10:42:03,0.65,50,144700
20240116,10:42:04,0.65,50,144700
20240116,10:42:05,0.65,50,144700
20240116,10:42:06,0.65,50,144700
20240116,10:42:07,0.65,50,144700
20240116,10:42:08,0.65,50,144700
20240116,10:42:09,0.65,200,144700
20240116,10:42:10,0.65,200,144700
20240116,10:42:11,0.65,200,144700
20240116,10:42:12,0.65,200,144700
20240116,10:42:13,0.65,50,144700
20240116,10:42:14,0.65,50,144700
20240116,10:42:15,0.65,50,144700
20240116,10:42:16,0.65,50,144700
20240116,10:42:17,0.65,50,144700
20240116,10:42:18,0.65,50,144700
20240116,10:42:19,0.65,50,144700
20240116,10:42:20,0.65,200,144700
20240116,10:42:21,0.65,200,144700
20240116,10:42:22,0.65,200,144700
20240116,10:43:14,0.7,200,144700
20240116,10:44:13,0.7,50,144700
20240116,10:44:53,0.65,1000,144700
20240116,10:45:51,0.7,200,144700
20240116,10:45:51,0.7,100,144700
20240116,10:47:27,0.7,1800,144700
20240116,10:47:34,0.7,200,144700
20240116,10:47:56,0.65,50,144700
20240116,10:48:08,0.65,50,144700
20240116,10:48:09,0.65,200,144700
20240116,10:49:33,0.65,50,144700
20240116,10:49:34,0.65,50,144700
20240116,10:49:35,0.65,50,144700
20240116,10:49:39,0.65,100,144700
20240116,10:49:40,0.65,50,144700
20240116,10:49:41,0.65,50,144700
20240116,10:50:24,0.7,700,144700
20240116,10:50:25,0.7,600,144700
20240116,10:50:36,0.7,2000,144700
20240116,10:50:37,0.65,600,144700
20240116,10:50:42,0.7,150,144700
20240116,10:51:15,0.65,50,144700
20240116,10:51:34,0.65,50,144700
20240116,10:51:35,0.65,50,144700
20240116,10:51:36,0.65,50,144700
20240116,10:51:37,0.65,50,144700
20240116,10:51:38,0.65,50,144700
20240116,10:51:39,0.65,50,144700
20240116,10:51:40,0.65,50,144700
20240116,10:51:41,0.65,50,144700
20240116,10:51:42,0.65,50,144700
20240116,10:51:43,0.65,50,144700
20240116,10:51:48,0.65,50,144700
20240116,10:51:50,0.65,50,144700
20240116,10:51:59,0.65,50,144700
20240116,10:52:02,0.65,50,144700
20240116,10:52:04,0.65,50,144700
20240116,10:52:05,0.65,50,144700
20240116,10:52:11,0.7,150,144700
20240116,10:52:22,0.65,500,144700
20240116,10:52:29,0.65,200,144700
20240116,10:52:53,0.65,50,144700
20240116,10:52:53,0.65,550,144700
20240116,10:52:54,0.65,50,144700
20240116,10:52:55,0.65,50,144700
20240116,10:52:56,0.65,50,144700
20240116,10:52:57,0.65,50,144700
20240116,10:52:58,0.65,50,144700
20240116,10:52:59,0.65,50,144700
20240116,10:53:00,0.65,50,144700
20240116,10:53:01,0.65,50,144700
20240116,10:53:02,0.65,50,144700
20240116,10:53:03,0.65,50,144700
20240116,10:53:04,0.65,50,144700
20240116,10:53:05,0.65,50,144700
20240116,10:53:06,0.65,50,144700
20240116,10:53:07,0.65,50,144700
20240116,10:53:08,0.65,50,144700
20240116,10:53:09,0.65,50,144700
20240116,10:53:10,0.65,50,144700
20240116,10:53:11,0.65,50,144700
20240116,10:53:12,0.7,250,144700
20240116,10:53:13,0.65,50,144700
20240116,10:53:14,0.65,50,144700
20240116,10:53:15,0.65,50,144700
20240116,10:53:16,0.65,50,144700
20240116,10:53:17,0.65,50,144700
20240116,10:53:18,0.65,50,144700
20240116,10:53:19,0.65,50,144700
20240116,10:53:20,0.65,50,144700
20240116,10:53:21,0.65,50,144700
20240116,10:53:45,0.65,50,144700
20240116,10:53:46,0.65,50,144700
20240116,10:53:47,0.65,50,144700
20240116,10:53:48,0.65,50,144700
20240116,10:53:49,0.65,50,144700
20240116,10:53:50,0.65,50,144700
20240116,10:53:51,0.65,50,144700
20240116,10:53:52,0.65,50,144700
20240116,10:53:53,0.65,50,144700
20240116,10:53:54,0.65,50,144700
20240116,10:53:55,0.65,50,144700
20240116,10:53:56,0.65,50,144700
20240116,10:53:57,0.65,50,144700
20240116,10:53:58,0.65,50,144700
20240116,10:53:59,0.65,50,144700
20240116,10:54:00,0.65,50,144700
20240116,10:54:01,0.65,50,144700
20240116,10:54:02,0.65,50,144700
20240116,10:54:03,0.65,50,144700
20240116,10:54:34,0.7,100,144700
20240116,10:55:34,0.7,200,144700
20240116,10:55:34,0.7,100,144700
20240116,10:55:58,0.65,1800,144700
20240116,10:55:58,0.65,400,144700
20240116,10:56:40,0.7,1800,144700
20240116,10:58:22,0.65,150,144700
20240116,10:58:25,0.7,50,144700
20240116,10:58:37,0.7,1800,144700
20240116,10:58:47,0.7,100,144700
20240116,10:59:00,0.7,50,144700
20240116,10:59:17,0.7,100,144700
20240116,10:59:26,0.65,50,144700
20240116,10:59:27,0.65,50,144700
20240116,10:59:28,0.65,50,144700
20240116,10:59:29,0.7,150,144700
20240116,10:59:30,0.65,50,144700
20240116,10:59:31,0.65,50,144700
20240116,10:59:32,0.65,50,144700
20240116,10:59:33,0.65,50,144700
20240116,10:59:34,0.65,50,144700
20240116,10:59:35,0.65,50,144700
20240116,10:59:36,0.65,50,144700
20240116,10:59:37,0.65,50,144700
20240116,10:59:38,0.65,50,144700
20240116,10:59:39,0.65,50,144700
20240116,10:59:40,0.65,50,144700
20240116,10:59:41,0.65,50,144700
20240116,10:59:42,0.65,50,144700
20240116,10:59:43,0.65,50,144700
20240116,10:59:44,0.65,50,142900
20240116,10:59:45,0.65,50,142900
20240116,10:59:46,0.65,50,142900
20240116,10:59:47,0.65,50,142900
20240116,10:59:48,0.65,50,142900
20240116,11:00:09,0.7,50,142900
20240116,11:00:13,0.7,100,142900
20240116,11:00:14,0.7,200,142900
20240116,11:00:18,0.7,50,142900
20240116,11:00:28,0.65,100,142900
20240116,11:00:35,0.7,250,142900
20240116,11:00:42,0.7,150,142900
20240116,11:00:52,0.7,50,142900
20240116,11:01:34,0.7,300,142900
20240116,11:01:35,0.7,350,142900
20240116,11:01:36,0.7,350,142900
20240116,11:01:39,0.65,50,142900
20240116,11:01:58,0.7,50,142900
20240116,11:02:09,0.65,50,142900
20240116,11:03:05,0.7,100,142900
20240116,11:03:24,0.7,100,142900
20240116,11:04:19,0.65,100,142900
20240116,11:04:38,0.65,1000,142900
20240116,11:04:39,0.65,1000,142900
20240116,11:05:25,0.7,200,142900
20240116,11:06:02,0.7,100,142900
20240116,11:06:08,0.7,100,142900
20240116,11:06:12,0.7,100,142900
20240116,11:06:28,0.7,50,142900
20240116,11:06:29,0.7,50,142900
20240116,11:07:04,0.7,1800,142900
20240116,11:07:06,0.7,3600,142900
20240116,11:07:07,0.7,1800,142900
20240116,11:07:08,0.7,1800,142900
20240116,11:07:11,0.7,50,142900
20240116,11:07:47,0.7,50,142900
20240116,11:08:51,0.7,1000,143050
20240116,11:09:31,0.7,1500,143050
