date,time,tick_price,volume,open_interest
20231228,11:07:59,25.7,350,16250
20231228,11:08:09,25.85,1700,16250
20231228,11:08:19,26.2,850,16250
20231228,11:08:29,26.85,2350,16250
20231228,11:08:39,26.95,2050,16250
20231228,11:08:49,27.1,2050,16250
20231228,11:09:00,29.2,5400,16250
20231228,11:09:11,29.2,1500,16250
20231228,11:35:47,29.2,350,16250
20231228,11:36:05,29.2,250,16250
20231228,11:36:16,29.2,1000,16250
20231228,11:36:27,29.2,50,17850
20231228,11:57:09,29.2,100,17900
20231228,11:57:17,29.2,350,17900
20231228,11:57:33,29.2,300,18350
20231228,11:59:36,29.2,100,18350
20231228,11:59:44,29.2,50,18350
20231228,12:01:16,29.2,250,18800
20231228,12:02:30,29.2,350,18800
20231228,12:02:39,29.2,100,18800
20231228,12:02:48,29.2,50,18800
20231228,12:03:48,29.2,250,19550
20231228,12:04:05,29.2,150,19550
20231228,12:04:13,29.2,100,19550
20231228,12:05:12,29.2,250,19550
20231228,12:05:39,29.2,400,19550
20231228,12:05:47,29.2,700,19550
20231228,12:05:55,29.2,600,19550
20231228,12:06:04,29.2,300,19550
20231228,12:06:12,29.2,300,19550
20231228,12:06:29,29.2,600,22600
20231228,12:06:37,29.2,200,22600
20231228,12:06:46,29.2,300,22600
20231228,12:07:27,29.2,100,22600
20231228,12:07:44,29.2,350,22600
20231228,12:11:54,29.2,100,24150
20231229,14:58:20,25.1,1,24250
20231229,14:58:20,25.35,9650,24250
20231229,14:58:29,25.35,2800,24250
20231229,14:58:38,25.4,2200,24250
20231229,14:58:46,25.55,2750,24250
20231229,14:58:55,27.8,1650,24250
20231229,14:59:03,28.7,2000,24250
20231229,14:59:46,28.7,300,24250
20231229,14:59:53,28.7,150,24250
20231229,15:00:31,28.7,50,22150
20240101,11:25:55,27.05,1,8000
20240101,11:25:55,26.7,2450,8000
20240101,11:26:02,26.7,100,8000
20240101,11:26:24,26.7,250,8000
20240101,11:27:39,26.7,100,6400
20240101,11:29:02,26.75,150,6400
20240101,11:31:57,26.85,50,6400
20240101,12:19:15,26.1,200,6400
20240101,12:23:17,26.1,50,6400
20240101,12:42:37,26.05,200,6400
20240103,10:42:46,24.1,1,6400
20240103,10:42:46,24.1,50,6400
20240104,09:29:37,23.85,1,6450
20240104,09:29:37,23.85,750,6450
20240104,11:54:48,23.85,250,7200
20240108,12:04:38,19.0,1,7450
20240108,12:04:38,19.0,250,7450
20240110,09:46:40,17.0,1,7200
20240110,09:46:40,17.0,150,7200
20240110,14:54:02,15.0,50,7350
20240111,15:24:57,10.0,1,7350
20240111,15:24:57,10.0,50,7350
20240112,09:20:14,10.05,1,7350
20240112,09:20:14,10.05,100,7350
20240112,09:20:23,10.0,50,7350
20240112,09:28:12,10.0,300,7250
20240112,09:59:53,11.05,750,7550
20240112,11:08:12,11.05,50,8300
20240112,13:05:42,11.05,100,8350
20240112,13:28:49,11.05,250,8450
20240112,14:36:10,9.6,100,8200
20240112,14:41:22,9.6,300,8100
20240112,14:45:16,10.65,100,7800
20240112,14:45:59,10.65,50,7800
20240112,14:46:07,10.65,350,7800
20240112,14:49:10,10.65,250,7300
20240112,15:13:47,7.65,50,7050
20240112,15:15:42,7.65,750,7000
20240112,15:16:19,9.75,900,7000
20240112,15:16:28,9.75,100,7000
20240112,15:16:46,9.75,350,7000
20240112,15:16:55,9.75,100,7000
20240112,15:17:04,9.75,250,7000
20240112,15:17:22,9.7,100,7000
20240112,15:17:31,9.75,150,7000
20240112,15:20:22,9.75,150,6100
20240112,15:20:30,9.75,300,6100
20240112,15:20:38,9.75,200,6100
20240112,15:21:04,9.7,450,6100
20240112,15:21:13,9.7,50,6100
20240112,15:25:02,9.7,100,5650
20240112,15:27:03,9.55,250,5650
20240112,15:27:32,9.4,250,5550
20240115,09:15:55,9.7,1,5750
20240115,09:15:55,9.7,50,5750
20240115,09:20:53,10.7,1000,5750
20240115,09:27:02,10.7,1850,6600
20240115,09:27:28,8.45,100,6600
20240115,09:27:36,8.6,1000,6600
20240115,09:32:54,8.4,900,8600
20240115,09:41:12,8.4,50,7700
20240115,09:43:23,9.7,50,7750
20240115,09:48:47,8.65,50,7800
20240115,10:50:29,9.5,200,7800
20240115,11:28:17,8.85,50,7950
20240115,15:02:05,7.65,2150,8000
20240115,15:03:06,10.0,1800,8000
20240115,15:03:32,9.05,50,8400
20240115,15:03:57,9.05,50,8400
20240115,15:04:22,9.1,50,8400
20240115,15:19:14,9.3,50,8300
20240115,15:19:32,9.3,150,8300
20240115,15:19:41,9.3,200,8300
20240115,15:21:17,8.0,2100,8300
20240115,15:22:40,9.2,2350,9900
20240115,15:25:56,9.3,50,7900
20240115,15:28:10,9.85,50,7850
20240115,15:29:09,9.4,2000,7850
20240116,09:39:48,9.45,1,5800
20240116,09:39:48,9.5,1000,5800
20240116,09:40:08,8.9,800,5800
20240116,09:41:14,8.9,1000,5800
20240116,10:31:25,9.5,700,7350
20240116,10:35:08,9.0,250,8050
20240116,10:38:15,8.95,300,8050
20240116,10:40:20,8.85,250,8050
20240116,10:42:58,8.85,650,8050
20240116,12:45:49,7.25,1000,8600
20240116,12:46:04,7.25,100,8600
20240116,12:46:26,8.9,100,8600
20240116,12:50:49,8.85,100,9450
20240116,13:47:31,8.9,200,9350
20240116,13:50:58,8.95,200,9250
20240116,13:57:00,8.9,1000,9050
20240116,13:57:10,8.9,200,9050
20240116,13:57:47,8.8,350,8350
20240116,13:58:24,8.9,300,8350
20240116,13:58:32,8.8,100,8350
20240116,13:59:06,8.8,100,8350
20240116,14:21:02,8.4,50,8150
20240116,15:09:35,8.35,50,8100
20240116,15:09:44,8.5,200,8100
20240116,15:11:07,8.25,100,8100
20240116,15:11:59,8.5,100,8100
20240116,15:12:08,8.45,200,8100
20240116,15:12:16,8.5,400,8100
20240116,15:15:23,8.45,200,8000
20240116,15:28:30,7.25,100,8100
20240117,09:30:39,10.0,1,8000
20240117,09:30:39,7.4,300,8000
20240117,10:12:57,11.35,1000,7700
20240117,10:13:23,11.35,900,7700
20240117,10:13:32,10.95,250,7700
20240117,10:14:06,9.85,850,7700
20240117,10:14:41,9.85,1250,7700
20240117,10:15:54,9.7,250,6850
20240117,10:23:06,9.7,250,6850
20240117,10:23:15,9.65,100,6850
20240117,10:33:00,11.25,1550,6850
20240117,10:33:09,9.65,1350,6850
20240117,10:43:37,10.55,150,8400
20240117,11:38:46,15.95,500,8400
20240117,11:40:54,15.95,50,8900
20240117,11:42:52,12.6,50,8900
20240117,11:53:53,13.6,50,8900
20240117,12:10:38,13.9,500,8900
20240117,12:30:15,15.35,50,8400
20240117,12:42:26,15.7,50,8400
20240117,13:01:05,16.75,50,8400
20240117,13:02:23,16.75,50,8400
20240117,13:10:06,16.15,50,8500
20240117,13:25:35,21.0,50,8500
20240117,13:26:19,21.0,50,8500
20240117,13:28:52,15.9,100,8550
20240117,13:29:47,17.1,100,8550
20240117,13:54:18,14.3,2250,8550
20240117,13:54:37,14.5,600,7350
20240117,13:58:45,15.35,50,6800
20240117,14:46:14,16.65,50,6850
20240117,14:51:04,21.35,500,6900
20240117,14:51:13,21.35,200,6900
20240117,15:10:13,17.1,150,7350
20240117,15:10:23,17.4,300,7350
20240117,15:10:44,19.8,900,7350
20240117,15:11:01,17.8,400,7350
20240117,15:11:10,17.75,400,7350
20240117,15:11:19,19.85,3200,7350
20240117,15:11:28,17.5,1000,7350
20240117,15:11:40,17.55,1700,7350
20240117,15:11:51,17.8,2000,7350
20240117,15:12:00,17.65,600,7350
20240117,15:12:10,17.7,1200,7350
20240117,15:12:20,17.55,2100,7350
20240117,15:12:30,17.7,1000,7350
20240117,15:12:40,17.55,1200,21400
20240117,15:12:51,17.55,300,21400
20240117,15:13:23,17.6,50,21400
20240117,15:14:32,17.55,600,21400
20240117,15:14:41,17.55,300,21400
20240117,15:14:50,17.55,200,21400
20240117,15:15:22,17.55,150,21400
20240117,15:15:40,17.7,700,21400
20240117,15:15:49,17.95,2550,23700
20240117,15:15:59,18.05,350,23700
20240117,15:16:09,18.2,250,23700
20240117,15:16:20,18.6,600,23700
20240117,15:16:31,18.6,550,23700
20240117,15:16:41,18.6,450,23700
20240117,15:16:50,18.6,300,23700
20240117,15:16:59,18.55,1000,23700
20240117,15:17:19,18.45,50,23700
20240117,15:17:29,18.35,100,23700
20240117,15:17:48,18.25,1000,23700
20240117,15:18:07,18.3,100,23700
20240117,15:20:23,18.5,300,25200
20240117,15:20:51,19.05,100,25200
20240117,15:21:01,19.15,150,25200
20240117,15:22:33,19.15,50,25450
20240117,15:25:11,19.7,200,25450
20240117,15:25:20,20.05,400,25450
20240117,15:25:30,20.2,850,25450
20240117,15:25:39,20.0,100,25450
20240117,15:25:48,20.25,200,25450
20240117,15:25:58,20.3,500,25450
20240117,15:26:17,20.35,600,25450
20240117,15:26:36,20.35,50,25450
20240117,15:26:46,20.45,350,25450
20240117,15:26:55,20.55,50,25450
20240117,15:27:22,20.55,50,25450
20240117,15:27:30,20.8,400,25450
20240117,15:27:41,20.8,50,26450
20240117,15:28:15,20.8,50,26450
20240117,15:28:24,21.7,600,26450
20240117,15:29:17,21.7,50,26450
20240117,15:29:27,21.8,50,26450
20240118,09:18:18,23.05,1,26250
20240118,09:18:18,22.25,1,26250
20240118,09:18:18,22.95,3850,26250
20240118,09:19:31,22.8,1600,26250
20240118,09:19:40,22.75,400,26250
20240118,09:20:02,22.9,100,26250
20240118,09:20:13,23.05,1600,26250
20240118,09:20:23,22.8,1950,26250
20240118,09:20:33,22.7,850,26250
20240118,09:20:43,22.75,600,25950
20240118,09:20:53,22.65,50,25950
20240118,09:21:03,22.8,600,25950
20240118,09:21:13,22.55,2100,25950
20240118,09:21:24,22.55,1000,25950
20240118,09:21:34,22.55,1000,25950
20240118,09:21:45,22.4,850,25950
20240118,09:21:55,22.45,50,25950
20240118,09:22:05,22.5,900,25950
20240118,09:22:16,22.5,400,25950
20240118,09:22:26,22.7,450,25950
20240118,09:22:36,22.65,2500,25950
20240118,09:22:46,22.75,100,25950
20240118,09:22:56,22.7,1700,25950
20240118,09:23:06,22.7,100,25950
20240118,09:23:16,22.85,1600,25950
20240118,09:23:26,22.8,1500,25950
20240118,09:23:47,22.9,200,24900
20240118,09:23:57,22.8,50,24900
20240118,09:24:17,22.65,400,24900
20240118,09:24:27,22.7,1200,24900
20240118,09:24:47,22.35,550,24900
20240118,09:24:58,22.25,250,24900
20240118,09:25:18,21.75,150,24900
20240118,09:25:29,21.7,250,24900
20240118,09:26:12,21.6,1100,24900
20240118,09:26:22,21.5,2100,24900
20240118,09:26:33,20.1,11000,24900
20240118,09:26:44,21.65,4100,17300
20240118,09:26:55,21.45,1400,17300
20240118,09:27:05,21.35,100,17300
20240118,09:27:15,21.3,2200,17300
20240118,09:27:25,21.2,2800,17300
20240118,09:28:41,20.8,1950,17300
20240118,09:29:40,20.7,400,14850
20240118,09:30:18,20.3,300,14850
20240118,09:31:07,20.5,450,14850
20240118,09:31:28,20.6,1800,14850
20240118,09:32:00,20.65,200,14850
20240118,09:32:42,20.7,700,15150
20240118,09:33:03,20.95,2300,15150
20240118,09:33:23,21.0,450,15150
20240118,09:33:56,21.45,150,15150
20240118,09:34:08,21.4,650,15150
20240118,09:34:37,21.7,600,15150
20240118,09:35:46,21.8,650,13800
20240118,09:36:46,23.05,100,13800
20240118,09:36:58,23.0,300,13800
20240118,09:41:20,24.0,350,14100
20240118,09:41:59,24.35,50,14000
20240118,09:42:08,24.35,500,14000
20240118,09:43:23,23.6,350,14000
20240118,09:43:33,23.5,250,14000
20240118,09:44:22,23.35,200,14000
20240118,09:44:42,23.25,200,14000
20240118,09:44:52,23.45,50,13700
20240118,09:45:11,23.0,50,13700
20240118,09:46:47,23.2,150,13700
20240118,09:46:59,23.5,300,13700
20240118,09:47:11,23.7,550,13700
20240118,09:47:46,23.75,50,13600
20240118,09:48:07,24.1,650,13600
20240118,09:48:40,24.3,400,13600
20240118,09:49:04,24.35,150,13600
20240118,09:50:58,24.95,100,14650
20240118,09:52:46,26.25,250,14650
20240118,09:53:18,26.4,50,14650
20240118,09:53:27,26.8,150,14650
20240118,09:54:44,26.8,50,14550
20240118,09:55:57,27.2,250,14550
20240118,09:59:32,29.25,200,14250
20240118,10:00:12,29.25,750,14250
20240118,10:00:33,27.9,300,14250
20240118,10:01:17,25.5,750,14250
20240118,10:01:28,25.8,50,14250
20240118,10:02:00,24.85,300,14250
20240118,10:02:10,25.05,300,14250
20240118,10:02:31,25.15,250,14250
20240118,10:03:01,24.7,50,13650
20240118,10:03:11,24.5,50,13650
20240118,10:03:22,24.05,50,13650
20240118,10:04:23,24.35,100,13650
20240118,10:04:34,24.35,250,13650
20240118,10:06:13,23.4,450,13650
20240118,10:06:55,23.45,150,13650
20240118,10:07:19,22.3,50,13650
20240118,10:07:30,22.0,450,13650
20240118,10:07:53,22.7,950,13650
20240118,10:08:14,22.55,200,13650
20240118,10:08:34,22.05,300,13650
20240118,10:08:46,21.5,50,13650
20240118,10:09:20,20.6,250,13400
20240118,10:09:33,20.6,100,13400
20240118,10:09:57,19.55,50,13400
20240118,10:10:10,19.45,500,13400
20240118,10:10:35,19.15,50,13400
20240118,10:11:43,19.15,300,13400
20240118,10:12:28,20.75,500,13400
20240118,10:12:38,20.5,100,13400
20240118,10:12:49,20.85,50,13400
20240118,10:13:21,20.95,50,13400
20240118,10:13:41,21.0,250,13400
20240118,10:13:51,21.4,450,13400
20240118,10:16:51,24.4,250,13400
20240118,10:17:12,24.6,450,13400
20240118,10:17:22,24.0,250,13400
20240118,10:18:33,23.55,250,13350
20240118,10:20:01,23.3,750,13350
20240118,10:21:14,22.75,50,13350
20240118,10:21:56,22.15,50,13350
20240118,10:22:18,22.0,50,13350
20240118,10:24:13,21.95,750,13350
20240118,10:24:23,21.95,350,13350
20240118,10:25:04,21.85,350,13350
20240118,10:25:25,21.65,50,13350
20240118,10:26:29,21.15,50,13350
20240118,10:26:40,21.05,50,13350
20240118,10:26:52,20.75,400,13350
20240118,10:27:34,20.75,50,13350
20240118,10:28:36,20.45,2300,13350
20240118,10:28:46,20.4,750,13350
20240118,10:29:08,19.85,50,13350
20240118,10:29:29,19.95,300,13350
20240118,10:29:40,20.0,250,13350
20240118,10:29:50,20.15,300,15400
20240118,10:30:00,20.3,550,15400
20240118,10:30:41,19.75,300,15400
20240118,10:30:52,19.8,50,15400
20240118,10:31:22,19.65,150,15400
20240118,10:32:14,19.65,150,15400
20240118,10:32:25,19.7,50,15400
20240118,10:34:26,20.55,250,15400
20240118,10:35:10,20.65,50,15400
20240118,10:35:31,20.95,50,15400
20240118,10:35:52,20.9,350,15400
20240118,10:36:12,20.75,50,15400
20240118,10:36:23,21.0,200,15400
20240118,10:36:33,20.45,50,15400
20240118,10:36:44,20.25,150,15400
20240118,10:37:27,19.85,50,15400
20240118,10:39:39,19.2,50,15350
20240118,10:40:00,19.3,50,15350
20240118,10:40:12,19.1,500,15350
20240118,10:40:53,19.1,100,15350
20240118,10:42:37,18.85,50,15450
20240118,10:42:49,18.2,200,15450
20240118,10:43:01,18.0,200,15450
20240118,10:43:25,17.9,50,15450
20240118,10:44:07,17.8,150,15450
20240118,10:44:51,17.25,100,15450
20240118,10:51:53,16.4,950,15500
20240118,10:52:06,16.4,150,15500
20240118,10:54:13,16.7,1800,14650
20240118,10:55:28,17.3,150,14650
20240118,10:56:02,17.5,150,14650
20240118,10:56:12,17.45,150,14650
20240118,10:58:47,17.05,50,12800
20240118,10:59:39,17.3,100,12800
20240118,11:03:26,17.2,550,12800
20240118,11:06:57,16.95,50,13100
20240118,11:07:39,16.85,50,13100
20240118,11:09:12,16.7,50,13100
20240118,11:09:51,16.1,250,13100
20240118,11:10:03,16.05,100,13100
20240118,11:13:38,16.45,50,12900
20240118,11:14:29,16.15,50,12900
20240118,11:18:27,16.45,150,12850
20240118,11:42:01,15.1,250,12950
20240118,11:42:11,15.1,250,13050
20240118,11:42:21,15.1,250,13050
20240118,11:43:47,15.1,50,13050
20240118,11:43:57,15.5,50,13050
20240118,11:44:26,15.3,100,13050
20240118,11:54:05,15.05,50,13350
20240118,11:57:52,14.55,50,13300
20240118,12:45:11,14.55,100,13250
20240118,12:55:19,14.55,500,13250
20240118,12:57:05,14.7,250,13250
20240118,12:57:47,14.8,350,13750
20240118,12:58:30,15.1,500,13750
20240118,12:58:41,15.15,200,13750
20240118,12:59:35,15.2,300,13750
20240118,12:59:56,15.3,250,13750
20240118,13:02:21,15.35,50,14850
20240118,13:04:19,15.85,50,14850
20240118,13:05:34,15.7,50,14850
20240118,13:05:45,15.7,250,14850
20240118,13:05:56,15.5,300,14850
20240118,13:11:33,15.0,250,14350
20240118,13:11:54,15.15,400,14350
20240118,13:15:38,15.55,650,14750
20240118,13:24:19,15.05,50,14400
20240118,13:25:44,15.15,250,14400
20240118,13:26:15,15.2,300,14400
20240118,13:27:28,15.3,100,14700
20240118,13:28:19,15.4,250,14700
20240118,13:30:25,15.85,100,15000
20240118,13:30:56,16.25,50,15000
20240118,13:32:20,15.95,150,15000
20240118,13:32:41,15.8,700,15000
20240118,13:33:54,15.6,100,14300
20240118,13:34:05,15.75,150,14300
20240118,13:37:58,16.2,250,14350
20240118,13:38:09,16.2,250,14350
20240118,13:39:00,16.0,1000,14350
20240118,13:47:38,15.75,50,15700
20240118,13:47:57,15.75,50,15700
20240118,13:48:37,15.55,250,15750
20240118,13:53:44,15.25,250,15500
20240118,14:01:36,15.0,600,15250
20240118,14:10:35,15.35,50,15850
20240118,14:12:41,14.9,250,15850
20240118,14:13:41,14.45,50,15850
20240118,14:27:20,14.05,50,15600
20240119,09:34:28,6.05,1,15600
20240119,09:34:28,6.05,100,15600
20240119,13:18:55,6.05,50,15600
20240119,15:29:18,6.05,200,15600
20240120,09:20:57,5.65,1,15600
20240120,09:20:57,5.65,50,15600
20240120,09:21:09,5.65,100,15600
20240120,09:21:42,5.65,100,15600
20240120,09:26:30,5.4,300,15450
20240120,09:30:10,5.3,250,15450
20240120,09:30:21,5.3,50,15450
20240120,09:30:43,5.55,250,15450
20240120,09:31:06,5.6,100,15450
20240120,09:31:40,5.45,50,15450
20240120,09:34:19,5.95,300,15450
20240120,09:35:55,6.35,450,15050
20240120,09:44:20,6.45,100,15050
20240120,09:52:11,6.45,50,15050
20240120,10:04:25,6.1,350,15050
20240120,10:05:07,6.1,50,15050
20240120,10:08:09,6.1,150,15050
20240120,10:08:42,6.05,500,15050
20240120,10:09:30,6.2,100,14900
20240120,10:09:55,6.3,50,14900
20240120,10:13:07,6.3,50,15300
20240120,10:14:22,6.05,300,15300
20240120,10:33:33,5.65,250,15050
20240120,11:02:15,5.2,300,15300
20240120,11:03:43,5.1,50,15600
20240120,11:07:19,4.9,300,15650
20240120,12:00:26,4.9,300,15950
20240120,12:38:53,4.9,300,16250
20240120,12:39:03,5.6,400,15950
20240120,12:39:24,5.75,50,15950
20240120,12:43:24,5.8,50,16050
20240120,12:50:47,5.1,50,16050
20240120,12:53:10,5.1,50,16000
20240120,12:59:35,4.75,100,16000
20240120,13:03:13,4.6,50,15950
20240120,13:42:47,4.6,250,15950
20240120,13:57:27,4.6,300,15950
20240120,14:18:09,4.6,100,15650
20240120,14:32:17,4.8,50,15650
20240120,14:32:42,4.85,350,15650
20240120,14:40:53,4.7,50,15450
20240120,14:41:18,4.65,50,15450
20240120,14:42:36,4.7,50,15450
20240120,14:42:50,4.65,150,15450
20240120,14:42:58,4.65,50,15450
20240120,14:43:08,4.7,150,15450
20240120,14:43:19,4.75,50,15450
20240120,14:44:08,4.75,50,15450
20240120,14:45:01,4.9,50,15450
20240120,14:45:20,4.9,50,15450
20240120,14:48:33,5.1,50,15700
20240120,14:48:52,4.95,100,15700
20240120,14:50:13,4.95,450,15700
20240120,14:54:08,4.75,50,15650
20240120,14:56:28,4.95,50,15650
20240120,14:56:45,4.9,100,15650
20240120,14:58:46,4.95,50,15700
20240120,15:01:15,5.45,50,15650
20240120,15:01:37,5.4,150,15650
20240120,15:02:53,5.5,50,15650
20240120,15:06:53,5.4,250,15700
20240120,15:08:30,5.5,250,15700
20240120,15:08:42,5.5,50,15700
20240120,15:14:10,5.25,100,16050
20240120,15:15:00,5.1,50,16050
20240120,15:21:38,5.25,150,16000
20240120,15:21:46,5.15,100,16000
20240120,15:26:16,5.15,100,16150
20240120,15:26:54,5.2,150,16150
20240120,15:27:13,5.1,50,16150
20240120,15:27:22,5.1,50,16150
20240120,15:27:40,5.1,50,16000
20240120,15:27:48,5.1,450,16000
20240120,15:28:06,5.25,350,16000
20240120,15:28:51,5.25,250,16000
20240123,09:15:17,3.55,100,15350
20240123,09:15:40,3.55,50,15350
20240123,09:17:54,3.45,750,15350
20240123,09:21:02,5.8,1800,15350
20240123,09:21:20,3.4,350,15350
20240123,09:21:23,3.45,50,15350
20240123,09:21:41,3.45,50,15350
20240123,09:21:54,3.5,1800,15350
20240123,09:22:08,3.45,250,15350
20240123,09:22:16,3.5,100,15350
20240123,09:22:31,3.5,500,15350
20240123,09:23:06,3.45,400,15350
20240123,09:23:15,3.45,50,15350
20240123,09:23:51,3.45,450,17300
20240123,09:24:12,3.45,400,17300
20240123,09:24:55,3.5,50,17300
20240123,09:25:09,3.45,50,17300
20240123,09:25:57,3.35,300,17300
20240123,09:26:03,3.3,50,17300
20240123,09:26:18,3.25,550,17300
20240123,09:26:23,3.2,550,17300
20240123,09:26:53,3.25,450,17800
20240123,09:27:05,3.2,900,17800
20240123,09:27:21,3.25,200,17800
20240123,09:27:31,3.3,200,17800
20240123,09:28:37,3.3,50,17800
20240123,09:28:50,3.3,50,17800
20240123,09:28:54,3.3,250,17800
20240123,09:29:37,3.35,100,17200
20240123,09:29:43,3.35,250,17200
20240123,09:29:59,3.25,300,17200
20240123,09:30:10,3.35,50,17200
20240123,09:30:26,3.35,50,17200
20240123,09:30:41,3.35,50,17200
20240123,09:31:40,3.45,300,17200
20240123,09:31:42,3.45,150,17200
20240123,09:32:12,3.5,200,17200
20240123,09:32:34,3.5,50,17200
20240123,09:33:18,3.5,50,17050
20240123,09:33:44,3.5,50,17050
20240123,09:36:34,3.6,50,16950
20240123,09:38:37,3.55,50,16900
20240123,09:39:27,3.75,50,16900
20240123,09:40:50,3.75,400,16900
20240123,09:41:06,3.7,50,16900
20240123,09:41:58,3.65,200,16600
20240123,09:42:11,3.65,200,16600
20240123,09:43:33,3.7,50,16600
20240123,09:45:07,3.65,50,16550
20240123,09:47:49,3.6,350,16550
20240123,09:49:02,3.65,100,16550
20240123,09:49:24,3.65,100,16550
20240123,09:51:08,3.8,150,16500
20240123,09:51:19,3.8,50,16500
20240123,09:51:24,3.8,50,16500
20240123,09:51:34,3.8,50,16500
20240123,09:53:58,3.65,50,16400
20240123,09:54:23,3.65,50,16400
20240123,09:56:05,3.5,200,16400
20240123,09:56:24,3.6,150,16400
20240123,09:57:07,3.55,100,16400
20240123,09:57:09,3.6,50,16400
20240123,09:57:59,3.55,50,16400
20240123,09:58:22,3.6,50,16400
20240123,09:58:38,3.65,50,16400
20240123,09:59:38,3.7,50,16400
20240123,09:59:52,3.7,50,16400
20240123,10:00:26,3.8,100,16400
20240123,10:01:00,3.85,150,16400
20240123,10:01:11,3.9,50,16400
20240123,10:02:43,4.0,350,16450
20240123,10:06:31,4.15,100,16450
20240123,10:07:09,4.1,150,16450
20240123,10:08:40,4.1,50,16500
20240123,10:09:06,4.1,50,16500
20240123,10:09:12,4.1,50,16500
20240123,10:09:33,4.25,50,16500
20240123,10:09:45,4.25,100,16500
20240123,10:09:47,4.2,50,16500
20240123,10:12:03,4.3,550,16500
20240123,10:12:09,4.35,200,16500
20240123,10:12:53,4.25,100,16500
20240123,10:18:18,4.3,300,16750
20240123,10:18:54,4.25,50,16750
20240123,10:19:02,4.35,50,16750
20240123,10:19:40,4.35,50,16750
20240123,10:20:05,4.45,50,16750
20240123,10:21:19,4.55,250,17100
20240123,10:21:40,4.65,50,17100
20240123,10:23:38,4.65,1900,17100
20240123,10:23:41,4.6,900,17000
20240123,10:24:03,4.75,50,17000
20240123,10:24:07,4.85,150,17000
20240123,10:24:18,4.8,50,17000
20240123,10:24:39,4.8,50,17000
20240123,10:24:46,4.85,2050,17000
20240123,10:25:21,4.9,50,17000
20240123,10:25:47,5.0,200,17000
20240123,10:26:38,4.85,50,17000
20240123,10:27:17,4.9,100,17150
20240123,10:27:56,4.9,50,17150
20240123,10:28:16,4.9,1000,17150
20240123,10:28:28,4.9,100,17150
20240123,10:28:38,4.9,1550,17150
20240123,10:28:54,4.85,100,17150
20240123,10:29:27,4.75,50,17150
20240123,10:29:34,4.8,50,17150
20240123,10:30:03,4.85,550,16150
20240123,10:30:14,4.95,500,16150
20240123,10:30:24,4.95,200,16150
20240123,10:30:40,4.9,550,16150
20240123,10:31:32,4.9,300,16150
20240123,10:31:35,4.9,50,16150
20240123,10:32:04,4.95,50,16150
20240123,10:33:04,4.7,750,17650
20240123,10:33:20,4.65,50,17650
20240123,10:33:30,4.65,1050,17650
20240123,10:37:11,4.65,200,16050
20240123,10:37:24,4.65,250,16050
20240123,10:38:44,4.8,50,16350
20240123,10:38:49,4.85,50,16350
20240123,10:39:17,5.0,50,16350
20240123,10:39:51,5.35,450,16350
20240123,10:40:03,5.3,500,16350
20240123,10:40:17,5.45,150,16350
20240123,10:40:29,5.55,200,16350
20240123,10:40:56,5.8,250,16350
20240123,10:41:22,5.5,900,16350
20240123,10:41:30,5.45,150,16350
20240123,10:41:47,5.4,200,17000
20240123,10:42:01,5.45,50,17000
20240123,10:42:29,5.45,350,17000
20240123,10:43:17,5.5,50,17000
20240123,10:43:34,5.65,50,17000
20240123,10:43:47,5.85,200,17000
20240123,10:43:55,5.9,350,17000
20240123,10:44:11,5.8,50,17000
20240123,10:44:16,5.85,100,17000
20240123,10:44:53,6.1,100,17350
20240123,10:45:08,5.95,100,17350
20240123,10:45:40,5.75,50,17350
20240123,10:46:47,6.2,100,17350
20240123,10:47:37,6.2,50,17350
20240123,10:48:00,6.35,50,17400
20240123,10:48:10,6.3,50,17400
20240123,10:48:20,6.4,50,17400
20240123,10:48:42,6.55,50,17400
20240123,10:49:54,6.8,1050,17400
20240123,10:50:10,6.9,100,17400
20240123,10:50:26,7.05,250,17400
20240123,10:50:40,6.95,1100,17400
20240123,10:51:06,6.7,100,17400
20240123,10:51:08,6.75,50,17400
20240123,10:52:09,7.0,50,17400
20240123,10:52:31,6.75,1400,17400
20240123,10:52:58,6.45,1150,17400
20240123,10:53:01,6.3,250,17400
20240123,10:53:19,6.25,50,17400
20240123,10:53:56,6.15,50,16950
20240123,10:54:05,6.3,50,16950
20240123,10:54:37,6.1,100,16950
20240123,10:55:02,5.95,200,16950
20240123,10:55:26,5.75,800,16950
20240123,10:55:30,5.85,50,16950
20240123,10:56:04,5.85,50,16950
20240123,10:57:28,6.1,50,17050
20240123,11:00:54,5.95,50,17100
20240123,11:01:41,6.1,200,17100
20240123,11:03:56,6.25,50,17300
20240123,11:04:45,6.0,100,17300
20240123,11:06:05,5.8,1250,17300
20240123,11:06:25,5.8,300,17300
20240123,11:06:37,5.7,1550,17300
20240123,11:07:11,5.75,250,17300
20240123,11:08:01,5.75,200,17300
20240123,11:08:30,5.7,100,17300
20240123,11:09:03,5.7,450,17600
20240123,11:10:18,5.55,100,17600
20240123,11:11:38,5.6,250,17600
20240123,11:11:51,5.6,200,18300
20240123,11:14:33,5.45,100,18300
20240123,11:15:21,5.5,750,18500
20240123,11:15:22,5.5,50,18500
20240123,11:16:08,5.55,50,18500
20240123,11:17:53,5.55,50,17750
20240123,11:18:49,5.6,500,17750
20240123,11:20:38,5.75,50,17750
20240123,11:20:59,5.85,750,18250
20240123,11:21:36,5.85,50,18250
20240123,11:21:44,5.8,50,18250
20240123,11:22:27,6.3,1050,18250
20240123,11:22:39,6.75,6850,18250
20240123,11:22:53,6.9,5600,18250
20240123,11:23:06,6.8,950,18250
20240123,11:23:17,6.85,550,18250
20240123,11:24:07,6.75,1100,18300
20240123,11:24:12,6.75,300,18300
20240123,11:24:25,6.7,100,18300
20240123,11:24:59,6.5,950,18300
20240123,11:25:09,6.0,4500,18300
20240123,11:25:16,5.95,1550,18300
20240123,11:25:34,5.8,200,18300
20240123,11:25:54,5.75,400,18300
20240123,11:26:04,5.75,50,18300
20240123,11:26:21,5.7,50,18300
20240123,11:26:41,5.75,100,18300
20240123,11:26:54,5.75,50,16150
20240123,11:27:19,5.75,50,16150
20240123,11:28:18,5.8,650,16150
20240123,11:28:50,5.8,50,16150
20240123,11:29:03,5.8,50,16150
20240123,11:29:20,5.8,500,16150
20240123,11:30:01,5.9,100,15900
20240123,11:30:07,5.9,1000,15900
20240123,11:31:04,5.95,400,15900
20240123,11:31:09,5.95,100,15900
20240123,11:31:28,5.9,50,15900
20240123,11:31:37,5.95,100,15900
20240123,11:31:50,6.05,50,15900
20240123,11:32:02,6.1,600,15900
20240123,11:32:11,6.15,100,15900
20240123,11:32:23,6.35,300,15900
20240123,11:32:43,6.2,250,15900
20240123,11:32:53,6.2,400,16850
20240123,11:33:04,6.35,300,16850
20240123,11:33:20,6.35,500,16850
20240123,11:33:22,6.35,200,16850
20240123,11:33:39,6.2,50,16850
20240123,11:34:39,6.0,750,16850
20240123,11:36:03,5.9,50,17850
20240123,11:36:10,5.9,400,17850
20240123,11:36:27,6.05,350,17850
20240123,11:37:18,6.1,600,17850
20240123,11:37:32,6.15,100,17850
20240123,11:38:48,6.2,100,17850
20240123,11:39:27,6.2,50,17750
20240123,11:40:19,6.05,100,17750
20240123,11:40:53,6.3,50,17750
20240123,11:41:01,6.25,250,17750
20240123,11:42:04,6.8,100,18150
20240123,11:42:18,6.9,100,18150
20240123,11:42:51,6.85,200,18150
20240123,11:43:00,6.7,50,18150
20240123,11:43:40,7.0,50,18150
20240123,11:44:07,7.15,950,18150
20240123,11:44:16,7.15,400,18150
20240123,11:45:02,7.3,100,17500
20240123,11:46:11,7.7,50,17500
20240123,11:46:45,7.6,50,17500
20240123,11:47:02,7.7,1150,17500
20240123,11:48:46,7.6,650,17400
20240123,11:48:58,7.5,100,17400
20240123,11:49:05,7.3,500,17400
20240123,11:50:06,7.05,500,17400
20240123,11:50:21,6.8,50,17400
20240123,11:50:35,6.7,50,17400
20240123,11:50:47,6.65,450,17400
20240123,11:51:48,6.75,600,17000
20240123,11:52:47,6.95,50,17000
20240123,11:53:00,7.05,250,17000
20240123,11:53:16,7.05,200,17000
20240123,11:54:09,7.4,150,17750
20240123,11:54:12,7.35,50,17750
20240123,11:54:37,7.45,350,17750
20240123,11:55:00,7.35,200,17750
20240123,11:55:33,7.3,200,17750
20240123,11:55:38,7.4,50,17750
20240123,11:56:49,7.35,1750,17750
20240123,11:59:26,7.7,200,18700
20240123,11:59:43,7.85,50,18700
20240123,12:00:20,7.8,550,18500
20240123,12:01:03,8.15,50,18500
20240123,12:01:18,8.2,250,18500
20240123,12:01:29,8.35,200,18500
20240123,12:02:08,8.35,100,18500
20240123,12:02:51,8.45,50,18500
20240123,12:03:38,8.8,150,18400
20240123,12:04:12,8.95,100,18400
20240123,12:04:29,8.9,200,18400
20240123,12:04:52,8.8,1050,18400
20240123,12:04:55,8.7,400,18400
20240123,12:05:09,8.55,150,18400
20240123,12:05:59,8.8,100,19350
20240123,12:06:24,8.85,150,19350
20240123,12:06:44,9.05,850,19350
20240123,12:06:56,9.4,50,19350
20240123,12:07:05,9.5,600,19350
20240123,12:07:18,9.7,1050,19350
20240123,12:07:31,9.75,550,19350
20240123,12:07:37,9.8,500,19350
20240123,12:08:11,10.15,1400,19350
20240123,12:08:25,10.0,200,19350
20240123,12:08:40,9.75,150,19350
20240123,12:08:47,9.55,200,19350
20240123,12:09:02,9.35,1000,18700
20240123,12:09:23,9.7,50,18700
20240123,12:09:38,9.75,800,18700
20240123,12:09:52,9.65,800,18700
20240123,12:10:34,9.5,900,18700
20240123,12:10:51,9.65,100,18700
20240123,12:11:00,9.7,700,18700
20240123,12:11:40,9.65,50,18700
20240123,12:12:23,9.6,350,18400
20240123,12:12:34,9.5,800,18400
20240123,12:12:40,9.65,200,18400
20240123,12:14:28,9.45,550,18400
20240123,12:14:36,9.55,500,18400
20240123,12:15:12,9.85,950,19000
20240123,12:15:17,9.9,100,19000
20240123,12:15:52,9.05,950,19000
20240123,12:15:53,9.0,350,19000
20240123,12:16:18,8.45,400,19000
20240123,12:16:24,8.1,550,19000
20240123,12:16:43,7.95,100,19000
20240123,12:16:56,8.0,550,19000
20240123,12:17:05,8.05,50,19000
20240123,12:17:25,7.95,50,19000
20240123,12:17:54,8.0,50,19000
20240123,12:18:35,8.65,100,19250
20240123,12:20:03,9.25,650,19250
20240123,12:20:24,9.0,250,19250
20240123,12:20:48,9.0,100,19250
20240123,12:22:03,8.95,250,19000
20240123,12:22:07,8.9,650,19000
20240123,12:22:19,8.85,50,19000
20240123,12:22:47,8.95,50,19000
20240123,12:23:33,8.85,250,19000
20240123,12:24:33,9.2,300,19050
20240123,12:25:01,9.55,4100,19050
20240123,12:25:06,9.65,3950,19050
20240123,12:25:29,9.25,50,19050
20240123,12:27:29,9.35,350,24100
20240123,12:27:59,9.25,50,24100
20240123,12:28:12,9.25,3000,24100
20240123,12:28:24,9.25,1900,24100
20240123,12:28:26,9.25,2300,24100
20240123,12:28:43,9.2,50,24100
20240123,12:29:05,8.9,2700,24100
20240123,12:29:24,9.05,600,24100
20240123,12:30:02,8.9,500,19350
20240123,12:30:12,8.85,50,19350
20240123,12:31:15,8.7,50,19350
20240123,12:31:33,8.6,1800,19350
20240123,12:32:04,8.45,1250,19350
20240123,12:32:25,8.4,50,19350
20240123,12:32:36,8.35,50,19350
20240123,12:33:11,8.7,900,19500
20240123,12:34:01,8.55,150,19500
20240123,12:34:55,8.5,50,19500
20240123,12:36:23,8.3,1100,18450
20240123,12:36:51,8.35,350,18450
20240123,12:37:13,8.45,100,18450
20240123,12:38:45,8.55,100,18450
20240123,12:38:57,8.6,50,18450
20240123,12:39:18,8.75,200,18600
20240123,12:39:37,8.95,50,18600
20240123,12:39:39,8.95,50,18600
20240123,12:40:39,9.15,200,18600
20240123,12:41:02,9.35,250,18600
20240123,12:41:10,9.35,100,18600
20240123,12:41:34,9.25,400,18600
20240123,12:41:56,9.15,50,18600
20240123,12:42:59,9.25,100,18900
20240123,12:43:07,9.25,350,18900
20240123,12:44:11,9.15,50,18900
20240123,12:45:06,9.2,50,19200
20240123,12:45:45,9.35,150,19200
20240123,12:46:32,9.8,50,19200
20240123,12:46:53,10.2,50,19200
20240123,12:47:03,10.05,1350,19200
20240123,12:47:13,10.0,300,19200
20240123,12:47:33,10.35,1300,19200
20240123,12:47:41,10.4,100,19200
20240123,12:47:54,10.45,550,19200
20240123,12:48:01,10.4,1700,19200
20240123,12:48:17,10.4,250,20300
20240123,12:48:25,10.1,400,20300
20240123,12:48:46,9.7,600,20300
20240123,12:48:57,9.7,950,20300
20240123,12:49:04,9.55,450,20300
20240123,12:49:53,9.3,400,20300
20240123,12:50:13,9.2,50,20300
20240123,12:50:56,9.1,50,20300
20240123,12:51:30,9.15,150,19800
20240123,12:52:02,9.25,200,19800
20240123,12:52:49,9.35,100,19800
20240123,12:52:55,9.45,100,19800
20240123,12:53:12,9.6,100,19800
20240123,12:53:33,9.9,350,19800
20240123,12:54:01,9.9,1000,19800
20240123,12:54:07,9.9,750,20700
20240123,12:54:17,9.9,1050,20700
20240123,12:54:45,9.75,150,20700
20240123,12:55:31,10.15,50,20700
20240123,12:55:36,10.0,50,20700
20240123,12:57:17,10.25,50,22500
20240123,12:57:24,10.2,200,22500
20240123,12:57:36,10.4,100,22500
20240123,12:58:09,10.55,50,22500
20240123,12:58:21,10.8,50,22500
20240123,12:58:50,11.05,50,22500
20240123,12:59:05,10.95,50,22500
20240123,12:59:17,10.95,50,22500
20240123,12:59:50,10.95,200,22500
20240123,12:59:58,10.75,450,22500
20240123,13:00:05,11.0,50,22800
20240123,13:00:47,11.05,50,22800
20240123,13:00:52,10.9,50,22800
20240123,13:01:06,10.8,300,22800
20240123,13:01:19,10.55,900,22800
20240123,13:01:34,10.25,900,22800
20240123,13:01:44,10.3,1050,22800
20240123,13:01:55,10.45,50,22800
20240123,13:02:21,10.75,950,22800
20240123,13:02:57,10.5,50,22800
20240123,13:03:58,10.4,50,22000
20240123,13:04:29,10.45,400,22000
20240123,13:04:58,10.5,50,22000
20240123,13:05:05,10.55,50,22000
20240123,13:05:28,10.5,1000,22000
20240123,13:05:49,10.4,50,22000
20240123,13:06:19,10.55,50,22050
20240123,13:06:24,10.55,100,22050
20240123,13:06:37,10.6,450,22050
20240123,13:07:25,10.7,50,22050
20240123,13:07:35,10.3,800,22050
20240123,13:07:58,10.45,50,22050
20240123,13:08:18,10.55,50,22050
20240123,13:08:32,10.5,50,22050
20240123,13:08:39,10.6,50,22050
20240123,13:09:02,10.65,50,22050
20240123,13:10:08,10.8,150,22250
20240123,13:10:13,10.85,150,22250
20240123,13:10:48,11.05,250,22250
20240123,13:11:00,10.95,400,22250
20240123,13:11:05,10.9,100,22250
20240123,13:11:30,10.9,200,22250
20240123,13:11:53,10.85,100,22250
20240123,13:12:47,10.3,100,21750
20240123,13:13:11,10.0,300,21750
20240123,13:13:49,10.35,50,21750
20240123,13:16:18,10.35,50,21500
20240123,13:16:35,10.15,150,21500
20240123,13:16:53,10.3,150,21500
20240123,13:17:19,10.4,200,21500
20240123,13:17:40,10.4,50,21500
20240123,13:18:01,10.0,200,21500
20240123,13:18:13,10.15,50,21450
20240123,13:19:08,10.15,50,21450
20240123,13:19:37,10.05,50,21450
20240123,13:20:11,9.9,50,21450
20240123,13:20:30,9.95,50,21450
20240123,13:20:33,10.0,50,21450
20240123,13:20:57,10.1,50,21450
20240123,13:21:10,10.2,100,21450
20240123,13:21:56,10.3,100,21450
20240123,13:22:33,10.6,50,21450
20240123,13:22:36,10.55,50,21450
20240123,13:23:48,10.35,200,21450
20240123,13:24:05,10.45,150,21450
20240123,13:25:12,10.8,200,21600
20240123,13:25:27,10.85,50,21600
20240123,13:25:44,10.65,50,21600
20240123,13:25:54,10.7,100,21600
20240123,13:26:42,11.15,150,21600
20240123,13:26:47,11.2,150,21600
20240123,13:27:02,11.3,350,21600
20240123,13:27:16,11.1,50,22050
20240123,13:27:37,11.1,200,22050
20240123,13:28:00,11.0,300,22050
20240123,13:28:06,10.95,50,22050
20240123,13:28:29,11.0,50,22050
20240123,13:28:36,10.95,50,22050
20240123,13:29:50,10.8,200,22050
20240123,13:30:32,10.7,500,21700
20240123,13:30:52,10.75,50,21700
20240123,13:31:10,10.6,50,21700
20240123,13:31:34,10.6,200,21700
20240123,13:32:13,10.85,200,21700
20240123,13:32:20,10.95,150,21700
20240123,13:32:35,11.05,50,21700
20240123,13:32:54,11.2,350,21700
20240123,13:33:09,11.15,200,21600
20240123,13:33:40,11.15,150,21600
20240123,13:34:01,11.05,400,21600
20240123,13:35:01,11.2,450,21600
20240123,13:35:16,11.2,150,21600
20240123,13:35:40,10.95,250,21600
20240123,13:36:24,10.75,400,21000
20240123,13:36:57,10.9,50,21000
20240123,13:37:29,11.05,100,21000
20240123,13:37:42,11.2,800,21000
20240123,13:38:14,11.2,500,21000
20240123,13:38:42,10.95,50,21000
20240123,13:39:19,10.95,150,21550
20240123,13:40:00,11.0,150,21550
20240123,13:40:37,11.0,1000,21550
20240123,13:40:49,11.1,500,21550
20240123,13:41:16,11.15,50,21550
20240123,13:41:36,11.05,200,21550
20240123,13:41:40,11.1,100,21550
20240123,13:43:07,11.1,100,21550
20240123,13:43:32,11.0,200,21400
20240123,13:43:52,10.9,50,21400
20240123,13:44:00,11.05,50,21400
20240123,13:46:18,10.55,550,21600
20240123,13:46:24,10.6,50,21600
20240123,13:47:11,10.3,100,21600
20240123,13:47:44,10.3,150,21600
20240123,13:47:54,10.25,50,21600
20240123,13:49:12,10.2,100,21450
20240123,13:49:24,10.1,50,21450
20240123,13:50:21,9.9,50,21450
20240123,13:51:09,10.55,50,21450
20240123,13:51:14,10.65,200,21600
20240123,13:51:28,10.85,200,21600
20240123,13:52:16,10.85,100,21600
20240123,13:52:31,10.7,250,21600
20240123,13:52:47,10.65,300,21600
20240123,13:54:20,10.5,50,22150
20240123,13:55:13,10.55,50,22150
20240123,13:55:20,10.65,100,22150
20240123,13:55:55,10.85,50,22150
20240123,13:56:03,10.85,500,22150
20240123,13:56:49,11.05,550,22150
20240123,13:57:00,10.9,50,22150
20240123,13:57:51,10.85,100,22150
20240123,13:57:53,10.9,50,22150
20240123,13:58:24,11.0,50,22150
20240123,13:58:30,11.2,1200,22150
20240123,13:58:40,11.15,1300,22150
20240123,13:58:51,10.95,50,22150
20240123,13:59:07,11.05,250,22150
20240123,13:59:11,11.15,100,22150
20240123,13:59:22,10.95,50,22150
20240123,13:59:50,10.7,450,22150
20240123,14:00:00,10.95,850,22150
20240123,14:00:07,11.05,150,22150
20240123,14:00:20,11.05,200,23700
20240123,14:00:45,11.05,150,23700
20240123,14:03:00,10.55,1350,23700
20240123,14:03:11,10.35,100,23700
20240123,14:03:27,10.4,50,23300
20240123,14:04:02,10.75,50,23300
20240123,14:04:17,10.45,1450,23300
20240123,14:04:38,10.4,50,23300
20240123,14:04:47,10.25,50,23300
20240123,14:04:59,10.25,3000,23300
20240123,14:05:21,10.15,800,23300
20240123,14:05:38,10.0,200,23300
20240123,14:05:46,9.75,4350,23300
20240123,14:05:59,9.85,100,23300
20240123,14:06:13,10.0,50,23300
20240123,14:06:23,9.8,1150,22050
20240123,14:06:26,9.75,50,22050
20240123,14:07:01,9.9,600,22050
20240123,14:07:37,10.2,100,22050
20240123,14:07:56,10.45,50,22050
20240123,14:08:54,10.55,50,22050
20240123,14:10:13,10.55,50,20900
20240123,14:11:11,10.45,50,20900
20240123,14:11:36,10.25,50,20900
20240123,14:11:46,10.25,100,20900
20240123,14:12:24,10.65,50,21100
20240123,14:12:34,10.9,50,21100
20240123,14:12:58,10.9,700,21100
20240123,14:13:12,10.6,200,21100
20240123,14:13:35,10.55,50,21100
20240123,14:13:39,10.5,150,21100
20240123,14:13:59,10.65,350,21100
20240123,14:14:26,11.0,50,21100
20240123,14:14:35,10.85,50,21100
20240123,14:15:38,11.05,150,20650
20240123,14:15:53,10.8,150,20650
20240123,14:16:17,11.2,50,20650
20240123,14:16:47,11.0,50,20650
20240123,14:19:08,11.0,50,20450
20240123,14:19:16,11.1,50,20450
20240123,14:19:35,11.05,200,20450
20240123,14:20:15,11.2,150,20450
20240123,14:20:28,11.2,100,20450
20240123,14:20:31,11.15,50,20450
20240123,14:20:43,11.3,100,20450
20240123,14:21:01,11.35,150,20450
20240123,14:21:08,11.5,100,20450
20240123,14:21:30,11.7,700,20700
20240123,14:21:32,11.85,150,20700
20240123,14:21:56,12.1,900,20700
20240123,14:22:09,12.0,200,20700
20240123,14:22:20,11.9,100,20700
20240123,14:22:35,12.15,150,20700
20240123,14:23:08,12.3,150,20700
20240123,14:24:16,12.35,550,21250
20240123,14:24:21,12.45,50,21250
20240123,14:24:43,12.55,50,21250
20240123,14:24:48,12.45,150,21250
20240123,14:25:06,12.75,150,21250
20240123,14:25:30,13.2,100,21250
20240123,14:25:37,13.35,50,21250
20240123,14:25:59,13.2,600,21250
20240123,14:26:07,13.2,1750,21250
20240123,14:26:27,13.2,100,21250
20240123,14:26:49,13.95,200,21250
20240123,14:27:02,14.6,750,21250
20240123,14:27:14,14.6,300,21250
20240123,14:27:21,14.2,200,22950
20240123,14:27:33,14.15,150,22950
20240123,14:27:47,14.05,300,22950
20240123,14:28:02,14.35,150,22950
20240123,14:28:11,14.25,650,22950
20240123,14:28:27,14.35,200,22950
20240123,14:28:38,14.1,350,22950
20240123,14:28:46,14.05,550,22950
20240123,14:29:02,14.0,50,22950
20240123,14:29:09,14.05,150,22950
20240123,14:29:16,14.2,50,22950
20240123,14:30:52,13.3,550,23150
20240123,14:31:07,13.2,100,23150
20240123,14:31:38,12.55,400,23150
20240123,14:31:51,12.2,1450,23150
20240123,14:32:01,12.05,200,23150
20240123,14:32:15,12.45,250,23150
20240123,14:32:24,12.75,50,23150
20240123,14:32:41,12.65,200,23150
20240123,14:32:45,12.6,100,23150
20240123,14:33:06,12.85,50,23150
20240123,14:33:25,12.55,2250,23850
20240123,14:33:34,12.55,100,23850
20240123,14:33:50,12.85,50,23850
20240123,14:33:52,12.85,50,23850
20240123,14:34:27,13.4,300,23850
20240123,14:34:37,13.5,600,23850
20240123,14:34:50,13.45,400,23850
20240123,14:35:04,13.6,400,23850
20240123,14:35:12,13.75,100,23850
20240123,14:35:26,13.95,100,23850
20240123,14:35:39,13.95,100,23850
20240123,14:36:04,13.9,100,23850
20240123,14:36:41,14.0,200,24200
20240123,14:37:07,13.95,50,24200
20240123,14:37:41,14.0,1000,24200
20240123,14:38:11,14.05,50,24200
20240123,14:38:25,14.25,350,24200
20240123,14:38:35,14.35,250,24200
20240123,14:39:05,14.65,50,24200
20240123,14:39:13,14.7,50,24200
20240123,14:39:32,14.6,200,24250
20240123,14:40:11,15.0,50,24250
20240123,14:40:25,14.55,550,24250
20240123,14:40:44,14.6,100,24250
20240123,14:40:58,14.4,200,24250
20240123,14:41:19,14.3,100,24250
20240123,14:41:50,14.25,2400,24250
20240123,14:42:00,14.35,300,24250
20240123,14:42:11,14.45,350,24250
20240123,14:42:27,14.35,100,23000
20240123,14:43:28,14.95,50,23000
20240123,14:43:39,15.05,50,23000
20240123,14:43:52,14.8,750,23000
20240123,14:44:03,14.85,100,23000
20240123,14:44:17,14.95,250,23000
20240123,14:44:32,15.1,50,23000
20240123,14:44:53,15.25,250,23000
20240123,14:45:34,14.55,750,22750
20240123,14:45:39,14.75,200,22750
20240123,14:45:54,14.7,100,22750
20240123,14:46:06,15.05,300,22750
20240123,14:46:20,14.9,50,22750
20240123,14:46:26,14.9,450,22750
20240123,14:46:59,14.7,100,22750
20240123,14:47:21,14.6,350,22750
20240123,14:47:33,14.8,300,22750
20240123,14:47:46,14.75,50,22750
20240123,14:47:54,14.8,50,22750
20240123,14:48:19,14.55,100,22750
20240123,14:48:41,14.0,300,22650
20240123,14:48:57,13.4,500,22650
20240123,14:49:06,13.35,100,22650
20240123,14:49:23,13.5,100,22650
20240123,14:49:42,13.6,100,22650
20240123,14:49:49,13.45,50,22650
20240123,14:50:07,13.05,100,22650
20240123,14:50:13,13.0,50,22650
20240123,14:50:31,13.15,50,22650
20240123,14:50:41,13.0,50,22650
20240123,14:50:57,12.35,100,22650
20240123,14:51:06,12.1,150,22650
20240123,14:51:23,12.1,150,22650
20240123,14:51:34,12.35,400,22800
20240123,14:51:34,12.4,550,22800
20240123,14:51:54,12.35,100,22800
20240123,14:52:29,12.35,150,22800
20240123,14:52:39,12.3,350,22800
20240123,14:52:51,12.55,250,22800
20240123,14:52:53,12.45,100,22800
20240123,14:53:21,13.25,300,22800
20240123,14:53:40,13.1,450,22800
20240123,14:53:51,13.05,100,22800
20240123,14:54:00,13.35,150,22800
20240123,14:54:13,13.4,400,22800
20240123,14:54:27,13.7,200,22900
20240123,14:54:37,13.85,50,22900
20240123,14:54:51,13.55,500,22900
20240123,14:55:13,14.0,300,22900
20240123,14:55:27,13.85,150,22900
20240123,14:55:35,13.85,100,22900
20240123,14:55:39,13.85,50,22900
20240123,14:55:58,13.85,100,22900
20240123,14:56:20,14.15,150,22900
20240123,14:56:31,13.95,400,22900
20240123,14:56:41,13.9,150,22900
20240123,14:56:51,13.85,100,22900
20240123,14:57:49,14.0,100,22600
20240123,14:58:11,13.85,550,22600
20240123,14:58:12,13.9,50,22600
20240123,14:58:29,14.25,100,22600
20240123,14:59:11,14.6,50,22600
20240123,14:59:22,14.65,50,22600
20240123,14:59:45,14.05,50,22600
20240123,15:00:13,14.15,300,22600
20240123,15:00:25,14.2,50,22600
20240123,15:00:30,14.3,1650,22600
20240123,15:00:43,14.25,200,22600
20240123,15:01:12,13.35,2450,22600
20240123,15:01:19,13.6,300,22600
20240123,15:02:00,13.8,50,22600
20240123,15:02:12,14.25,200,22600
20240123,15:02:27,14.55,1900,22600
20240123,15:02:43,14.15,200,22600
20240123,15:02:54,14.2,350,22600
20240123,15:03:00,14.35,100,22600
20240123,15:03:44,14.25,50,23850
20240123,15:03:58,14.5,150,23850
20240123,15:04:12,14.5,100,23850
20240123,15:04:21,14.15,1750,23850
20240123,15:04:34,13.9,50,23850
20240123,15:04:38,13.95,50,23850
20240123,15:04:54,14.35,50,23850
20240123,15:05:35,14.5,2900,23850
20240123,15:05:46,14.45,150,23850
20240123,15:06:30,14.05,200,22150
20240123,15:07:01,14.25,50,22150
20240123,15:07:12,14.05,50,22150
20240123,15:07:45,13.35,150,22150
20240123,15:07:51,13.35,300,22150
20240123,15:08:06,13.3,500,22150
20240123,15:08:25,13.25,300,22150
20240123,15:08:46,13.0,1600,22150
20240123,15:08:47,13.0,50,22150
20240123,15:09:11,12.85,1800,22150
20240123,15:09:19,13.15,600,22150
20240123,15:09:37,13.5,50,21650
20240123,15:10:02,13.25,950,21650
20240123,15:10:06,13.15,250,21650
20240123,15:10:27,12.95,400,21650
20240123,15:10:40,13.05,300,21650
20240123,15:10:41,13.05,50,21650
20240123,15:11:05,13.4,500,21650
20240123,15:12:15,13.45,150,21650
20240123,15:12:39,13.6,100,21300
20240123,15:13:13,13.55,150,21300
20240123,15:13:27,13.4,100,21300
20240123,15:13:51,13.45,100,21300
20240123,15:13:54,13.4,300,21300
20240123,15:14:57,13.4,50,21300
20240123,15:15:10,13.55,50,21300
20240123,15:15:12,13.75,50,21300
20240123,15:16:13,13.55,100,21250
20240123,15:16:27,13.35,150,21250
20240123,15:16:37,13.15,50,21250
20240123,15:17:07,13.3,50,21250
20240123,15:17:27,13.3,50,21250
20240123,15:17:49,13.3,50,21250
20240123,15:18:02,13.3,50,21250
20240123,15:18:23,13.3,100,21250
20240123,15:19:10,13.3,50,21550
20240123,15:19:28,13.2,50,21550
20240123,15:19:34,13.25,50,21550
20240123,15:20:14,13.2,50,21550
20240123,15:20:27,13.05,1100,21550
20240123,15:20:31,13.2,250,21550
20240123,15:20:43,13.25,50,21550
20240123,15:21:21,13.15,100,21550
20240123,15:21:51,13.0,350,21900
20240123,15:22:16,12.7,1150,21900
20240123,15:22:26,12.6,200,21900
20240123,15:22:36,12.45,50,21900
20240123,15:22:49,12.6,1350,21900
20240123,15:23:01,12.65,1800,21900
20240123,15:23:02,12.4,200,21900
20240123,15:23:14,12.45,50,21900
20240123,15:23:24,12.4,150,21900
20240123,15:23:37,12.5,100,21900
20240123,15:24:06,12.5,150,21900
20240123,15:24:16,12.45,50,21900
20240123,15:24:48,12.75,200,24250
20240123,15:25:22,12.65,100,24250
20240123,15:25:37,12.5,150,24250
20240123,15:25:45,12.35,150,24250
20240123,15:26:01,11.9,300,24250
20240123,15:26:05,11.9,100,24250
20240123,15:26:15,11.8,150,24250
20240123,15:26:32,12.0,100,24250
20240123,15:26:42,12.2,50,24250
20240123,15:27:55,13.15,800,24250
20240123,15:28:04,13.1,150,24250
20240123,15:28:34,12.9,100,24250
20240123,15:29:20,13.1,150,24250
20240123,15:29:33,13.05,150,24250
20240123,15:29:39,13.05,100,24250
20240123,15:29:53,13.4,150,24250
20240123,15:29:59,13.4,1,23300
20240124,09:15:10,15.0,1,23300
20240124,09:15:10,15.0,200,23300
20240124,09:15:21,13.75,50,23300
20240124,09:15:32,13.75,500,23300
20240124,09:15:43,15.6,600,23300
20240124,09:15:54,14.3,400,23300
20240124,09:16:04,14.3,100,23300
20240124,09:16:15,14.1,100,23300
20240124,09:16:36,15.35,550,23300
20240124,09:16:46,15.9,150,23300
20240124,09:16:56,16.3,100,23300
20240124,09:17:07,16.4,300,23300
20240124,09:17:17,15.9,250,23300
20240124,09:17:28,16.3,100,23300
20240124,09:17:38,16.15,1450,23300
20240124,09:17:57,16.5,100,24200
20240124,09:18:06,16.45,200,24200
20240124,09:18:15,16.45,50,24200
20240124,09:18:24,17.2,100,24200
20240124,09:18:34,17.4,750,24200
20240124,09:18:43,17.65,250,24200
20240124,09:18:51,17.9,550,24200
20240124,09:19:09,18.4,1600,24200
20240124,09:19:18,18.4,100,24200
20240124,09:19:26,18.85,1400,24200
20240124,09:19:35,19.3,50,24200
20240124,09:19:45,19.6,500,24200
20240124,09:19:54,19.75,200,24200
20240124,09:20:03,20.15,100,24200
20240124,09:20:19,19.9,150,24200
20240124,09:20:28,19.7,800,24200
20240124,09:20:37,19.45,350,24200
20240124,09:20:46,18.85,350,25100
20240124,09:20:55,18.05,350,25100
20240124,09:21:04,19.4,450,25100
20240124,09:21:13,19.55,50,25100
20240124,09:21:22,19.55,250,25100
20240124,09:21:31,19.75,300,25100
20240124,09:21:40,19.15,100,25100
20240124,09:21:59,17.95,200,25100
20240124,09:22:09,16.7,400,25100
20240124,09:22:18,16.95,200,25100
20240124,09:22:27,17.4,150,25100
20240124,09:22:37,17.55,100,25100
20240124,09:22:46,17.0,150,25100
20240124,09:22:56,17.3,250,25100
20240124,09:23:05,17.1,2050,25100
20240124,09:23:24,17.15,350,25100
20240124,09:23:33,17.0,150,25100
20240124,09:23:42,17.05,100,25100
20240124,09:23:59,16.7,100,24750
20240124,09:24:08,16.8,200,24750
20240124,09:24:17,16.85,100,24750
20240124,09:24:26,17.1,50,24750
20240124,09:24:35,17.15,150,24750
20240124,09:25:12,17.3,50,24750
20240124,09:25:40,17.65,100,24750
20240124,09:25:49,18.0,250,24750
20240124,09:25:58,18.0,150,24750
20240124,09:26:08,17.9,250,24750
20240124,09:26:17,17.75,400,24750
20240124,09:26:27,17.7,250,24750
20240124,09:26:36,17.7,250,24750
20240124,09:26:45,16.95,450,24300
20240124,09:26:55,17.1,100,24300
20240124,09:27:04,16.35,250,24300
20240124,09:27:22,16.35,50,24300
20240124,09:27:32,16.55,50,24300
20240124,09:27:41,16.65,50,24300
20240124,09:28:10,16.7,100,24300
20240124,09:28:19,16.4,250,24300
20240124,09:28:27,16.7,500,24300
20240124,09:28:37,16.5,200,24300
20240124,09:28:46,16.25,50,24300
20240124,09:28:55,16.0,100,24300
20240124,09:29:13,15.9,150,24300
20240124,09:29:21,15.65,500,24300
20240124,09:29:30,15.6,150,24300
20240124,09:29:38,15.4,150,24300
20240124,09:29:47,15.1,300,24950
20240124,09:29:56,14.9,50,24950
20240124,09:30:05,14.9,200,24950
20240124,09:30:15,15.0,300,24950
20240124,09:30:42,14.95,100,24950
20240124,09:30:51,14.9,350,24950
20240124,09:31:09,14.7,100,24950
20240124,09:31:17,14.55,200,24950
20240124,09:31:25,14.55,100,24950
20240124,09:31:35,14.55,200,24950
20240124,09:31:44,13.95,250,24950
20240124,09:31:54,13.5,400,24950
20240124,09:32:03,13.15,400,24950
20240124,09:32:13,13.5,400,24950
20240124,09:32:39,13.45,150,24950
20240124,09:32:48,13.35,50,24950
20240124,09:32:57,13.5,100,25200
20240124,09:33:06,13.55,50,25200
20240124,09:33:24,13.15,100,25200
20240124,09:33:49,13.5,150,25200
20240124,09:33:58,13.6,200,25200
20240124,09:34:07,13.65,300,25200
20240124,09:34:43,14.35,50,25200
20240124,09:34:52,14.15,350,25200
20240124,09:35:01,14.15,100,25200
20240124,09:35:19,13.8,50,25200
20240124,09:35:28,14.45,100,25200
20240124,09:35:37,14.45,250,25200
20240124,09:35:46,14.8,200,25050
20240124,09:35:54,15.0,150,25050
20240124,09:36:12,14.8,100,25050
20240124,09:36:20,14.65,50,25050
20240124,09:36:28,14.8,100,25050
20240124,09:36:37,15.0,150,25050
20240124,09:36:54,14.75,150,25050
20240124,09:37:02,14.65,100,25050
20240124,09:37:10,14.8,200,25050
20240124,09:37:19,14.8,50,25050
20240124,09:37:27,14.65,50,25050
20240124,09:37:35,14.65,50,25050
20240124,09:37:44,14.5,50,25050
20240124,09:38:02,14.2,550,25050
20240124,09:38:11,14.1,100,25050
20240124,09:38:29,13.55,50,25050
20240124,09:38:38,13.55,150,25050
20240124,09:38:54,13.5,50,25150
20240124,09:39:03,13.5,50,25150
20240124,09:39:11,13.6,50,25150
20240124,09:39:38,13.1,100,25150
20240124,09:39:47,13.0,200,25150
20240124,09:39:56,13.1,50,25150
20240124,09:40:04,13.0,50,25150
20240124,09:40:13,12.9,50,25150
20240124,09:40:40,12.7,50,25150
20240124,09:40:58,12.7,50,25150
20240124,09:41:16,13.25,50,25150
20240124,09:41:25,13.1,50,25150
20240124,09:41:34,13.15,50,25150
20240124,09:41:52,13.45,250,25100
20240124,09:42:01,13.6,50,25100
20240124,09:42:10,13.6,150,25100
20240124,09:42:18,13.6,50,25100
20240124,09:42:27,13.3,150,25100
20240124,09:42:36,13.2,250,25100
20240124,09:42:53,13.45,50,25100
20240124,09:43:11,13.3,1850,25100
20240124,09:43:20,13.45,100,25100
20240124,09:43:36,13.7,100,25100
20240124,09:43:53,13.7,50,25100
20240124,09:44:34,13.7,50,25100
20240124,09:45:08,13.1,150,26250
20240124,09:45:25,13.05,100,26250
20240124,09:45:34,12.8,100,26250
20240124,09:45:43,12.75,100,26250
20240124,09:45:52,12.4,250,26250
20240124,09:46:01,12.3,150,26250
20240124,09:46:37,11.9,50,26250
20240124,09:46:46,11.75,50,26250
20240124,09:46:55,11.5,100,26250
20240124,09:47:04,11.5,100,26250
20240124,09:47:22,11.5,150,26250
20240124,09:47:30,11.3,150,26250
20240124,09:47:39,11.15,100,26250
20240124,09:47:48,11.05,100,25950
20240124,09:48:06,11.1,400,25950
20240124,09:48:16,11.25,50,25950
20240124,09:48:24,11.2,100,25950
20240124,09:48:32,11.15,300,25950
20240124,09:48:40,11.15,1350,25950
20240124,09:48:48,11.5,50,25950
20240124,09:49:05,11.6,750,25950
20240124,09:50:06,12.0,50,25950
20240124,09:50:41,11.6,2050,25950
20240124,09:50:50,11.8,150,25800
20240124,09:50:58,11.9,50,25800
20240124,09:51:25,12.2,500,25800
20240124,09:51:33,12.3,150,25800
20240124,09:51:41,12.35,550,25800
20240124,09:51:50,12.25,100,25800
20240124,09:51:59,12.45,50,25800
20240124,09:52:08,12.5,100,25800
20240124,09:52:25,12.5,50,25800
20240124,09:52:52,12.5,500,25800
20240124,09:53:26,12.45,300,25800
20240124,09:54:05,12.3,350,25750
20240124,09:54:30,12.3,100,25750
20240124,09:54:56,12.0,100,25750
20240124,09:55:14,11.95,150,25750
20240124,09:55:23,11.5,150,25750
20240124,09:55:33,11.3,300,25750
20240124,09:55:42,11.2,50,25750
20240124,09:55:51,11.15,550,25750
20240124,09:55:59,11.2,50,25750
20240124,09:56:52,10.95,100,26450
20240124,09:57:11,10.95,200,26450
20240124,09:57:20,10.65,1600,26450
20240124,09:57:29,10.65,700,26450
20240124,09:57:55,11.05,250,26450
20240124,09:58:04,11.2,800,26450
20240124,09:58:20,11.5,1600,26450
20240124,09:59:04,11.3,50,26450
20240124,09:59:12,11.35,150,26450
20240124,09:59:29,11.45,50,26450
20240124,09:59:53,11.4,100,26650
20240124,10:00:02,11.4,150,26650
20240124,10:00:11,11.3,50,26650
20240124,10:00:20,10.65,50,26650
20240124,10:00:30,10.4,50,26650
20240124,10:00:39,10.3,50,26650
20240124,10:00:48,10.25,50,26650
20240124,10:00:56,10.25,200,26650
20240124,10:01:05,10.1,100,26650
20240124,10:01:23,10.1,100,26650
20240124,10:01:32,10.65,750,26650
20240124,10:01:41,10.8,250,26650
20240124,10:01:50,11.0,150,26650
20240124,10:01:58,10.95,150,26650
20240124,10:02:07,11.1,150,26650
20240124,10:02:17,11.4,100,26650
20240124,10:02:33,11.65,50,26650
20240124,10:02:42,11.8,100,26650
20240124,10:02:51,12.0,100,26650
20240124,10:03:01,11.8,1850,26700
20240124,10:03:10,12.05,100,26700
20240124,10:03:18,12.2,200,26700
20240124,10:03:27,12.2,400,26700
20240124,10:03:36,12.2,600,26700
20240124,10:03:45,12.6,100,26700
20240124,10:04:03,12.75,50,26700
20240124,10:04:13,12.35,250,26700
20240124,10:04:30,12.7,100,26700
20240124,10:04:39,13.0,400,26700
20240124,10:04:49,13.2,100,26700
20240124,10:04:58,13.05,50,26700
20240124,10:05:07,12.75,100,26700
20240124,10:05:17,12.8,50,26700
20240124,10:05:26,12.3,50,26700
20240124,10:05:35,12.5,50,26700
20240124,10:05:44,12.6,150,26700
20240124,10:05:54,12.15,750,26900
20240124,10:06:03,12.05,200,26900
20240124,10:06:12,12.1,500,26900
20240124,10:06:20,12.05,150,26900
20240124,10:06:28,11.85,200,26900
20240124,10:06:38,11.5,300,26900
20240124,10:06:56,11.25,550,26900
20240124,10:07:05,11.35,100,26900
20240124,10:07:14,11.15,300,26900
20240124,10:07:23,11.0,50,26900
20240124,10:07:33,11.05,450,26900
20240124,10:07:42,11.1,50,26900
20240124,10:08:06,11.25,50,26900
20240124,10:08:23,11.2,50,26900
20240124,10:08:42,11.7,350,26900
20240124,10:08:59,11.6,100,26950
20240124,10:09:09,11.8,50,26950
20240124,10:09:18,12.0,100,26950
20240124,10:09:27,11.95,150,26950
20240124,10:09:35,11.6,150,26950
20240124,10:09:43,11.65,50,26950
20240124,10:09:51,11.45,50,26950
20240124,10:10:27,11.85,150,26950
20240124,10:10:36,12.3,50,26950
20240124,10:10:45,12.25,200,26950
20240124,10:10:54,12.5,1200,26950
20240124,10:11:03,12.7,350,26950
20240124,10:11:12,13.25,400,26950
20240124,10:11:21,13.4,150,26950
20240124,10:11:30,13.7,50,26950
20240124,10:11:39,13.7,500,26950
20240124,10:11:47,13.6,50,26950
20240124,10:11:56,13.9,250,26850
20240124,10:12:14,13.6,150,26850
20240124,10:12:23,13.6,250,26850
20240124,10:12:32,14.0,250,26850
20240124,10:12:41,14.1,250,26850
20240124,10:12:58,13.95,1050,26850
20240124,10:13:41,14.1,100,26850
20240124,10:13:58,13.85,50,26850
20240124,10:14:24,13.25,50,26850
20240124,10:14:58,13.45,50,27450
20240124,10:15:15,13.1,100,27450
20240124,10:15:23,12.95,50,27450
20240124,10:15:41,12.0,300,27450
20240124,10:15:50,12.1,100,27450
20240124,10:16:08,11.85,1950,27450
20240124,10:16:16,11.9,50,27450
20240124,10:16:25,12.0,50,27450
20240124,10:16:34,12.1,600,27450
20240124,10:16:51,12.35,100,27450
20240124,10:17:07,12.3,50,27450
20240124,10:17:24,12.0,250,27450
20240124,10:17:34,11.9,250,27450
20240124,10:17:42,11.9,250,27450
20240124,10:17:51,11.65,50,27050
20240124,10:18:48,12.1,50,27050
20240124,10:18:57,12.0,650,27050
20240124,10:19:06,12.0,50,27050
20240124,10:19:14,11.95,50,27050
20240124,10:19:23,11.8,750,27050
20240124,10:19:39,11.8,50,27050
20240124,10:19:48,11.6,50,27050
20240124,10:19:56,11.4,200,27050
20240124,10:20:05,11.35,50,27050
20240124,10:20:14,11.15,50,27050
20240124,10:20:22,11.25,250,27050
20240124,10:20:47,11.0,50,27050
20240124,10:20:56,10.5,300,26500
20240124,10:21:06,10.55,800,26500
20240124,10:21:24,10.45,50,26500
20240124,10:21:41,10.5,100,26500
20240124,10:21:49,10.35,1900,26500
20240124,10:21:58,10.3,250,26500
20240124,10:22:07,10.35,750,26500
20240124,10:22:16,10.35,100,26500
20240124,10:22:40,10.35,200,26500
20240124,10:22:49,10.3,500,26500
20240124,10:22:58,10.25,100,26500
20240124,10:23:15,10.3,50,26500
20240124,10:23:39,10.4,50,26500
20240124,10:23:55,10.3,200,26500
20240124,10:24:34,10.3,600,26500
20240124,10:24:50,10.4,50,27400
20240124,10:25:06,10.4,100,27400
20240124,10:25:30,10.3,50,27400
20240124,10:26:11,10.3,50,27400
20240124,10:26:27,10.55,50,27400
20240124,10:26:37,10.5,100,27400
20240124,10:26:53,10.45,50,27400
20240124,10:27:02,10.45,50,27350
20240124,10:27:28,10.25,50,27350
20240124,10:27:36,10.05,100,27350
20240124,10:27:46,9.8,1950,27350
20240124,10:27:55,9.6,800,27350
20240124,10:28:03,9.6,1500,27350
20240124,10:28:12,9.6,200,27350
20240124,10:28:20,9.75,50,27350
20240124,10:28:37,9.95,100,27350
20240124,10:29:09,10.15,50,27350
20240124,10:29:17,10.1,450,27350
20240124,10:29:41,10.3,50,27350
20240124,10:29:50,10.45,200,27350
20240124,10:30:08,10.25,100,27250
20240124,10:30:23,10.4,100,27250
20240124,10:30:32,10.5,100,27250
20240124,10:30:41,10.65,100,27250
20240124,10:30:49,10.7,150,27250
20240124,10:31:16,10.4,50,27250
20240124,10:31:32,10.35,50,27250
20240124,10:31:40,10.25,50,27250
20240124,10:31:49,10.05,50,27250
20240124,10:31:58,10.05,250,27250
20240124,10:32:15,10.35,150,27250
20240124,10:32:31,10.3,50,27250
20240124,10:32:47,10.45,50,27250
20240124,10:32:55,10.5,50,27250
20240124,10:33:11,10.55,50,27500
20240124,10:33:59,10.3,900,27500
20240124,10:34:07,10.25,50,27500
20240124,10:34:23,10.3,50,27500
20240124,10:34:31,10.2,50,27500
20240124,10:34:47,10.3,50,27500
20240124,10:35:26,9.85,1400,27500
20240124,10:35:34,10.0,1200,27500
20240124,10:35:49,9.95,250,27500
20240124,10:35:57,9.85,300,28650
20240124,10:36:06,9.85,850,28650
20240124,10:36:14,9.8,100,28650
20240124,10:36:21,9.8,200,28650
20240124,10:36:29,9.75,50,28650
20240124,10:36:37,9.8,100,28650
20240124,10:36:44,9.7,100,28650
20240124,10:37:15,9.55,100,28650
20240124,10:37:31,9.5,700,28650
20240124,10:38:03,9.5,150,28650
20240124,10:38:28,9.7,250,28650
20240124,10:38:45,9.7,50,28650
20240124,10:39:07,9.85,50,29700
20240124,10:39:56,9.7,100,29700
20240124,10:40:05,9.7,1150,29700
20240124,10:40:14,9.9,1350,29700
20240124,10:40:22,9.95,500,29700
20240124,10:40:30,10.05,400,29700
20240124,10:40:39,10.35,150,29700
20240124,10:40:48,10.65,50,29700
20240124,10:40:57,10.65,100,29700
20240124,10:41:06,10.6,300,29700
20240124,10:41:14,10.6,200,29700
20240124,10:41:30,10.6,200,29700
20240124,10:41:46,10.9,100,29700
20240124,10:41:54,10.9,50,27050
20240124,10:42:32,10.95,50,27050
20240124,10:43:51,10.75,50,27050
20240124,10:43:59,10.7,100,27050
20240124,10:44:41,10.95,50,27050
20240124,10:44:50,10.95,150,27050
20240124,10:44:59,11.0,50,27300
20240124,10:45:17,11.45,50,27300
20240124,10:45:26,11.6,200,27300
20240124,10:45:36,11.65,300,27300
20240124,10:45:45,11.65,600,27300
20240124,10:45:54,11.4,200,27300
20240124,10:46:03,11.05,50,27300
20240124,10:46:12,11.1,50,27300
20240124,10:46:31,11.45,800,27300
20240124,10:46:40,11.35,100,27300
20240124,10:46:57,11.45,50,27300
20240124,10:47:54,11.25,50,27300
20240124,10:48:11,11.1,150,27800
20240124,10:48:45,10.9,50,27800
20240124,10:48:53,10.9,1100,27800
20240124,10:49:01,10.8,200,27800
20240124,10:49:16,10.75,50,27800
20240124,10:49:24,10.95,100,27800
20240124,10:49:49,10.9,50,27800
20240124,10:50:38,10.15,100,27800
20240124,10:50:56,10.15,50,27800
20240124,10:52:37,10.7,300,27800
20240124,10:52:54,10.7,50,27800
20240124,10:53:01,10.65,100,27800
20240124,10:53:26,10.9,100,27800
20240124,10:53:43,10.55,100,27800
20240124,10:54:00,10.3,100,27850
20240124,10:54:44,9.8,150,27850
20240124,10:55:01,9.9,250,27850
20240124,10:55:17,10.0,50,27850
20240124,10:56:07,9.75,50,27850
20240124,10:56:56,10.0,50,27850
20240124,10:58:05,10.1,250,27400
20240124,10:58:36,10.15,50,27400
20240124,10:58:44,10.4,100,27400
20240124,11:00:05,10.45,200,27450
20240124,11:00:14,10.4,100,27450
20240124,11:00:22,10.25,50,27450
20240124,11:00:30,10.15,100,27450
20240124,11:00:39,10.2,50,27450
20240124,11:00:55,10.15,50,27450
20240124,11:01:03,9.95,100,27450
20240124,11:01:20,10.0,50,27450
20240124,11:04:06,10.05,50,27400
20240124,11:05:08,9.95,400,27400
20240124,11:05:55,10.1,50,27400
20240124,11:07:06,9.9,50,27500
20240124,11:07:23,10.2,750,27500
20240124,11:07:55,10.3,50,27500
20240124,11:08:51,10.2,350,27500
20240124,11:09:51,10.35,50,28250
20240124,11:10:00,10.15,500,28250
20240124,11:10:32,9.9,1800,28250
20240124,11:11:12,9.9,100,28250
20240124,11:11:36,10.0,450,28250
20240124,11:11:44,10.0,150,28250
20240124,11:12:11,10.2,100,30000
20240124,11:13:05,10.4,250,30000
20240124,11:13:50,10.3,1000,30000
20240124,11:14:06,10.4,300,30000
20240124,11:14:15,10.4,50,30000
20240124,11:14:23,10.55,650,30000
20240124,11:15:26,10.55,450,27850
20240124,11:16:14,10.15,200,27850
20240124,11:17:11,10.25,50,27850
20240124,11:17:41,10.45,250,27850
20240124,11:18:44,10.2,200,28050
20240124,11:19:06,10.2,900,28050
20240124,11:19:13,10.2,50,28050
20240124,11:19:52,10.15,50,28050
20240124,11:19:58,10.1,50,28050
20240124,11:20:26,10.1,50,28050
20240124,11:21:25,10.25,50,27750
20240124,11:21:32,10.3,50,27750
20240124,11:22:58,10.45,50,27750
20240124,11:23:18,10.5,50,27750
20240124,11:23:40,10.8,50,27750
20240124,11:24:02,10.75,50,27550
20240124,11:24:33,10.95,50,27550
20240124,11:25:53,11.45,250,27550
20240124,11:26:03,11.8,400,27550
20240124,11:26:12,11.7,150,27550
20240124,11:26:20,11.9,100,27550
20240124,11:26:29,12.1,350,27550
20240124,11:26:38,12.4,750,27550
20240124,11:26:47,12.25,150,27550
20240124,11:27:05,12.25,150,28950
20240124,11:27:38,12.65,50,28950
20240124,11:28:12,12.85,300,28950
20240124,11:28:21,12.55,150,28950
20240124,11:29:01,12.65,50,28950
20240124,11:29:10,12.6,400,28950
20240124,11:29:36,12.6,300,28950
20240124,11:29:44,12.7,250,28950
20240124,11:30:01,12.75,50,28950
20240124,11:30:10,12.7,100,28500
20240124,11:30:18,12.9,600,28500
20240124,11:30:27,13.05,50,28500
20240124,11:30:36,13.0,50,28500
20240124,11:30:54,13.65,500,28500
20240124,11:31:03,14.0,350,28500
20240124,11:31:12,14.0,50,28500
20240124,11:31:21,14.4,150,28500
20240124,11:31:30,14.2,100,28500
20240124,11:31:39,14.4,150,28500
20240124,11:31:47,14.15,250,28500
20240124,11:31:55,14.3,50,28500
20240124,11:32:04,14.75,50,28500
20240124,11:32:13,14.75,3750,28500
20240124,11:32:22,14.95,150,28500
20240124,11:32:31,15.25,100,28500
20240124,11:32:40,15.25,300,28500
20240124,11:33:17,14.0,1000,27850
20240124,11:33:26,14.5,200,27850
20240124,11:33:35,14.5,50,27850
20240124,11:33:44,14.35,900,27850
20240124,11:33:52,14.8,1200,27850
20240124,11:34:00,14.8,100,27850
20240124,11:34:09,13.95,200,27850
20240124,11:34:18,14.35,700,27850
20240124,11:34:27,14.3,200,27850
20240124,11:34:36,14.75,350,27850
20240124,11:34:45,15.2,1200,27850
20240124,11:34:53,15.5,150,27850
20240124,11:35:02,15.45,850,27850
20240124,11:35:10,15.6,400,27850
20240124,11:35:19,15.2,150,27850
20240124,11:35:28,15.3,400,27850
20240124,11:35:36,15.1,200,27850
20240124,11:35:44,15.2,250,27850
20240124,11:35:52,15.25,100,27850
20240124,11:36:10,13.9,250,27650
20240124,11:36:19,12.8,450,27650
20240124,11:36:29,12.9,200,27650
20240124,11:36:38,12.95,350,27650
20240124,11:36:47,12.5,200,27650
20240124,11:36:57,11.85,500,27650
20240124,11:37:06,12.25,150,27650
20240124,11:37:15,12.35,750,27650
20240124,11:37:24,12.45,200,27650
20240124,11:37:42,12.45,100,27650
20240124,11:37:50,12.6,50,27650
20240124,11:38:07,12.8,1250,27650
20240124,11:38:15,13.5,650,27650
20240124,11:38:24,14.25,200,27650
20240124,11:38:33,14.2,150,27650
20240124,11:38:41,14.15,150,27650
20240124,11:38:51,14.75,100,27650
20240124,11:38:59,14.55,350,27650
20240124,11:39:08,14.0,300,27000
20240124,11:39:17,14.65,350,27000
20240124,11:39:26,14.4,100,27000
20240124,11:39:51,14.1,50,27000
20240124,11:39:59,14.15,100,27000
20240124,11:40:50,14.8,50,27000
20240124,11:41:00,15.0,450,27000
20240124,11:41:09,14.3,250,27000
20240124,11:41:26,14.8,50,27000
20240124,11:41:34,14.4,150,27000
20240124,11:41:44,14.3,350,27000
20240124,11:41:53,14.4,50,27000
20240124,11:42:10,14.2,300,27000
20240124,11:42:19,14.05,400,27000
20240124,11:42:27,13.7,150,27000
20240124,11:42:36,13.6,650,27000
20240124,11:42:52,13.2,100,27000
20240124,11:43:01,13.3,100,27000
20240124,11:43:16,13.35,100,27000
20240124,11:43:24,13.3,300,27000
20240124,11:43:32,13.3,50,27000
20240124,11:43:40,13.25,50,27000
20240124,11:44:20,13.5,300,27000
20240124,11:44:45,12.85,100,27000
20240124,11:44:54,12.75,50,27000
20240124,11:45:01,12.95,150,27000
20240124,11:45:09,12.85,100,27000
20240124,11:45:16,12.85,100,27000
20240124,11:45:32,12.9,600,27000
20240124,11:45:40,12.95,100,27000
20240124,11:45:48,13.0,50,27000
20240124,11:46:06,13.6,50,27000
20240124,11:46:15,13.75,100,27000
20240124,11:47:06,13.2,50,27000
20240124,11:47:14,13.65,50,27000
20240124,11:47:22,14.0,550,27000
20240124,11:47:47,13.9,150,27000
20240124,11:48:04,14.1,50,27000
20240124,11:48:30,13.95,100,27600
20240124,11:48:38,14.15,100,27600
20240124,11:48:46,14.3,50,27600
20240124,11:48:55,14.45,50,27600
20240124,11:49:44,14.55,50,27600
20240124,11:49:52,14.05,50,27600
20240124,11:50:01,13.9,150,27600
20240124,11:50:11,13.5,150,27600
20240124,11:50:19,13.35,100,27600
20240124,11:50:28,13.5,450,27600
20240124,11:50:44,13.6,50,27600
20240124,11:50:52,14.0,550,27600
20240124,11:51:01,13.85,350,27600
20240124,11:51:09,13.85,100,27550
20240124,11:51:41,13.65,200,27550
20240124,11:51:58,13.8,150,27550
20240124,11:52:30,13.65,50,27550
20240124,11:53:15,13.5,150,27550
20240124,11:53:54,13.5,800,27550
20240124,11:54:01,13.75,50,27550
20240124,11:54:26,13.45,50,27550
20240124,11:54:42,13.15,100,27550
20240124,11:54:51,13.0,100,27550
20240124,11:54:59,12.95,50,27550
20240124,11:55:31,13.05,50,27550
20240124,11:56:08,13.3,50,27550
20240124,11:56:17,13.55,150,27550
20240124,11:56:25,13.55,50,27550
20240124,11:57:03,13.25,300,27550
20240124,11:58:05,13.85,50,27550
20240124,11:58:48,13.9,50,27550
20240124,11:59:27,13.15,50,27550
20240124,11:59:35,13.05,100,27550
20240124,11:59:43,13.15,50,27550
20240124,11:59:51,13.25,50,27550
20240124,11:59:59,13.5,300,27550
20240124,12:00:47,13.7,350,27600
20240124,12:00:56,13.65,150,27600
20240124,12:01:11,13.45,100,27600
20240124,12:02:47,13.65,50,27600
20240124,12:03:11,13.35,250,27600
20240124,12:03:19,13.35,50,27600
20240124,12:03:29,13.5,50,27600
20240124,12:03:56,13.55,50,27600
20240124,12:04:31,14.0,100,27600
20240124,12:04:47,14.25,50,27600
20240124,12:05:47,14.65,50,27600
20240124,12:06:20,13.65,100,27600
20240124,12:06:30,13.15,50,27600
20240124,12:06:57,13.45,50,27600
20240124,12:07:32,14.25,50,27600
20240124,12:08:19,13.9,50,27600
20240124,12:08:59,14.05,50,27600
20240124,12:09:07,14.2,50,27600
20240124,12:09:15,13.8,100,27600
20240124,12:09:31,13.6,100,27600
20240124,12:10:59,13.6,100,27600
20240124,12:11:08,13.7,50,27600
20240124,12:11:16,13.45,400,27600
20240124,12:11:42,13.45,250,27600
20240124,12:11:50,13.15,50,27600
20240124,12:12:38,14.1,50,28100
20240124,12:12:46,14.3,200,28100
20240124,12:13:20,14.3,300,28100
20240124,12:13:35,14.45,100,28100
20240124,12:13:43,14.25,100,28100
20240124,12:13:58,14.45,200,28100
20240124,12:14:05,14.4,650,28100
20240124,12:14:54,13.6,50,28100
20240124,12:16:06,13.65,50,28100
20240124,12:16:47,13.65,100,28100
20240124,12:18:09,12.8,50,28100
20240124,12:19:41,12.85,100,28100
20240124,12:19:50,12.6,50,28100
20240124,12:20:09,11.5,50,28100
20240124,12:20:27,11.95,100,28100
20240124,12:20:35,12.3,250,28100
20240124,12:20:44,12.4,100,28100
20240124,12:21:01,12.5,250,28100
20240124,12:21:42,12.95,50,28450
20240124,12:22:16,13.35,250,28450
20240124,12:23:21,13.65,50,28450
20240124,12:24:26,13.5,150,28500
20240124,12:24:33,13.55,50,28500
20240124,12:24:41,13.85,150,28500
20240124,12:24:49,14.1,700,28500
20240124,12:25:21,14.5,150,28500
20240124,12:25:36,14.55,100,28500
20240124,12:25:44,14.55,50,28500
20240124,12:26:07,14.6,50,28500
20240124,12:26:30,14.5,50,28500
20240124,12:26:58,14.75,50,28500
20240124,12:27:52,15.5,50,28800
20240124,12:28:01,15.75,150,28800
20240124,12:28:09,15.4,200,28800
20240124,12:28:17,15.85,50,28800
20240124,12:28:24,15.85,100,28800
20240124,12:28:32,15.95,850,28800
20240124,12:28:57,15.4,50,28800
20240124,12:29:06,15.15,50,28800
20240124,12:29:15,14.65,1150,28800
20240124,12:29:24,14.65,250,28800
20240124,12:30:07,13.4,150,28800
20240124,12:30:25,13.85,100,29550
20240124,12:30:42,13.85,100,29550
20240124,12:31:05,13.85,100,29550
20240124,12:31:29,14.2,50,29550
20240124,12:31:44,14.45,50,29550
20240124,12:32:01,14.55,50,29550
20240124,12:32:25,15.05,100,29550
20240124,12:32:33,15.05,200,29550
20240124,12:32:57,14.9,100,29550
20240124,12:33:04,14.95,50,29550
20240124,12:34:30,15.65,50,29500
20240124,12:34:53,15.35,100,29500
20240124,12:35:02,15.0,50,29500
20240124,12:35:19,14.9,50,29500
20240124,12:35:26,14.95,150,29500
20240124,12:35:49,14.85,50,29500
20240124,12:36:20,14.65,50,29450
20240124,12:37:02,15.35,50,29450
20240124,12:37:26,15.3,50,29450
20240124,12:37:34,15.5,100,29450
20240124,12:37:50,15.7,100,29450
20240124,12:37:57,15.4,200,29450
20240124,12:38:12,15.35,50,29450
20240124,12:38:35,15.35,50,29450
20240124,12:38:50,16.0,150,29450
20240124,12:38:58,16.0,100,29450
20240124,12:40:17,15.35,50,29600
20240124,12:40:26,15.35,850,29600
20240124,12:41:52,15.35,100,29600
20240124,12:42:00,15.35,50,29600
20240124,12:42:16,14.6,50,30500
20240124,12:43:52,14.35,50,30500
20240124,12:44:39,15.0,100,30500
20240124,12:45:02,15.15,200,30500
20240124,12:45:10,15.05,50,30500
20240124,12:45:25,14.9,50,30350
20240124,12:46:27,13.65,100,30350
20240124,12:46:36,13.85,100,30350
20240124,12:46:45,14.05,50,30350
20240124,12:47:09,14.05,50,30350
20240124,12:48:03,13.9,50,30350
20240124,12:48:25,13.7,50,30550
20240124,12:48:50,14.15,100,30550
20240124,12:48:58,14.15,100,30550
20240124,12:49:06,14.2,100,30550
20240124,12:49:14,14.2,100,30550
20240124,12:49:30,13.95,100,30550
20240124,12:49:38,13.35,1150,30550
20240124,12:49:47,12.85,850,30550
20240124,12:49:55,12.95,450,30550
20240124,12:50:35,12.4,150,30550
20240124,12:50:52,12.4,100,30550
20240124,12:51:01,12.1,150,30550
20240124,12:51:10,12.25,100,30550
20240124,12:51:35,11.9,100,30250
20240124,12:51:44,11.8,50,30250
20240124,12:51:52,11.8,50,30250
20240124,12:52:09,11.75,100,30250
20240124,12:52:19,11.95,100,30250
20240124,12:52:36,11.9,50,30250
20240124,12:52:51,11.8,50,30250
20240124,12:53:00,11.9,650,30250
20240124,12:53:09,12.0,200,30250
20240124,12:53:34,12.1,50,30250
20240124,12:54:14,12.45,50,30250
20240124,12:54:22,12.75,50,29850
20240124,12:54:39,13.2,50,29850
20240124,12:54:55,13.3,50,29850
20240124,12:55:03,13.0,350,29850
20240124,12:55:52,12.8,200,29850
20240124,12:55:59,12.75,50,29850
20240124,12:56:57,12.65,50,29850
20240124,12:57:12,12.5,50,29850
20240124,12:57:19,12.4,50,29550
20240124,12:57:27,12.25,50,29550
20240124,12:58:19,12.4,50,29550
20240124,12:58:28,11.75,100,29550
20240124,12:58:44,11.75,50,29550
20240124,12:58:52,11.85,50,29550
20240124,12:59:00,11.8,150,29550
20240124,12:59:15,12.05,50,29550
20240124,12:59:22,12.3,50,29550
20240124,12:59:47,12.1,50,29550
20240124,12:59:55,11.95,50,29550
20240124,13:00:04,11.35,250,29550
20240124,13:00:13,11.5,50,29550
20240124,13:00:37,11.6,100,29500
20240124,13:00:45,11.65,100,29500
20240124,13:00:54,11.15,200,29500
20240124,13:01:03,11.0,100,29500
20240124,13:01:12,10.45,150,29500
20240124,13:01:21,10.3,150,29500
20240124,13:01:29,10.2,50,29500
20240124,13:01:38,10.1,750,29500
20240124,13:01:46,10.05,100,29500
20240124,13:02:01,10.15,200,29500
20240124,13:02:09,10.3,50,29500
20240124,13:02:17,10.45,200,29500
20240124,13:02:26,10.55,500,29500
20240124,13:02:35,10.45,200,29500
20240124,13:02:43,10.55,50,29500
20240124,13:02:51,10.65,50,29500
20240124,13:03:30,10.55,50,29700
20240124,13:04:00,10.5,50,29700
20240124,13:04:09,10.85,150,29700
20240124,13:04:24,10.95,650,29700
20240124,13:04:32,10.9,50,29700
20240124,13:04:47,10.95,500,29700
20240124,13:05:11,10.9,50,29700
20240124,13:05:20,10.85,50,29700
20240124,13:05:28,10.75,50,29700
20240124,13:05:45,11.15,150,29700
20240124,13:06:19,11.55,600,29650
20240124,13:06:44,11.1,1150,29650
20240124,13:06:53,11.05,350,29650
20240124,13:07:02,11.0,450,29650
20240124,13:07:10,11.05,250,29650
20240124,13:07:24,11.45,100,29650
20240124,13:07:41,11.9,100,29650
20240124,13:07:49,12.0,250,29650
20240124,13:08:13,12.3,50,29650
20240124,13:08:21,12.25,50,29650
20240124,13:08:36,12.4,1800,29650
20240124,13:08:58,12.2,50,29650
20240124,13:09:30,12.3,50,30700
20240124,13:09:39,12.55,250,30700
20240124,13:09:47,12.4,600,30700
20240124,13:09:55,12.5,50,30700
20240124,13:10:27,12.5,50,30700
20240124,13:10:35,12.0,50,30700
20240124,13:10:53,11.5,100,30700
20240124,13:11:01,11.8,100,30700
20240124,13:11:10,11.85,50,30700
20240124,13:11:19,12.05,50,30700
20240124,13:11:27,12.0,1200,30700
20240124,13:11:36,12.25,700,30700
20240124,13:11:45,12.25,100,30700
20240124,13:12:01,12.3,100,30700
20240124,13:12:09,12.1,100,30700
20240124,13:12:16,12.2,300,32400
20240124,13:12:40,11.75,50,32400
20240124,13:12:49,12.0,50,32400
20240124,13:13:13,12.05,50,32400
20240124,13:14:35,12.15,50,32400
20240124,13:14:50,12.05,50,32400
20240124,13:15:12,12.05,350,32400
20240124,13:15:19,12.2,50,31800
20240124,13:15:41,12.2,50,31800
20240124,13:15:55,12.3,50,31800
20240124,13:16:10,12.3,50,31800
20240124,13:16:39,12.4,50,31800
20240124,13:16:48,12.7,200,31800
20240124,13:17:04,12.25,100,31800
20240124,13:17:13,12.25,1150,31800
20240124,13:17:42,12.4,100,31800
20240124,13:18:20,12.75,50,31000
20240124,13:18:44,12.15,350,31000
20240124,13:18:53,11.35,550,31000
20240124,13:19:02,11.45,150,31000
20240124,13:19:10,11.45,50,31000
20240124,13:19:17,11.35,50,31000
20240124,13:19:25,10.8,200,31000
20240124,13:19:34,10.95,200,31000
20240124,13:19:42,10.7,300,31000
20240124,13:19:51,10.85,150,31000
20240124,13:19:59,10.95,100,31000
20240124,13:20:07,11.0,150,31000
20240124,13:20:16,11.05,100,31000
20240124,13:20:24,11.0,50,31000
20240124,13:20:49,10.7,100,31000
20240124,13:20:58,10.5,200,31000
20240124,13:21:07,11.05,150,31000
20240124,13:21:16,10.9,100,30650
20240124,13:21:33,10.8,50,30650
20240124,13:21:42,10.85,50,30650
20240124,13:21:51,11.1,100,30650
20240124,13:22:08,11.4,50,30650
20240124,13:22:25,11.25,100,30650
20240124,13:22:40,11.25,150,30650
20240124,13:23:21,11.55,250,30650
20240124,13:23:29,11.5,50,30650
20240124,13:24:22,11.45,200,30800
20240124,13:24:29,11.4,50,30800
20240124,13:24:38,11.65,50,30800
20240124,13:24:47,11.6,50,30800
20240124,13:24:55,11.75,100,30800
20240124,13:25:04,11.8,100,30800
20240124,13:25:20,11.6,50,30800
20240124,13:25:51,11.65,100,30800
20240124,13:26:58,11.5,50,30800
20240124,13:27:44,10.8,150,31050
20240124,13:28:18,10.85,50,31050
20240124,13:28:26,11.05,50,31050
20240124,13:29:11,11.05,50,31050
20240124,13:29:18,11.2,50,31050
20240124,13:29:55,11.25,50,31050
20240124,13:30:24,11.35,50,31100
20240124,13:30:54,11.2,50,31100
20240124,13:31:32,11.75,50,31100
20240124,13:34:20,11.75,50,31150
20240124,13:34:28,11.8,50,31150
20240124,13:35:56,11.7,50,31150
20240124,13:37:24,11.65,100,31150
20240124,13:38:15,11.0,100,31150
20240124,13:38:38,10.9,150,31150
20240124,13:38:52,10.8,150,31150
20240124,13:39:00,10.75,100,31150
20240124,13:39:29,11.0,250,31050
20240124,13:39:42,11.05,50,31050
20240124,13:40:54,10.75,50,31050
20240124,13:41:09,10.85,200,31050
20240124,13:41:31,10.85,50,31050
20240124,13:42:56,11.3,100,31100
20240124,13:43:05,11.5,100,31100
20240124,13:43:21,11.75,100,31100
20240124,13:44:18,11.3,50,31100
20240124,13:46:02,11.0,50,31050
20240124,13:52:09,11.4,50,31050
20240124,13:54:01,11.0,100,31050
20240124,13:54:07,10.95,50,31050
20240124,13:55:00,11.45,50,31050
20240124,13:56:04,11.2,50,31050
20240124,13:57:06,11.05,50,31050
20240124,13:58:00,11.05,200,31050
20240124,13:58:48,10.9,150,31050
20240124,13:59:18,10.75,50,31050
20240124,13:59:26,10.6,50,31050
20240124,13:59:43,10.9,200,31050
20240124,14:00:32,10.65,50,31000
20240124,14:00:39,10.65,50,31000
20240124,14:01:03,10.5,150,31000
20240124,14:01:26,10.6,100,31000
20240124,14:01:50,10.35,100,31000
20240124,14:01:58,10.35,50,31000
20240124,14:02:06,10.3,50,31000
20240124,14:02:44,10.4,50,31000
20240124,14:02:59,10.45,50,31000
20240124,14:03:06,10.4,50,31000
20240124,14:04:51,9.9,50,30850
20240124,14:05:21,9.65,100,30850
20240124,14:05:30,9.6,100,30850
20240124,14:05:39,9.35,150,30850
20240124,14:05:48,9.35,100,30850
20240124,14:05:56,9.25,50,30850
20240124,14:06:35,9.25,100,30850
20240124,14:07:14,9.35,150,30850
20240124,14:07:37,9.6,50,30850
20240124,14:08:08,9.65,50,30850
20240124,14:09:19,10.1,50,30850
20240124,14:09:43,10.05,50,30800
20240124,14:09:51,9.95,50,30800
20240124,14:10:22,10.3,350,30800
20240124,14:10:31,10.2,50,30800
20240124,14:10:39,10.2,50,30800
20240124,14:10:54,10.5,100,30800
20240124,14:11:50,10.2,50,30800
20240124,14:13:22,9.95,50,31100
20240124,14:14:15,9.8,50,31100
20240124,14:14:37,9.8,50,31100
20240124,14:14:44,9.8,150,31100
20240124,14:14:59,9.8,50,31100
20240124,14:15:22,9.7,50,31100
20240124,14:15:30,9.6,50,30900
20240124,14:15:45,9.4,50,30900
20240124,14:16:53,10.0,150,30900
20240124,14:17:00,10.05,50,30900
20240124,14:17:21,10.05,50,30900
20240124,14:17:29,10.1,50,30900
20240124,14:18:47,9.6,50,30700
20240124,14:19:17,9.75,50,30700
20240124,14:19:40,9.75,50,30700
20240124,14:19:55,9.8,50,30700
20240124,14:20:03,9.8,50,30700
20240124,14:20:57,9.4,500,30700
20240124,14:21:29,9.2,50,30700
20240124,14:22:09,9.2,50,30700
20240124,14:23:31,9.2,50,30700
20240124,14:24:20,9.3,50,30700
20240124,14:24:44,9.65,50,30650
20240124,14:25:16,9.4,100,30650
20240124,14:25:24,9.35,50,30650
20240124,14:25:31,9.4,1700,30650
20240124,14:25:46,9.4,100,30650
20240124,14:26:26,9.45,50,30650
20240124,14:27:05,9.5,1750,30650
20240124,14:28:26,9.1,50,30350
20240124,14:28:34,9.1,100,30350
20240124,14:28:43,8.95,50,30350
20240124,14:29:09,8.9,150,30350
20240124,14:29:25,8.75,100,30350
20240124,14:29:57,8.65,550,30350
20240124,14:30:13,8.65,100,30350
20240124,14:30:28,8.65,600,30750
20240124,14:30:37,8.5,300,30750
20240124,14:30:46,8.55,150,30750
20240124,14:30:54,8.55,100,30750
20240124,14:31:03,8.45,50,30750
20240124,14:31:20,8.4,1050,30750
20240124,14:31:28,8.4,100,30750
20240124,14:31:37,8.6,100,30750
20240124,14:31:44,8.6,50,30750
20240124,14:31:52,8.55,50,30750
20240124,14:32:24,8.7,50,30750
20240124,14:32:32,8.6,50,30750
20240124,14:33:03,8.65,200,30750
20240124,14:33:19,8.7,150,30750
20240124,14:33:28,8.5,450,31400
20240124,14:33:35,8.65,50,31400
20240124,14:33:51,8.5,50,31400
20240124,14:34:07,8.6,50,31400
20240124,14:34:14,8.6,50,31400
20240124,14:34:30,8.45,100,31400
20240124,14:35:29,8.25,100,31400
20240124,14:35:46,8.2,150,31400
20240124,14:35:55,7.95,100,31400
20240124,14:36:04,7.95,450,31400
20240124,14:36:13,7.95,150,31400
20240124,14:36:22,8.1,50,31400
20240124,14:36:38,8.25,100,30650
20240124,14:36:46,8.25,50,30650
20240124,14:37:43,8.2,500,30650
20240124,14:37:52,8.2,850,30650
20240124,14:38:00,8.15,450,30650
20240124,14:38:24,8.15,50,30650
20240124,14:38:47,8.2,1200,30650
20240124,14:39:17,8.2,3300,30650
20240124,14:39:57,8.0,1200,32850
20240124,14:40:45,7.8,1950,32850
20240124,14:40:53,7.8,150,32850
20240124,14:41:01,7.7,100,32850
20240124,14:41:10,7.6,150,32850
20240124,14:41:20,7.55,50,32850
20240124,14:41:37,7.5,150,32850
20240124,14:41:46,7.5,150,32850
20240124,14:42:03,7.45,300,32850
20240124,14:42:58,7.3,300,34000
20240124,14:43:15,7.2,400,34000
20240124,14:43:24,7.1,150,34000
20240124,14:43:33,6.95,650,34000
20240124,14:43:43,7.0,50,34000
20240124,14:43:51,7.0,150,34000
20240124,14:44:07,6.9,200,34000
20240124,14:44:16,6.9,350,34000
20240124,14:44:23,6.95,100,34000
20240124,14:44:40,6.9,250,34000
20240124,14:45:06,6.95,200,34000
20240124,14:45:38,7.1,250,33550
20240124,14:46:04,7.2,100,33550
20240124,14:46:20,7.35,1200,33550
20240124,14:46:29,7.4,500,33550
20240124,14:46:38,7.3,50,33550
20240124,14:46:55,7.4,50,33550
20240124,14:47:13,7.5,150,33550
20240124,14:47:37,7.65,100,33550
20240124,14:47:54,7.85,250,33550
20240124,14:48:02,7.8,950,33550
20240124,14:48:10,7.85,50,33550
20240124,14:48:19,8.05,100,33550
20240124,14:48:28,8.0,50,32600
20240124,14:48:37,8.15,150,32600
20240124,14:49:38,8.1,250,32600
20240124,14:49:47,8.1,50,32600
20240124,14:49:56,7.7,50,32600
20240124,14:50:06,7.65,700,32600
20240124,14:50:15,7.55,150,32600
20240124,14:50:32,7.85,250,32600
20240124,14:50:40,7.8,50,32600
20240124,14:50:48,7.8,50,32600
20240124,14:50:56,7.8,100,32600
20240124,14:51:13,7.75,100,32600
20240124,14:51:30,7.55,150,32000
20240124,14:51:39,7.65,150,32000
20240124,14:51:48,7.6,250,32000
20240124,14:51:56,7.6,200,32000
20240124,14:52:04,7.6,100,32000
20240124,14:52:30,7.85,250,32000
20240124,14:52:39,7.85,100,32000
20240124,14:52:48,7.75,100,32000
20240124,14:52:56,7.8,1100,32000
20240124,14:53:04,7.75,150,32000
20240124,14:53:12,7.75,150,32000
20240124,14:54:32,7.55,100,32900
20240124,14:54:41,7.5,250,32900
20240124,14:55:14,7.35,200,32900
20240124,14:55:31,7.35,100,32900
20240124,14:55:39,7.35,50,32900
20240124,14:55:47,7.3,1300,32900
20240124,14:55:55,7.3,50,32900
20240124,14:56:03,7.35,1800,32900
20240124,14:56:12,7.5,200,32900
20240124,14:56:51,7.5,500,32900
20240124,14:56:58,7.55,150,32900
20240124,14:57:06,7.55,700,32900
20240124,14:57:13,7.6,500,32900
20240124,14:58:16,7.6,50,32200
20240124,14:58:32,7.5,50,32200
20240124,14:58:50,7.45,650,32200
20240124,14:58:58,7.45,50,32200
20240124,14:59:46,7.25,100,32200
20240124,14:59:54,7.05,250,32200
20240124,15:00:03,7.0,50,32200
20240124,15:00:12,7.0,200,32200
20240124,15:00:21,6.9,100,32200
20240124,15:00:29,6.8,50,32200
20240124,15:00:38,6.6,100,32300
20240124,15:00:56,6.6,50,32300
20240124,15:01:05,6.65,300,32300
20240124,15:01:38,6.35,2550,32300
20240124,15:01:46,6.35,550,32300
20240124,15:01:54,6.45,900,32300
20240124,15:02:03,6.6,600,32300
20240124,15:02:12,6.5,1150,32300
20240124,15:02:46,6.8,100,32300
20240124,15:02:56,6.85,200,32300
20240124,15:03:05,7.0,350,32300
20240124,15:03:15,6.95,350,32300
20240124,15:03:24,7.05,950,32300
20240124,15:03:58,7.25,300,36100
20240124,15:04:25,6.5,3950,36100
20240124,15:04:43,6.55,50,36100
20240124,15:04:51,6.65,1550,36100
20240124,15:05:18,6.75,50,36100
20240124,15:05:58,6.65,50,36100
20240124,15:06:16,6.4,50,36100
20240124,15:06:24,6.45,50,36100
20240124,15:06:49,6.5,250,33600
20240124,15:07:29,6.6,1400,33600
20240124,15:07:54,6.7,100,33600
20240124,15:08:03,6.6,50,33600
20240124,15:08:11,6.65,450,33600
20240124,15:08:19,6.6,550,33600
20240124,15:08:35,6.55,450,33600
20240124,15:08:43,6.55,100,33600
20240124,15:08:51,6.6,50,33600
20240124,15:09:07,6.6,500,33600
20240124,15:09:57,6.55,50,35600
20240124,15:10:13,6.45,50,35600
20240124,15:10:21,6.45,250,35600
20240124,15:10:29,6.45,50,35600
20240124,15:11:16,6.45,100,35600
20240124,15:11:23,6.45,1600,35600
20240124,15:12:02,6.35,50,35600
20240124,15:13:11,6.35,200,33750
20240124,15:13:49,6.35,50,33750
20240124,15:13:57,6.3,50,33750
20240124,15:14:05,6.25,100,33750
20240124,15:14:30,6.25,50,33750
20240124,15:14:53,6.2,2600,33750
20240124,15:15:01,6.15,200,33750
20240124,15:15:25,6.15,100,33750
20240124,15:15:33,5.9,50,35450
20240124,15:15:41,5.7,100,35450
20240124,15:15:50,5.7,50,35450
20240124,15:15:59,5.6,300,35450
20240124,15:16:08,5.6,50,35450
20240124,15:16:16,5.5,50,35450
20240124,15:16:24,5.5,100,35450
20240124,15:16:41,5.5,100,35450
20240124,15:16:49,5.45,150,35450
20240124,15:17:06,5.45,450,35450
20240124,15:17:14,5.55,550,35450
20240124,15:17:22,5.55,450,35450
20240124,15:17:37,5.45,50,35450
20240124,15:17:44,5.45,50,35450
20240124,15:18:24,5.45,100,35450
20240124,15:18:55,5.3,250,36500
20240124,15:19:02,5.25,350,36500
20240124,15:19:10,5.2,750,36500
20240124,15:19:18,5.25,50,36500
20240124,15:19:25,5.2,50,36500
20240124,15:19:33,5.2,250,36500
20240124,15:19:49,5.25,50,36500
20240124,15:20:06,5.3,100,36500
20240124,15:20:14,5.25,600,36500
20240124,15:20:37,5.25,900,36500
20240124,15:20:53,5.2,900,36500
20240124,15:21:17,5.25,150,36500
20240124,15:21:25,5.25,1200,36500
20240124,15:21:33,5.3,100,38450
20240124,15:21:41,5.3,200,38450
20240124,15:21:56,5.35,450,38450
20240124,15:22:05,5.35,500,38450
20240124,15:22:13,5.35,2300,38450
20240124,15:22:21,5.3,50,38450
20240124,15:22:53,5.3,200,38450
20240124,15:23:08,5.3,50,38450
20240124,15:24:36,5.25,50,36900
20240124,15:25:00,5.25,150,36900
20240124,15:25:08,5.25,1850,36900
20240124,15:25:16,5.25,1450,36900
20240124,15:25:31,5.25,50,36900
20240124,15:25:38,5.15,350,36900
20240124,15:25:46,5.0,500,36900
20240124,15:25:54,5.0,50,36900
20240124,15:26:17,5.0,50,36900
20240124,15:26:39,4.7,8550,36900
20240124,15:26:47,4.7,200,36900
20240124,15:26:55,4.95,200,36900
20240124,15:27:20,4.8,500,36900
20240124,15:27:45,4.9,1150,31100
20240124,15:27:54,4.95,800,31100
20240124,15:28:02,5.0,1150,31100
20240124,15:28:19,4.95,100,31100
20240124,15:28:27,4.95,50,31100
20240124,15:28:44,5.1,2250,31100
20240124,15:28:52,5.0,100,31100
20240124,15:29:25,4.85,100,31100
20240124,15:29:52,5.0,100,31100
20240125,09:15:08,5.75,1,33400
20240125,09:15:08,5.75,100,33400
20240125,09:15:19,5.8,2900,33400
20240125,09:15:29,5.95,50,33400
20240125,09:15:56,5.95,150,33400
20240125,09:15:56,5.35,150,33400
20240125,09:16:06,4.95,200,33400
20240125,09:16:41,5.25,50,33400
20240125,09:16:50,5.25,250,33400
20240125,09:16:58,5.45,200,33400
20240125,09:17:16,5.25,50,33400
20240125,09:17:25,5.2,50,33400
20240125,09:17:33,5.25,200,33400
20240125,09:17:42,5.25,50,33400
20240125,09:17:51,5.3,250,33400
20240125,09:18:01,5.35,50,35250
20240125,09:18:46,5.55,150,35250
20240125,09:18:55,5.6,50,35250
20240125,09:19:24,5.9,250,35250
20240125,09:19:33,5.8,100,35250
20240125,09:19:42,5.85,100,35250
20240125,09:20:06,5.8,100,35250
20240125,09:20:25,5.75,50,35250
20240125,09:20:33,5.7,300,35250
20240125,09:20:43,5.65,50,35250
20240125,09:20:52,5.7,750,34950
20240125,09:21:09,5.7,900,34950
20240125,09:21:17,5.7,100,34950
20240125,09:21:49,5.85,100,34950
20240125,09:21:57,5.95,2650,34950
20240125,09:22:05,6.05,200,34950
20240125,09:22:14,6.05,650,34950
20240125,09:22:31,6.1,250,34950
20240125,09:22:40,6.2,400,34950
20240125,09:22:48,6.25,250,34950
20240125,09:22:57,6.35,200,34950
20240125,09:23:14,6.5,50,34950
20240125,09:23:38,6.85,750,34950
20240125,09:23:48,7.0,150,34950
20240125,09:24:07,7.6,1000,33350
20240125,09:24:17,7.65,1050,33350
20240125,09:24:26,7.8,1700,33350
20240125,09:24:34,7.75,300,33350
20240125,09:24:41,7.7,800,33350
20240125,09:24:49,7.9,650,33350
20240125,09:24:58,8.05,750,33350
20240125,09:25:08,8.1,2000,33350
20240125,09:25:17,7.85,1250,33350
20240125,09:25:27,7.95,600,33350
20240125,09:25:36,7.9,50,33350
20240125,09:25:52,7.75,250,33350
20240125,09:26:01,7.7,100,33350
20240125,09:26:10,7.75,50,33350
20240125,09:26:28,7.55,50,33350
20240125,09:27:14,7.4,50,34200
20240125,09:27:23,7.25,50,34200
20240125,09:27:32,7.25,500,34200
20240125,09:27:59,6.9,100,34200
20240125,09:28:08,6.75,200,34200
20240125,09:28:18,6.85,1950,34200
20240125,09:28:46,6.8,150,34200
20240125,09:28:55,6.85,100,34200
20240125,09:29:14,6.8,100,34200
20240125,09:29:30,6.7,200,34200
20240125,09:29:52,6.7,1000,34200
20240125,09:30:15,6.7,50,32750
20240125,09:30:24,6.85,1000,32750
20240125,09:30:32,6.75,3400,32750
20240125,09:30:41,6.7,1800,32750
20240125,09:30:56,6.7,6200,32750
20240125,09:31:04,6.65,7400,32750
20240125,09:31:12,6.6,100,32750
20240125,09:31:19,6.65,3200,32750
20240125,09:31:27,6.7,3450,32750
20240125,09:31:35,6.75,900,32750
20240125,09:31:45,6.8,1450,32750
20240125,09:31:54,6.95,1700,32750
20240125,09:32:03,6.95,1200,32750
20240125,09:32:12,7.15,1250,32750
20240125,09:32:22,7.15,550,32750
20240125,09:32:38,7.2,550,32750
20240125,09:32:48,7.35,2650,32750
20240125,09:32:57,7.55,600,52900
20240125,09:33:05,7.6,1850,52900
20240125,09:33:14,7.7,450,52900
20240125,09:33:29,7.75,1650,52900
20240125,09:33:44,7.7,200,52900
20240125,09:33:53,7.8,200,52900
20240125,09:34:00,7.85,50,52900
20240125,09:34:07,7.9,50,52900
20240125,09:34:15,8.1,2250,52900
20240125,09:34:25,8.2,600,52900
20240125,09:34:34,8.15,550,52900
20240125,09:34:42,8.1,250,52900
20240125,09:34:52,8.25,150,52900
20240125,09:35:01,8.35,550,52900
20240125,09:35:09,8.3,150,52900
20240125,09:35:19,8.1,300,52900
20240125,09:35:28,8.2,950,52900
20240125,09:35:37,8.1,50,52900
20240125,09:35:45,8.05,400,52900
20240125,09:35:53,8.0,150,52900
20240125,09:36:09,7.9,500,53950
20240125,09:36:59,7.75,50,53950
20240125,09:37:17,7.75,100,53950
20240125,09:38:04,7.7,50,53950
20240125,09:38:22,7.55,50,53950
20240125,09:39:10,7.7,850,53500
20240125,09:39:26,7.85,650,53500
20240125,09:39:35,7.8,550,53500
20240125,09:40:58,7.8,50,53500
20240125,09:42:13,8.1,50,53500
20240125,09:42:31,8.05,50,53500
20240125,09:43:19,7.9,50,53500
20240125,09:43:33,7.8,50,53500
20240125,09:43:42,7.95,50,53500
20240125,09:43:58,7.95,50,53500
20240125,09:44:06,7.95,50,53500
20240125,09:44:31,8.0,200,53500
20240125,09:44:40,8.2,300,53500
20240125,09:45:08,8.35,150,53050
20240125,09:45:17,8.35,100,53050
20240125,09:45:26,8.45,100,53050
20240125,09:45:53,8.6,50,53050
20240125,09:46:01,8.6,1100,53050
20240125,09:46:10,8.6,650,53050
20240125,09:46:20,8.4,250,53050
20240125,09:46:29,8.4,1250,53050
20240125,09:46:38,8.2,1050,53050
20240125,09:46:48,8.15,200,53050
20240125,09:46:57,8.1,100,53050
20240125,09:47:14,7.95,50,53050
20240125,09:47:24,8.15,50,53050
20240125,09:48:34,8.35,250,53050
20240125,09:48:51,8.2,50,53050
20240125,09:48:59,8.3,50,53050
20240125,09:49:08,7.85,1800,53050
20240125,09:49:27,7.85,850,53050
20240125,09:50:02,8.3,900,53050
20240125,09:50:49,8.5,250,53050
20240125,09:50:57,8.6,50,53050
20240125,09:51:13,8.7,350,53050
20240125,09:52:01,8.45,100,53050
20240125,09:52:24,8.45,50,53050
20240125,09:52:42,8.7,50,53050
20240125,09:52:51,8.6,50,53050
20240125,09:53:06,8.6,100,53050
20240125,09:53:14,8.5,100,53050
20240125,09:53:41,8.8,200,53050
20240125,09:53:55,8.8,50,53050
20240125,09:54:11,8.85,50,53050
20240125,09:54:19,8.85,100,53050
20240125,09:54:41,8.85,100,53050
20240125,09:54:49,8.85,50,53050
20240125,09:55:06,8.95,100,53050
20240125,09:55:15,8.9,150,53050
20240125,09:55:24,8.8,450,53050
20240125,09:55:34,8.8,200,53050
20240125,09:56:08,8.85,50,53050
20240125,09:56:24,8.85,50,53050
20240125,09:56:47,8.8,50,53050
20240125,09:57:10,8.8,50,53150
20240125,09:57:24,8.75,50,53150
20240125,09:58:12,8.7,550,53150
20240125,09:58:26,8.6,50,53150
20240125,09:58:34,8.55,150,53150
20240125,09:58:49,8.45,550,53150
20240125,09:58:57,8.45,50,53150
20240125,09:59:39,8.55,50,53150
20240125,09:59:55,8.55,250,53150
20240125,10:00:12,8.5,50,53150
20240125,10:00:19,8.6,100,53150
20240125,10:00:26,8.55,200,53150
20240125,10:00:34,8.55,50,53150
20240125,10:00:49,8.55,1800,53150
20240125,10:01:05,8.5,50,53150
20240125,10:01:12,8.55,350,53150
20240125,10:01:28,8.55,50,53150
20240125,10:01:36,8.6,200,53150
20240125,10:01:44,8.6,1350,53150
20240125,10:01:53,8.65,50,53150
20240125,10:02:39,8.6,300,53150
20240125,10:02:47,8.7,500,53150
20240125,10:03:11,8.35,750,52950
20240125,10:03:28,8.35,600,52950
20240125,10:03:52,8.25,700,52950
20240125,10:03:59,8.2,500,52950
20240125,10:04:23,8.25,300,52950
20240125,10:04:47,8.45,250,52950
20240125,10:04:55,8.45,250,52950
20240125,10:05:18,8.35,400,52950
20240125,10:05:26,8.2,500,52950
20240125,10:05:59,8.15,50,52950
20240125,10:06:48,8.1,300,52600
20240125,10:07:24,8.1,100,52600
20240125,10:07:59,7.8,350,52600
20240125,10:08:06,7.8,300,52600
20240125,10:08:20,7.8,1100,52600
20240125,10:08:35,7.75,250,52600
20240125,10:09:05,7.95,500,52600
20240125,10:09:20,8.0,750,52600
20240125,10:09:28,8.0,1050,52600
20240125,10:09:59,8.2,650,52600
20240125,10:10:08,8.0,350,52600
20240125,10:10:35,7.8,50,52600
20240125,10:10:44,7.95,50,52600
20240125,10:11:08,7.9,400,52600
20240125,10:11:16,7.95,50,52600
20240125,10:11:25,8.0,50,52600
20240125,10:11:43,7.95,50,52600
20240125,10:12:15,7.9,350,54400
20240125,10:12:57,8.05,1200,54400
20240125,10:13:12,7.9,150,54400
20240125,10:13:27,7.9,900,54400
20240125,10:13:59,7.85,500,54400
20240125,10:15:25,7.85,50,54400
20240125,10:15:41,7.8,50,54400
20240125,10:16:04,7.85,50,54400
20240125,10:16:23,7.95,1050,54400
20240125,10:16:31,7.9,550,54400
20240125,10:16:40,7.95,400,54400
20240125,10:17:07,7.95,100,54400
20240125,10:17:16,7.9,1950,54400
20240125,10:17:24,7.95,100,54400
20240125,10:17:32,7.95,100,54400
20240125,10:17:50,8.0,550,54400
20240125,10:17:59,7.95,250,54400
20240125,10:18:07,8.05,50,54350
20240125,10:18:54,7.95,50,54350
20240125,10:19:10,7.9,400,54350
20240125,10:19:34,8.1,100,54350
20240125,10:19:41,8.1,500,54350
20240125,10:20:13,8.25,100,54350
20240125,10:20:22,8.4,100,54350
20240125,10:20:32,8.5,150,54350
20240125,10:20:41,8.5,1200,54350
20240125,10:20:49,8.25,1000,54350
20240125,10:20:58,8.25,900,54350
20240125,10:21:07,8.5,800,54450
20240125,10:21:26,8.4,200,54450
20240125,10:21:35,8.25,5100,54450
20240125,10:21:45,8.1,900,54450
20240125,10:21:54,7.85,100,54450
20240125,10:22:03,7.9,250,54450
20240125,10:22:12,7.95,200,54450
20240125,10:22:21,7.95,200,54450
20240125,10:22:37,7.7,350,54450
20240125,10:22:46,7.85,700,54450
20240125,10:23:04,8.1,750,54450
20240125,10:23:12,8.05,150,54450
20240125,10:23:21,7.9,300,54450
20240125,10:23:30,8.05,250,54450
20240125,10:23:38,8.05,100,54450
20240125,10:23:47,8.05,150,54450
20240125,10:23:56,7.8,6300,54450
20240125,10:24:05,8.0,900,54800
20240125,10:24:14,8.05,300,54800
20240125,10:24:22,7.95,500,54800
20240125,10:24:31,8.05,100,54800
20240125,10:24:38,8.05,1500,54800
20240125,10:25:04,7.95,500,54800
20240125,10:25:12,8.0,650,54800
20240125,10:25:21,8.1,150,54800
20240125,10:25:29,8.1,1450,54800
20240125,10:25:37,8.1,150,54800
20240125,10:25:45,8.1,50,54800
20240125,10:26:03,7.95,600,54800
20240125,10:26:12,7.7,450,54800
20240125,10:26:22,7.7,100,54800
20240125,10:26:39,7.5,100,54800
20240125,10:26:48,7.35,200,54800
20240125,10:26:57,7.4,50,54800
20240125,10:27:05,7.4,750,54600
20240125,10:27:14,7.5,200,54600
20240125,10:27:22,7.4,800,54600
20240125,10:27:31,7.35,400,54600
20240125,10:27:39,7.3,500,54600
20240125,10:27:47,7.35,250,54600
20240125,10:27:55,7.45,550,54600
20240125,10:28:03,7.4,150,54600
20240125,10:28:10,7.45,150,54600
20240125,10:28:18,7.3,150,54600
20240125,10:28:27,7.25,2150,54600
20240125,10:28:35,7.3,2050,54600
20240125,10:28:44,7.3,350,54600
20240125,10:29:26,7.25,300,54600
20240125,10:29:35,7.15,100,54600
20240125,10:29:43,7.25,50,54600
20240125,10:29:59,7.15,50,54600
20240125,10:30:25,6.95,500,55000
20240125,10:30:34,6.95,850,55000
20240125,10:30:51,7.0,300,55000
20240125,10:31:08,7.2,50,55000
20240125,10:31:32,7.3,250,55000
20240125,10:31:40,7.2,250,55000
20240125,10:31:48,7.0,200,55000
20240125,10:32:05,7.1,1250,55000
20240125,10:32:14,7.05,800,55000
20240125,10:32:32,7.05,550,55000
20240125,10:32:57,6.7,300,55000
20240125,10:33:15,6.65,800,55750
20240125,10:33:24,6.9,2000,55750
20240125,10:33:50,6.95,800,55750
20240125,10:34:07,7.25,100,55750
20240125,10:34:25,7.4,250,55750
20240125,10:34:33,7.3,1000,55750
20240125,10:34:50,7.5,100,55750
20240125,10:34:59,7.65,1550,55750
20240125,10:35:08,7.45,500,55750
20240125,10:35:17,7.55,100,55750
20240125,10:35:25,7.5,200,55750
20240125,10:35:34,7.4,550,55750
20240125,10:35:42,7.65,100,55750
20240125,10:35:58,7.75,1300,55750
20240125,10:36:06,7.8,750,57550
20240125,10:36:23,7.7,100,57550
20240125,10:36:32,7.7,250,57550
20240125,10:36:39,7.8,1050,57550
20240125,10:37:38,7.8,400,57550
20240125,10:38:21,7.3,50,57550
20240125,10:38:30,7.35,100,57550
20240125,10:38:46,7.45,200,57550
20240125,10:39:18,7.65,100,57350
20240125,10:39:26,7.7,700,57350
20240125,10:39:42,7.75,250,57350
20240125,10:40:22,7.6,50,57350
