date,time,tick_price,volume,open_interest
20240216,15:24:53,396.2,50,50
20240219,13:31:35,336.25,1,50
20240219,13:31:35,336.25,200,50
20240219,13:33:24,325.5,200,50
20240219,13:36:24,305.5,200,250
20240219,14:27:18,302.95,50,250
20240219,15:10:54,302.95,1100,200
20240220,12:54:17,328.0,1,1100
20240220,12:54:17,328.0,50,1100
20240220,14:03:08,360.9,50,1100
20240220,14:46:19,360.9,50,1100
20240220,15:10:36,312.2,500,1100
20240220,15:19:01,310.95,50,1100
20240220,15:23:04,305.2,500,1150
20240220,15:28:10,304.3,50,1600
20240220,15:28:41,304.3,100,1600
20240221,13:38:34,283.05,1,1650
20240221,13:38:34,283.05,100,1650
20240221,14:03:38,325.4,50,1750
20240221,14:17:21,325.4,250,1750
20240221,14:24:49,350.5,500,1750
20240221,14:25:13,350.5,50,1750
20240221,14:39:34,365.75,200,1250
20240221,14:40:59,365.75,50,1250
20240221,14:43:27,370.0,50,1250
20240221,14:45:18,370.0,50,1250
20240221,14:48:20,370.0,100,1200
20240221,14:54:14,377.4,50,1150
20240221,14:56:04,377.4,100,1150
20240221,15:03:15,380.0,500,1150
20240221,15:27:22,381.65,50,1150
20240221,15:27:48,385.0,50,1150
20240221,15:28:45,385.0,50,1150
20240222,09:15:45,380.6,1,1200
20240222,09:15:45,380.6,50,1200
20240222,10:05:45,408.0,50,1150
20240222,12:04:37,408.0,50,1200
20240222,12:06:49,353.7,50,1200
20240222,13:47:16,335.0,50,1200
20240222,13:47:43,335.0,50,1200
20240222,13:48:00,325.05,50,1200
20240222,13:48:55,325.05,50,1200
20240222,14:17:20,308.05,100,1250
20240222,14:49:32,280.0,50,1150
20240222,14:52:16,278.65,50,1150
20240222,14:56:22,278.65,50,1200
20240222,14:57:03,280.0,50,1200
20240222,14:59:08,282.25,50,1200
20240222,14:59:43,276.05,50,1200
20240222,15:05:47,275.05,50,1150
20240222,15:05:55,275.0,50,1150
20240222,15:10:08,269.9,50,1150
20240222,15:11:41,265.0,50,1150
20240222,15:14:20,264.95,50,1200
20240222,15:15:28,263.75,150,1200
20240222,15:16:19,255.0,50,1200
20240222,15:17:31,255.0,100,1250
20240222,15:18:48,259.2,100,1250
20240222,15:21:09,255.65,50,1450
20240222,15:21:17,256.0,250,1450
20240222,15:22:23,257.9,100,1450
20240222,15:23:00,259.1,50,1750
20240222,15:23:08,258.25,50,1750
20240222,15:23:48,256.9,100,1750
20240222,15:24:03,257.85,200,1750
20240222,15:24:11,257.5,100,1750
20240222,15:24:18,257.5,100,1750
20240222,15:24:41,257.35,100,1750
20240222,15:24:48,257.0,100,1750
20240222,15:25:12,256.9,100,1750
20240222,15:25:21,255.0,50,1750
20240222,15:26:21,253.45,100,2600
20240222,15:26:30,252.5,100,2600
20240222,15:26:46,250.35,100,2600
20240222,15:28:25,255.05,100,2600
20240223,09:15:05,258.25,1,2800
20240223,09:15:05,258.25,50,2800
20240223,09:15:12,266.85,50,2800
20240223,09:15:19,266.85,150,2800
20240223,09:15:24,266.85,900,2800
20240223,09:15:30,256.75,900,2800
20240223,09:15:35,256.45,50,2800
20240223,09:15:41,255.0,900,2800
20240223,09:15:46,255.0,900,2800
20240223,09:15:57,255.1,150,6600
20240223,09:16:03,256.5,250,6600
20240223,09:16:08,255.45,100,6600
20240223,09:16:13,249.05,900,6600
20240223,09:16:18,249.05,50,6600
20240223,09:16:23,247.75,950,6600
20240223,09:16:33,252.6,900,6600
20240223,09:16:42,251.7,900,6600
20240223,09:16:47,251.15,100,6600
20240223,09:16:57,251.8,50,6600
20240223,09:17:34,255.05,400,6600
20240223,09:17:38,254.75,150,6600
20240223,09:18:16,255.1,400,6600
20240223,09:18:25,252.05,100,6600
20240223,09:18:38,250.85,200,6600
20240223,09:18:45,251.05,950,6600
20240223,09:19:07,250.0,350,4350
20240223,09:20:13,250.05,1000,4350
20240223,09:20:20,252.05,150,4350
20240223,09:20:34,250.0,50,4350
20240223,09:21:07,248.0,100,4350
20240223,09:21:35,246.25,50,4350
20240223,09:22:07,246.25,250,5200
20240223,09:22:20,246.35,100,5200
20240223,09:23:33,246.6,50,5200
20240223,09:24:44,248.25,50,5200
20240223,09:24:51,248.25,50,5450
20240223,09:25:30,254.0,250,5450
20240223,09:26:09,250.3,100,5450
20240223,09:28:33,252.3,1000,5750
20240223,09:29:37,256.6,200,5750
20240223,09:30:07,257.0,50,5750
20240223,09:30:15,258.7,50,5750
20240223,09:30:45,254.65,100,5750
20240223,09:30:57,255.55,50,4850
20240223,09:37:10,250.0,100,4850
20240223,09:38:27,250.3,250,4850
20240223,09:38:41,246.55,50,4850
20240223,09:41:04,244.6,100,5250
20240223,09:41:25,244.0,50,5250
20240223,09:41:39,244.0,50,5250
20240223,09:41:46,244.15,100,5250
20240223,09:42:02,242.7,50,5250
20240223,09:43:29,242.7,300,5500
20240223,09:43:37,241.65,100,5500
20240223,09:44:25,241.65,100,5500
20240223,09:45:55,244.0,900,5900
20240223,09:46:59,244.4,50,5900
20240223,09:50:02,250.0,300,6600
20240223,09:50:47,250.0,50,6600
20240223,09:51:13,248.0,100,6600
20240223,09:53:13,249.3,100,7050
20240223,09:54:03,255.0,250,7050
20240223,09:54:51,251.8,50,7050
20240223,09:56:03,250.0,100,6950
20240223,09:56:24,250.0,250,6950
20240223,09:57:01,250.2,50,6950
20240223,09:59:08,249.7,100,7300
20240223,09:59:28,248.1,850,7300
20240223,10:01:02,245.75,50,7350
20240223,10:03:34,247.0,450,7350
20240223,10:03:41,249.35,50,7350
20240223,10:03:48,246.95,650,7350
20240223,10:03:54,249.0,200,7350
20240223,10:04:57,245.0,50,7350
20240223,10:05:14,245.0,50,8500
20240223,10:07:07,245.0,50,8550
20240223,10:11:15,244.85,50,8600
20240223,10:14:10,244.35,50,8600
20240223,10:15:05,241.3,50,8600
20240223,10:15:26,236.65,100,8600
20240223,10:15:33,236.65,50,8600
20240223,10:16:25,237.8,100,8750
20240223,10:17:01,237.8,50,8750
20240223,10:17:18,237.85,50,8750
20240223,10:17:50,234.6,50,8750
20240223,10:17:51,232.9,150,8750
20240223,10:17:57,232.9,50,8750
20240223,10:18:34,229.8,200,8750
20240223,10:18:56,229.8,50,8750
20240223,10:19:03,229.7,400,8950
20240223,10:19:11,229.1,150,8950
20240223,10:19:39,228.0,150,8950
20240223,10:20:09,225.0,100,8950
20240223,10:20:55,223.6,350,8950
20240223,10:22:01,223.6,50,8950
20240223,10:24:02,238.55,50,9700
20240223,10:25:29,245.0,100,9700
20240223,10:25:37,245.0,50,9700
20240223,10:26:06,244.7,150,9700
20240223,10:26:13,247.8,50,9700
20240223,10:26:20,247.95,100,9700
20240223,10:26:33,246.35,50,9700
20240223,10:26:41,245.7,200,9700
20240223,10:26:55,248.0,550,9700
20240223,10:27:03,248.0,100,9700
20240223,10:27:29,252.5,100,9700
20240223,10:28:07,250.5,50,9100
20240223,10:28:15,250.5,50,9100
20240223,10:28:44,255.15,500,9100
20240223,10:29:20,250.45,50,9100
20240223,10:29:50,254.0,50,9100
20240223,10:29:58,250.9,150,9100
20240223,10:30:35,255.0,200,9100
20240223,10:30:50,251.85,50,9100
20240223,10:31:19,253.0,100,9450
20240223,10:31:33,255.0,550,9450
20240223,10:31:41,257.35,1100,9450
20240223,10:31:49,256.25,200,9450
20240223,10:32:05,258.6,200,9450
20240223,10:32:13,260.0,250,9450
20240223,10:32:37,260.0,1050,9450
20240223,10:34:10,256.1,600,10500
20240223,10:34:38,255.2,450,10500
20240223,10:35:14,250.0,100,10500
20240223,10:36:06,251.7,100,10500
20240223,10:36:13,252.85,100,10500
20240223,10:36:20,252.65,50,10500
20240223,10:36:51,256.15,200,10500
20240223,10:37:05,257.0,250,9350
20240223,10:38:04,254.15,1000,9350
20240223,10:39:30,254.15,400,9350
20240223,10:42:17,245.2,200,8600
20240223,10:46:16,244.45,550,8600
20240223,10:46:46,245.8,150,8600
20240223,10:47:01,245.8,200,8600
20240223,10:47:08,246.4,200,8600
20240223,10:47:10,245.6,150,8600
20240223,10:49:31,242.0,50,8700
20240223,10:50:25,240.3,150,8700
20240223,10:51:07,240.0,50,8700
20240223,10:51:14,238.65,50,8700
20240223,10:52:28,244.0,450,8650
20240223,10:53:15,241.85,200,8650
20240223,10:54:02,242.05,500,8650
20240223,10:54:10,238.05,200,8650
20240223,10:54:17,238.0,150,8650
20240223,10:55:05,236.0,200,8650
20240223,10:57:17,241.0,500,8600
20240223,10:59:03,239.75,50,8300
20240223,11:02:11,239.0,150,8350
20240223,11:02:44,237.15,100,8350
20240223,11:03:14,234.55,350,8350
20240223,11:03:21,234.5,200,8350
20240223,11:04:00,229.1,150,8350
20240223,11:06:09,221.4,150,8700
20240223,11:06:26,218.5,150,8700
20240223,11:06:49,218.5,50,8700
20240223,11:07:12,221.05,200,8700
20240223,11:07:56,221.0,250,8900
20240223,11:08:53,224.65,150,8900
20240223,11:10:05,224.95,200,8900
20240223,11:10:34,224.3,50,9100
20240223,11:16:10,237.35,200,9050
20240223,11:16:53,237.05,50,9050
20240223,11:18:18,238.6,50,9050
20240223,11:19:40,239.2,150,8850
20240223,11:23:42,234.5,150,8850
20240223,11:29:34,237.5,50,8850
20240223,11:29:53,238.7,800,8850
20240223,11:30:00,235.7,200,8850
20240223,11:39:33,234.65,800,9700
20240223,11:40:37,234.0,350,9700
20240223,11:41:52,235.0,50,9700
20240223,11:42:50,236.95,200,9700
20240223,11:43:44,234.5,200,9800
20240223,11:45:24,234.0,400,9800
20240223,11:45:43,234.5,50,9800
20240223,11:48:11,234.3,50,10400
20240223,11:48:37,234.0,100,10400
20240223,11:49:03,231.25,100,10400
20240223,11:50:47,237.55,200,10500
20240223,11:51:47,236.8,200,10500
20240223,11:52:31,239.35,200,10700
20240223,11:53:00,245.0,50,10700
20240223,11:53:48,244.0,100,10700
20240223,11:53:55,243.45,50,10700
20240223,11:54:08,241.5,200,10700
20240223,11:59:34,245.15,50,10750
20240223,12:03:44,242.05,50,10750
20240223,12:11:55,246.5,50,10800
20240223,12:12:22,242.05,100,10800
20240223,12:24:03,240.0,100,10900
20240223,12:28:18,232.45,50,10900
20240223,12:30:34,230.85,50,11000
20240223,12:31:07,232.9,200,11000
20240223,12:31:14,236.6,50,11000
20240223,12:33:05,236.45,150,10900
20240223,12:36:35,235.75,450,11050
20240223,12:39:12,235.7,100,11300
20240223,12:40:49,232.75,100,11300
20240223,12:42:11,234.95,50,11300
20240223,12:42:43,232.7,150,11300
20240223,12:43:04,230.55,50,11300
20240223,12:43:39,233.65,50,11550
20240223,12:44:43,231.65,50,11550
20240223,12:46:35,229.85,50,11600
20240223,12:47:07,232.95,200,11600
20240223,12:47:26,234.85,100,11600
20240223,12:50:41,233.1,50,11500
20240223,12:52:53,229.0,350,11550
20240223,13:06:34,237.55,200,11700
20240223,13:06:54,234.0,50,11700
20240223,13:07:42,234.9,200,11700
20240223,13:09:02,234.9,50,11700
20240223,13:10:41,233.15,200,11750
20240223,13:18:50,239.1,200,11750
20240223,13:22:34,239.5,50,11950
20240223,13:25:24,247.0,800,11950
20240223,13:25:32,250.0,50,11950
20240223,13:25:49,253.0,50,11200
20240223,13:25:58,255.0,50,11200
20240223,13:26:15,254.0,200,11200
20240223,13:26:47,253.1,50,11200
20240223,13:27:24,253.1,100,11200
20240223,13:28:15,254.6,50,11200
20240223,13:29:42,246.2,100,10900
20240223,13:29:58,243.2,100,10900
20240223,13:31:18,242.55,50,10900
20240223,13:32:20,232.0,50,10850
20240223,13:32:42,230.0,50,10850
20240223,13:32:57,229.0,50,10850
20240223,13:35:04,235.45,200,10900
20240223,13:35:18,234.7,50,10900
20240223,13:35:38,234.7,200,10900
20240223,13:38:32,234.25,700,10900
20240223,13:42:35,240.05,450,11550
20240223,13:43:26,239.0,50,11550
20240223,13:45:31,238.4,50,11700
20240223,13:46:03,239.4,50,11700
20240223,13:47:32,239.4,50,11650
20240223,13:55:12,244.45,450,11650
20240223,13:55:20,241.85,200,11650
20240223,13:55:46,241.75,300,11200
20240223,13:57:51,241.45,100,11200
20240223,13:58:24,242.9,200,11200
20240223,13:58:31,243.9,100,11200
20240223,13:59:19,244.3,50,11200
20240223,13:59:29,244.3,50,11200
20240223,14:00:47,241.85,300,11200
20240223,14:01:07,241.2,700,11200
20240223,14:01:14,241.4,150,11200
20240223,14:01:35,238.2,200,11200
20240223,14:01:42,236.45,150,11550
20240223,14:05:12,235.75,50,11650
20240223,14:05:25,235.55,50,11650
20240223,14:06:04,234.6,100,11650
20240223,14:06:11,234.65,100,11650
20240223,14:06:23,234.85,100,11650
20240223,14:06:43,237.0,150,11650
20240223,14:06:56,237.75,50,11650
20240223,14:07:22,239.25,150,11650
20240223,14:07:57,243.0,50,11450
20240223,14:08:37,239.8,450,11450
20240223,14:09:03,241.0,50,11450
20240223,14:09:44,243.75,200,11450
20240223,14:12:49,243.05,400,11600
20240223,14:13:16,244.35,50,11600
20240223,14:14:26,248.05,50,11500
20240223,14:14:54,250.55,250,11500
20240223,14:15:09,251.0,150,11500
20240223,14:15:47,250.45,200,11500
20240223,14:16:01,249.65,200,11500
20240223,14:16:44,244.45,200,11650
20240223,14:16:51,243.3,150,11650
20240223,14:17:19,245.45,200,11650
20240223,14:17:33,244.5,300,11650
20240223,14:17:47,245.95,100,11650
20240223,14:18:48,241.3,250,11650
20240223,14:18:55,240.1,150,11650
20240223,14:23:05,240.1,250,11500
20240223,14:23:46,237.0,50,11500
20240223,14:24:01,237.9,50,11500
20240223,14:25:25,242.95,200,11500
20240223,14:25:33,243.65,150,11500
20240223,14:29:10,241.65,200,11650
20240223,14:30:04,241.5,200,11650
20240223,14:30:45,242.35,200,11650
20240223,14:30:58,243.9,200,11650
20240223,14:34:16,244.05,50,11450
20240223,14:36:23,246.6,50,11400
20240223,14:37:37,247.25,100,11400
20240223,14:37:44,245.75,200,11300
20240223,14:38:04,245.45,50,11300
20240223,14:38:25,243.15,400,11300
20240223,14:38:39,241.4,50,11300
20240223,14:39:57,234.0,50,11300
20240223,14:40:48,231.8,800,11750
20240223,14:41:17,234.05,400,11750
20240223,14:41:38,238.1,200,11750
20240223,14:42:48,234.8,200,11750
20240223,14:43:43,233.2,200,10950
20240223,14:44:38,233.3,200,10950
20240223,14:46:19,238.4,50,10950
20240223,14:46:47,239.1,100,10700
20240223,14:46:54,240.45,150,10700
20240223,14:47:09,238.65,300,10700
20240223,14:48:17,239.05,200,10700
20240223,14:53:13,241.7,400,11000
20240223,14:53:27,243.0,50,11000
20240223,14:53:34,246.0,50,11000
20240223,14:53:49,243.8,200,11000
20240223,14:54:03,241.85,200,11000
20240223,14:56:04,244.1,200,11150
20240223,14:57:23,240.8,200,11150
20240223,15:00:05,239.65,50,11150
20240223,15:00:34,238.65,50,11150
20240223,15:01:30,242.9,150,11150
20240223,15:01:38,239.95,200,11150
20240223,15:01:58,241.55,200,11300
20240223,15:02:05,241.8,150,11300
20240223,15:02:38,244.7,50,11300
20240223,15:02:55,246.0,50,11300
20240223,15:03:03,244.55,100,11300
20240223,15:03:49,241.3,150,11300
20240223,15:03:56,242.55,50,11300
20240223,15:04:11,246.7,200,11300
20240223,15:04:29,247.45,200,11300
20240223,15:04:52,251.2,150,11600
20240223,15:05:27,242.5,400,11600
20240223,15:06:02,243.15,50,11600
20240223,15:06:37,241.0,400,11600
20240223,15:06:58,241.05,150,11600
20240223,15:08:43,248.1,150,11900
20240223,15:10:04,243.25,400,11900
20240223,15:10:25,247.0,250,11900
20240223,15:10:46,246.9,150,11600
20240223,15:12:10,243.8,150,11600
20240223,15:13:34,243.9,50,11600
20240223,15:16:02,247.0,150,11600
20240223,15:16:16,246.35,350,11600
20240223,15:16:23,247.95,100,11600
20240223,15:16:31,248.0,1150,11600
20240223,15:16:40,250.0,50,11600
20240223,15:18:12,252.0,250,12300
20240223,15:19:53,243.1,150,12050
20240223,15:20:15,243.0,900,12050
20240223,15:20:41,241.95,200,12050
20240223,15:21:00,243.7,200,12050
20240223,15:21:13,243.6,200,12050
20240223,15:21:38,243.4,200,12050
20240223,15:22:56,235.0,200,11000
20240223,15:23:33,236.6,200,11000
20240223,15:23:53,238.45,200,11000
20240223,15:24:00,237.5,200,11000
20240223,15:24:30,242.75,200,11000
20240223,15:25:13,245.05,400,11000
20240223,15:25:42,249.45,50,11000
20240223,15:25:49,247.55,250,11000
20240223,15:25:57,250.0,250,10650
20240223,15:26:18,250.35,50,10650
20240223,15:26:26,252.0,100,10650
20240223,15:26:55,249.25,50,10650
20240223,15:27:32,252.5,50,10650
20240223,15:27:46,252.5,50,10650
20240223,15:28:45,251.15,50,10650
20240223,15:29:00,252.0,50,10250
20240223,15:29:30,247.0,400,10250
20240226,09:15:42,254.0,1,10650
20240226,09:15:42,254.0,50,10650
20240226,09:15:49,267.2,50,10650
20240226,09:16:04,270.85,200,10650
20240226,09:16:41,270.85,350,10650
20240226,09:16:55,258.1,100,10650
20240226,09:17:31,260.0,100,10650
20240226,09:17:57,264.1,50,10650
20240226,09:18:11,261.35,50,10650
20240226,09:18:41,260.0,200,10650
20240226,09:18:56,260.0,100,10650
20240226,09:20:20,260.35,50,10650
20240226,09:21:17,257.95,150,10650
20240226,09:21:31,256.15,50,10650
20240226,09:21:38,255.55,250,10650
20240226,09:21:56,260.0,50,10450
20240226,09:22:39,255.85,250,10450
20240226,09:23:08,257.65,100,10450
20240226,09:23:17,255.6,100,10450
20240226,09:23:55,255.75,100,10450
20240226,09:25:02,255.55,50,10600
20240226,09:27:07,255.7,50,10600
20240226,09:27:34,259.85,150,10600
20240226,09:27:54,259.9,50,10550
20240226,09:29:32,260.65,250,10550
20240226,09:30:06,257.55,250,10550
20240226,09:30:40,261.0,250,10550
20240226,09:31:41,260.45,50,10700
20240226,09:35:51,256.25,400,10750
20240226,09:36:47,259.2,400,10750
20240226,09:39:17,258.15,100,10550
20240226,09:41:05,256.75,50,10550
20240226,09:43:33,256.75,50,10550
20240226,09:44:16,253.7,100,10550
20240226,09:44:24,250.95,50,10550
20240226,09:45:14,247.15,50,10550
20240226,09:47:44,247.15,150,10700
20240226,09:47:51,251.35,50,10700
20240226,09:48:18,253.4,100,10700
20240226,09:49:06,254.75,100,10900
20240226,09:49:27,253.65,100,10900
20240226,09:49:35,252.85,100,10900
20240226,09:50:04,255.8,200,10900
20240226,09:51:27,263.25,200,10900
20240226,09:51:34,262.9,100,10900
20240226,09:52:10,267.35,100,11300
20240226,09:52:19,270.0,250,11300
20240226,09:52:27,272.75,100,11300
20240226,09:52:52,273.65,500,11300
20240226,09:53:08,276.85,300,11300
20240226,09:53:40,276.85,100,11300
20240226,09:53:54,273.45,100,11300
20240226,09:54:30,269.5,200,11300
20240226,09:55:26,272.65,100,11350
20240226,09:55:34,274.7,100,11350
20240226,09:55:41,271.3,100,11350
20240226,09:56:02,272.7,300,11350
20240226,09:57:06,275.75,100,11350
20240226,09:57:13,276.05,50,11350
20240226,09:57:42,274.95,50,11350
20240226,09:57:49,278.0,150,11350
20240226,09:58:05,279.4,50,11000
20240226,09:58:12,279.4,100,11000
20240226,09:58:20,275.2,150,11000
20240226,09:58:34,280.0,450,11000
20240226,10:00:06,284.7,600,11000
20240226,10:00:55,284.7,50,11000
20240226,10:01:02,279.75,150,10800
20240226,10:01:18,282.5,50,10800
20240226,10:01:25,283.0,450,10800
20240226,10:02:33,280.55,100,10800
20240226,10:03:17,280.55,50,10800
20240226,10:03:24,280.55,50,10800
20240226,10:03:31,279.75,250,10800
20240226,10:03:54,277.0,50,10800
20240226,10:04:16,279.7,100,10400
20240226,10:04:30,280.25,50,10400
20240226,10:05:13,282.95,100,10400
20240226,10:05:35,279.2,150,10400
20240226,10:05:48,280.05,50,10400
20240226,10:06:09,279.9,100,10400
20240226,10:07:04,275.2,100,10250
20240226,10:07:18,273.95,200,10250
20240226,10:08:16,272.4,100,10250
20240226,10:08:44,269.1,100,10250
20240226,10:08:51,268.9,100,10250
20240226,10:09:13,271.6,100,10250
20240226,10:09:20,272.7,100,10250
20240226,10:10:32,277.15,100,10050
20240226,10:10:59,279.35,100,10050
20240226,10:11:33,279.1,100,10050
20240226,10:12:55,277.85,100,10050
20240226,10:14:49,270.9,50,9850
20240226,10:16:33,275.95,100,9850
20240226,10:16:40,272.9,100,9850
20240226,10:16:47,271.35,50,9850
20240226,10:18:57,275.4,100,9850
20240226,10:21:31,278.0,100,9700
20240226,10:25:23,277.1,100,9700
20240226,10:26:04,275.5,100,9700
20240226,10:27:13,278.25,100,9700
20240226,10:29:14,282.1,100,9600
20240226,10:29:38,285.0,50,9600
20240226,10:31:43,285.0,50,9650
20240226,10:32:20,280.55,50,9650
20240226,10:32:27,279.7,100,9650
20240226,10:32:41,277.95,350,9650
20240226,10:33:10,279.6,200,9650
20240226,10:34:12,278.85,50,9550
20240226,10:36:10,280.0,100,9550
20240226,10:36:17,281.35,150,9550
20240226,10:36:53,275.55,100,9550
20240226,10:37:00,273.9,100,9550
20240226,10:37:15,273.45,100,9550
20240226,10:38:51,273.65,100,9550
20240226,10:42:53,280.0,50,9450
20240226,10:43:59,285.0,50,9400
20240226,10:48:30,277.4,50,9350
20240226,10:48:55,276.7,100,9350
20240226,10:49:08,275.7,50,9350
20240226,10:49:28,278.75,200,9300
20240226,10:49:47,277.45,100,9300
20240226,10:50:40,277.9,100,9300
20240226,10:55:46,283.4,100,9150
20240226,10:57:36,281.55,200,9150
20240226,10:58:03,283.0,100,9150
20240226,10:58:10,284.1,100,9250
20240226,10:59:29,287.1,300,9250
20240226,10:59:52,290.0,50,9250
20240226,11:00:10,291.75,50,9250
20240226,11:01:00,291.75,300,9250
20240226,11:03:22,282.7,100,9100
20240226,11:03:35,283.45,100,9100
20240226,11:04:21,281.4,100,9000
20240226,11:04:47,281.65,100,9000
20240226,11:05:42,280.0,450,9000
20240226,11:06:23,280.55,100,9000
20240226,11:08:46,276.35,500,8700
20240226,11:14:07,283.75,100,8300
20240226,11:16:29,283.6,100,8200
20240226,11:21:04,287.0,100,8300
20240226,11:24:02,283.85,50,8200
20240226,11:25:26,282.75,150,8200
20240226,11:29:11,280.65,100,8300
20240226,11:30:41,283.05,100,8300
20240226,11:32:30,284.55,100,8300
20240226,11:36:47,290.1,50,8200
20240226,11:37:19,286.25,50,8250
20240226,11:37:26,287.25,50,8250
20240226,11:37:32,287.95,50,8250
20240226,11:41:18,291.75,100,8300
20240226,11:41:44,292.1,400,8300
20240226,11:42:16,292.2,50,8300
20240226,11:43:50,292.2,50,7900
20240226,11:44:41,289.3,750,7900
20240226,11:45:25,285.8,50,7900
20240226,11:46:59,282.65,450,7150
20240226,11:49:18,287.85,100,7050
20240226,11:49:24,286.4,200,7050
20240226,11:49:54,287.9,200,7050
20240226,11:52:21,288.05,100,7050
20240226,11:53:38,293.55,100,7050
20240226,11:54:31,293.55,100,7050
20240226,11:54:46,295.1,100,7050
20240226,11:55:22,302.4,150,6950
20240226,11:55:29,302.55,100,6950
20240226,11:57:42,302.55,300,6950
20240226,12:00:04,294.0,150,7050
20240226,12:03:54,293.9,50,6950
20240226,12:04:52,298.15,50,6950
20240226,12:05:12,294.75,50,6950
20240226,12:09:46,294.75,100,6950
20240226,12:18:56,310.0,50,6950
20240226,12:26:05,310.0,100,6950
20240226,12:26:45,294.5,100,6950
20240226,12:29:45,284.9,100,6850
20240226,12:29:58,286.75,100,6850
20240226,12:30:31,289.25,150,6850
20240226,12:33:29,292.45,150,6600
20240226,12:34:25,290.2,50,6750
20240226,12:46:58,292.5,100,6750
20240226,12:48:02,295.0,400,6750
20240226,12:54:45,290.05,200,6450
20240226,12:54:52,290.0,1000,6450
20240226,12:55:56,287.4,50,7200
20240226,13:01:21,278.9,100,7200
20240226,13:01:42,280.6,200,7100
20240226,13:03:02,283.45,100,7100
20240226,13:04:39,282.7,50,7000
20240226,13:05:31,278.65,100,7000
20240226,13:06:17,281.1,50,7000
20240226,13:08:39,273.8,200,7000
20240226,13:10:21,270.0,50,7000
20240226,13:14:52,264.95,200,7200
20240226,13:16:42,257.7,200,7100
20240226,13:19:15,257.25,100,7100
20240226,13:19:36,257.4,50,7100
20240226,13:19:50,258.95,50,7100
20240226,13:20:25,258.0,50,7100
20240226,13:20:39,260.05,50,7100
20240226,13:30:25,262.9,100,7200
20240226,13:31:26,266.75,100,7200
20240226,13:31:54,270.8,100,7250
20240226,13:34:41,270.8,500,7250
20240226,13:35:00,270.8,100,7250
20240226,13:35:07,270.25,100,7250
20240226,13:36:11,267.45,100,7250
20240226,13:36:31,267.0,50,7250
20240226,13:37:48,269.0,500,7750
20240226,13:39:14,271.5,150,7750
20240226,13:39:28,272.9,50,7750
20240226,13:39:36,274.9,50,7750
20240226,13:39:58,272.1,100,7750
20240226,13:40:05,271.55,50,7750
20240226,13:41:12,271.65,50,7350
20240226,13:44:19,272.1,50,7400
20240226,13:44:45,274.3,50,7400
20240226,13:45:12,273.45,200,7400
20240226,13:45:33,272.15,100,7400
20240226,13:45:40,273.2,100,7400
20240226,13:46:12,272.35,100,7400
20240226,13:47:47,263.25,100,7550
20240226,13:49:38,260.0,50,7650
20240226,13:50:48,261.0,100,7650
20240226,13:51:08,262.4,100,7650
20240226,13:51:56,262.85,100,7650
20240226,13:53:24,258.7,100,7700
20240226,13:54:05,255.0,50,7700
20240226,13:55:09,255.0,50,7700
20240226,13:55:57,258.5,100,7900
20240226,13:56:04,259.6,100,7900
20240226,13:58:54,261.9,100,8000
20240226,13:59:07,261.9,50,8000
20240226,13:59:40,259.8,100,8000
20240226,14:02:15,259.75,200,8100
20240226,14:02:22,259.8,250,8100
20240226,14:04:23,257.2,100,8100
20240226,14:04:44,258.0,50,7950
20240226,14:05:37,258.0,100,7950
20240226,14:09:16,256.85,50,8050
20240226,14:12:53,260.3,100,8050
20240226,14:15:36,266.55,50,8000
20240226,14:19:34,261.0,50,8000
20240226,14:19:52,259.85,100,8000
20240226,14:21:50,256.95,100,8000
20240226,14:23:46,250.0,150,8100
20240226,14:24:32,250.05,100,8100
20240226,14:25:30,252.9,100,8100
20240226,14:30:22,254.35,100,8050
20240226,14:33:18,256.0,400,8050
20240226,14:34:42,260.2,250,8050
20240226,14:37:48,262.3,200,8600
20240226,14:42:38,266.0,450,8650
20240226,14:42:58,266.0,50,8650
20240226,14:43:18,269.35,50,8650
20240226,14:45:02,270.0,50,8400
20240226,14:47:26,265.05,50,8350
20240226,14:47:55,266.5,50,8350
20240226,14:48:02,265.6,50,8350
20240226,14:48:09,267.3,50,8350
20240226,14:48:24,267.95,150,8350
20240226,14:49:03,277.4,50,8350
20240226,14:50:15,279.0,150,8250
20240226,14:52:10,281.1,50,8250
20240226,14:53:53,281.1,50,8100
20240226,14:54:57,283.4,50,8100
20240226,14:57:18,280.6,50,8100
20240226,14:58:08,281.55,300,8100
20240226,14:58:44,278.7,50,8100
20240226,14:59:19,277.65,50,8100
20240226,14:59:47,282.05,50,8100
20240226,15:02:11,270.0,250,8100
20240226,15:02:34,265.95,450,8100
20240226,15:03:13,265.95,150,8100
20240226,15:04:39,271.95,100,8100
20240226,15:07:08,271.95,50,8250
20240226,15:09:07,274.5,50,8250
20240226,15:09:36,276.4,50,8250
20240226,15:11:07,278.15,50,8250
20240226,15:11:23,276.55,50,8250
20240226,15:11:44,273.15,50,8250
20240226,15:14:12,275.75,50,8200
20240226,15:15:16,274.85,50,8200
20240226,15:20:04,276.05,50,8150
20240226,15:20:11,275.65,200,8150
20240226,15:20:40,279.15,50,8150
20240226,15:21:01,277.25,150,8150
20240226,15:22:29,277.7,1000,8150
20240226,15:24:33,277.7,50,8050
20240226,15:24:40,277.7,150,8050
20240226,15:25:44,274.55,100,8050
20240226,15:27:23,272.35,450,8100
20240226,15:27:30,272.1,300,8100
20240226,15:27:58,271.95,400,8100
20240226,15:28:05,271.8,100,8100
20240227,09:16:04,285.0,1,7700
20240227,09:16:04,285.0,50,7700
20240227,09:17:09,286.8,50,7700
20240227,09:17:41,288.75,1050,7700
20240227,09:19:01,288.75,900,7500
20240227,09:20:26,291.05,50,7500
20240227,09:21:29,291.05,100,7500
20240227,09:21:37,286.3,50,7500
20240227,09:23:32,282.45,100,7950
20240227,09:28:19,279.95,50,7950
20240227,09:28:27,279.5,100,7950
20240227,09:29:30,279.5,150,7950
20240227,09:29:45,278.35,50,7950
20240227,09:30:40,278.35,50,7950
20240227,09:30:48,285.15,100,7950
20240227,09:32:46,278.9,700,8200
20240227,09:34:27,276.0,50,8900
20240227,09:34:59,276.0,100,8900
20240227,09:35:32,281.8,50,8900
20240227,09:35:55,280.7,50,8900
20240227,09:39:34,277.3,100,8850
20240227,09:40:05,275.0,150,8750
20240227,09:40:41,273.4,100,8750
20240227,09:41:04,271.6,50,8750
20240227,09:41:12,271.6,150,8750
20240227,09:41:36,277.0,50,8750
20240227,09:41:51,278.8,50,8750
20240227,09:42:07,278.9,50,8750
20240227,09:42:24,277.55,50,8750
20240227,09:43:18,281.45,50,8600
20240227,09:43:26,283.95,50,8600
20240227,09:44:51,281.5,100,8600
20240227,09:45:06,280.3,100,8600
20240227,09:46:46,281.5,200,8750
20240227,09:47:40,282.5,200,8750
20240227,09:47:48,277.9,200,8750
20240227,09:50:00,272.95,50,9000
20240227,09:50:09,272.25,50,9000
20240227,09:54:46,279.5,100,8900
20240227,09:54:55,283.45,50,8900
20240227,09:55:20,282.95,50,8850
20240227,09:56:24,280.35,100,8850
20240227,09:56:54,282.5,100,8850
20240227,09:57:25,278.7,100,8850
20240227,09:58:11,277.45,100,9000
20240227,10:00:55,272.0,50,9000
20240227,10:01:19,270.15,50,9100
20240227,10:01:53,270.0,100,9100
20240227,10:05:49,269.7,150,9200
20240227,10:06:15,269.7,200,9200
20240227,10:06:41,275.35,100,9200
20240227,10:08:19,283.85,100,9300
20240227,10:09:04,280.1,50,9300
20240227,10:09:26,284.0,100,9300
20240227,10:11:08,280.4,100,9300
20240227,10:13:18,284.9,100,9200
20240227,10:13:27,286.3,50,9200
20240227,10:13:52,288.1,50,9200
20240227,10:15:45,285.7,100,9200
20240227,10:17:23,285.7,50,9150
20240227,10:17:46,282.75,50,9150
20240227,10:20:29,286.0,50,9100
20240227,10:21:53,290.85,100,9100
20240227,10:23:22,288.75,200,8950
20240227,10:37:10,288.75,50,8950
20240227,10:40:29,287.0,50,8900
20240227,10:43:29,286.0,50,8850
20240227,10:46:02,280.0,50,8850
20240227,10:48:29,279.45,50,8850
20240227,10:50:07,279.45,100,8850
20240227,10:51:43,275.0,50,8850
20240227,10:54:39,277.0,50,9000
20240227,11:00:08,271.0,50,8950
20240227,11:06:24,275.4,50,9000
20240227,11:12:11,272.3,650,9000
20240227,11:13:00,271.45,50,9000
20240227,11:14:27,271.2,50,9650
20240227,11:20:13,278.0,50,9650
20240227,11:25:20,265.0,850,9700
20240227,11:28:10,264.85,100,9700
20240227,11:29:13,263.95,100,10550
20240227,11:29:28,263.95,50,10550
20240227,11:30:23,263.95,50,10550
20240227,11:34:09,262.45,50,10500
20240227,11:40:20,262.45,1000,10550
20240227,11:40:27,260.0,50,11550
20240227,11:40:43,260.0,250,11550
20240227,11:40:52,267.0,100,11550
20240227,11:41:15,266.05,700,11550
20240227,11:42:18,266.75,100,11550
20240227,11:44:52,265.0,50,12000
20240227,11:45:50,265.5,50,12000
20240227,11:46:02,266.4,250,12000
20240227,11:46:37,265.85,100,12100
20240227,11:46:57,264.6,50,12100
20240227,11:48:25,265.0,850,12100
20240227,11:55:35,269.3,200,12100
20240227,11:57:31,269.75,50,12950
20240227,11:59:45,267.45,250,12850
20240227,12:02:18,268.05,100,13050
20240227,12:02:45,271.0,400,13050
20240227,12:04:03,272.5,250,13050
20240227,12:05:25,278.0,50,12650
20240227,12:06:10,278.0,150,12650
20240227,12:06:24,279.8,150,12650
20240227,12:08:13,278.6,50,12700
20240227,12:09:11,278.6,50,12700
20240227,12:09:41,282.95,50,12700
20240227,12:13:20,278.75,50,12750
20240227,12:14:03,275.75,300,12700
20240227,12:14:31,274.45,50,12700
20240227,12:15:58,270.35,50,12700
20240227,12:17:41,279.5,50,12350
20240227,12:18:30,280.7,50,12350
20240227,12:20:30,281.0,200,12300
20240227,12:21:15,276.7,50,12300
20240227,12:23:42,278.25,50,12450
20240227,12:24:54,274.95,50,12450
20240227,12:36:22,271.8,50,12450
20240227,12:44:20,263.25,50,12450
20240227,12:44:50,262.45,50,12450
20240227,12:47:54,258.55,50,12500
20240227,12:48:20,258.55,200,12500
20240227,12:48:22,256.9,50,12500
20240227,12:48:29,255.2,50,12500
20240227,12:48:44,255.2,50,12500
20240227,12:49:10,250.0,550,12500
20240227,12:49:37,249.75,100,12600
20240227,12:51:04,249.75,250,12600
20240227,12:51:12,248.0,50,12600
20240227,12:51:21,245.0,100,12600
20240227,12:54:12,248.4,50,12350
20240227,12:55:28,241.25,50,12350
20240227,12:56:02,241.25,50,12400
20240227,12:56:10,241.75,50,12400
20240227,12:57:47,246.2,200,12400
20240227,12:57:55,243.2,50,12400
20240227,12:58:04,243.2,50,12400
20240227,12:58:42,243.2,50,12700
20240227,12:59:15,243.6,50,12700
20240227,12:59:32,243.6,50,12700
20240227,12:59:39,242.4,50,12700
20240227,13:00:04,240.65,50,12700
20240227,13:01:39,240.65,50,12800
20240227,13:01:54,246.45,50,12800
20240227,13:02:10,244.6,50,12800
20240227,13:03:26,248.0,100,12800
20240227,13:04:18,245.75,50,12800
20240227,13:04:54,244.2,50,12900
20240227,13:05:09,246.9,200,12900
20240227,13:07:12,246.85,50,12900
20240227,13:07:43,248.65,100,13050
20240227,13:08:46,248.95,50,13050
20240227,13:09:01,247.9,150,13050
20240227,13:09:53,249.5,100,13050
20240227,13:10:09,250.2,50,13050
20240227,13:10:40,247.95,100,13000
20240227,13:10:54,247.9,500,13000
20240227,13:12:28,245.0,250,13000
20240227,13:12:35,245.0,500,13000
20240227,13:12:42,246.45,150,13000
20240227,13:13:54,246.75,100,13550
20240227,13:14:32,244.35,50,13550
20240227,13:14:40,243.2,50,13550
20240227,13:14:57,241.7,50,13550
20240227,13:16:52,245.0,700,13750
20240227,13:16:59,245.0,50,13750
20240227,13:19:31,241.85,300,13750
20240227,13:19:48,241.05,50,14400
20240227,13:19:58,239.85,450,14400
20240227,13:22:01,239.85,50,14400
20240227,13:22:44,246.15,100,14450
20240227,13:23:15,246.95,50,14450
20240227,13:24:29,247.0,50,14450
20240227,13:25:34,247.95,150,14450
20240227,13:27:21,247.95,650,14600
20240227,13:27:41,246.05,100,14600
20240227,13:28:17,247.0,100,14600
20240227,13:29:31,250.7,50,15050
20240227,13:29:48,252.0,50,15050
20240227,13:30:04,251.05,50,15050
20240227,13:34:11,247.1,50,15150
20240227,13:38:16,252.0,500,15100
20240227,13:39:16,249.9,50,15100
20240227,13:44:17,254.2,200,14850
20240227,13:44:24,254.9,100,14850
20240227,13:45:29,259.15,200,14850
20240227,13:45:52,259.25,50,14850
20240227,13:46:07,261.45,150,14850
20240227,13:46:23,261.3,200,14850
20240227,13:48:03,260.05,100,14950
20240227,13:48:21,265.0,100,14950
20240227,13:48:38,269.0,100,14950
20240227,13:48:55,270.5,50,14950
20240227,13:49:11,268.8,100,14950
20240227,13:49:34,265.35,50,14950
20240227,13:50:18,266.55,50,14800
20240227,13:51:39,261.0,50,14800
20240227,13:53:03,256.05,100,14700
20240227,13:54:50,261.15,100,14700
20240227,13:56:35,268.15,50,14600
20240227,13:58:32,267.6,50,14600
20240227,14:03:15,269.75,50,14500
20240227,14:03:22,266.8,50,14500
20240227,14:06:22,258.45,150,14550
20240227,14:08:48,257.85,250,14600
20240227,14:15:21,250.0,50,14600
20240227,14:15:52,248.6,100,14600
20240227,14:16:07,246.1,50,14600
20240227,14:16:54,249.4,50,14650
20240227,14:17:32,251.4,50,14650
20240227,14:17:54,249.0,150,14650
20240227,14:19:11,250.95,50,14650
20240227,14:19:40,251.85,50,14650
20240227,14:20:45,253.0,50,14650
20240227,14:21:22,250.7,50,14650
20240227,14:21:29,251.75,250,14650
20240227,14:21:36,250.85,100,14650
20240227,14:22:11,248.8,50,14650
20240227,14:22:33,248.3,50,14650
20240227,14:23:37,249.0,50,14700
20240227,14:25:06,256.1,100,14700
20240227,14:25:23,256.95,250,14700
20240227,14:25:52,257.0,50,14700
20240227,14:27:40,259.95,50,14700
20240227,14:27:55,260.0,100,14700
20240227,14:28:02,260.0,50,14700
20240227,14:33:33,259.05,50,14650
20240227,14:33:47,259.05,200,14650
20240227,14:34:29,255.0,50,14650
20240227,14:34:45,253.0,50,14650
20240227,14:36:34,249.85,50,14950
20240227,14:36:55,247.95,250,14950
20240227,14:37:54,252.95,100,14950
20240227,14:38:02,251.45,50,14950
20240227,14:41:42,249.95,50,14950
20240227,14:43:32,249.95,50,14850
20240227,14:44:06,247.75,50,14950
20240227,14:48:33,249.8,950,14950
20240227,14:51:15,257.05,50,14000
20240227,14:53:56,250.65,50,14000
20240227,15:01:14,245.0,50,14000
20240227,15:02:07,244.5,50,14100
20240227,15:04:22,240.0,450,14100
20240227,15:04:30,238.0,150,14100
20240227,15:05:24,238.0,100,14650
20240227,15:06:09,236.65,50,14650
20240227,15:06:17,236.65,200,14650
20240227,15:06:32,236.9,200,14650
20240227,15:06:39,237.5,100,14650
20240227,15:07:34,243.0,200,14650
20240227,15:07:49,243.0,50,14650
20240227,15:08:19,242.4,50,14650
20240227,15:09:59,240.2,100,14650
20240227,15:14:15,241.55,100,14650
20240227,15:15:23,245.35,50,14650
20240227,15:15:30,245.85,50,14650
20240227,15:15:45,247.85,50,14650
20240227,15:16:39,249.25,200,14650
20240227,15:16:41,249.15,50,14650
20240227,15:17:51,247.0,300,14700
20240227,15:18:06,246.1,50,14700
20240227,15:18:13,246.1,50,14700
20240227,15:20:03,249.5,150,14650
20240227,15:20:09,250.75,200,14650
20240227,15:20:10,250.75,200,14650
20240227,15:20:11,251.6,200,14650
20240227,15:20:18,251.6,200,14650
20240227,15:20:19,252.55,200,14650
20240227,15:20:21,252.9,600,14650
20240227,15:20:22,252.9,50,14650
20240227,15:20:23,252.85,200,14650
20240227,15:20:24,252.8,100,14650
20240227,15:20:24,254.5,50,14650
20240227,15:20:38,253.45,50,14650
20240227,15:20:50,255.0,50,14650
20240227,15:22:23,250.5,50,14650
20240227,15:22:31,249.45,50,14650
20240227,15:22:39,247.9,150,14650
20240227,15:24:28,246.0,300,13500
20240227,15:24:55,245.7,50,13500
20240227,15:25:23,248.2,50,13500
20240227,15:25:37,250.25,250,13500
20240227,15:26:56,249.4,50,13800
20240227,15:27:37,248.3,450,13800
20240227,15:28:32,248.3,50,13800
20240227,15:29:15,249.4,50,13750
20240227,15:29:22,249.35,50,13750
20240228,09:15:06,247.5,1,13800
20240228,09:15:06,247.5,50,13800
20240228,09:16:04,243.55,50,13800
20240228,09:16:23,243.55,50,13900
20240228,09:16:35,239.3,50,13900
20240228,09:16:41,239.3,50,13900
20240228,09:16:57,243.2,50,13900
20240228,09:21:13,243.2,50,13950
20240228,09:22:13,243.1,50,14000
20240228,09:22:41,240.0,150,14000
20240228,09:22:48,240.0,50,14000
20240228,09:23:08,238.05,100,14000
20240228,09:23:15,238.05,50,14000
20240228,09:25:58,238.05,300,14100
20240228,09:27:11,244.05,50,14100
20240228,09:27:26,245.0,50,14100
20240228,09:27:35,245.0,650,14100
20240228,09:27:51,243.4,100,14100
20240228,09:28:41,246.1,200,13350
20240228,09:32:55,244.05,50,13350
20240228,09:34:09,243.8,450,13400
20240228,09:35:48,243.5,50,13400
20240228,09:43:12,239.2,50,13800
20240228,09:43:27,239.3,50,13800
20240228,09:43:56,239.4,50,13800
20240228,09:47:28,239.75,50,13800
20240228,09:51:01,239.75,50,13750
20240228,09:51:35,240.65,50,13750
20240228,09:54:15,244.3,150,13700
20240228,09:54:22,243.95,100,13700
20240228,09:58:27,246.0,150,13850
20240228,09:58:56,242.6,450,13850
20240228,10:00:28,250.85,100,13850
20240228,10:02:01,250.85,250,13950
20240228,10:03:39,246.0,50,13950
20240228,10:06:21,236.7,100,13950
20240228,10:07:04,235.15,50,13950
20240228,10:07:12,235.15,50,13850
20240228,10:08:06,228.0,50,13850
20240228,10:08:14,228.0,50,13850
20240228,10:08:23,231.15,200,13850
20240228,10:08:46,231.15,150,13850
20240228,10:09:01,229.5,500,13850
20240228,10:10:02,231.85,50,13850
20240228,10:10:18,230.0,50,14500
20240228,10:10:55,228.0,50,14500
20240228,10:11:03,227.1,100,14500
20240228,10:11:11,227.1,100,14500
20240228,10:12:01,232.7,100,14500
20240228,10:13:14,230.0,50,14700
20240228,10:14:41,234.35,100,14700
20240228,10:16:23,229.0,50,14750
20240228,10:21:48,230.8,100,14700
20240228,10:22:44,229.55,50,14750
20240228,10:22:52,230.3,50,14750
20240228,10:24:04,232.35,50,14750
20240228,10:26:17,230.0,50,14800
20240228,10:33:10,234.6,100,14850
20240228,10:34:27,235.15,100,14750
20240228,10:35:36,237.55,50,14750
20240228,10:37:25,235.15,50,14600
20240228,10:38:37,240.0,100,14600
20240228,10:41:18,241.0,150,14650
20240228,10:46:21,241.0,150,14650
20240228,10:47:06,243.9,1250,14650
20240228,10:47:15,242.65,50,14650
20240228,10:47:39,243.95,200,14650
20240228,10:48:25,245.0,50,14650
20240228,10:49:29,247.0,50,13550
20240228,10:50:11,250.85,50,13550
20240228,10:50:21,248.8,50,13550
20240228,10:50:31,258.4,250,13550
20240228,10:50:58,258.4,50,13550
20240228,10:51:09,268.35,1050,13550
20240228,10:51:20,273.6,100,13550
20240228,10:51:31,273.6,50,13550
20240228,10:51:56,273.25,50,13550
20240228,10:52:03,280.0,300,13550
20240228,10:52:19,280.0,50,13300
20240228,10:52:20,279.1,50,13300
20240228,10:52:40,270.8,550,13300
20240228,10:52:41,270.5,150,13300
20240228,10:53:40,278.15,350,13300
20240228,10:53:57,280.0,50,13300
20240228,10:54:16,282.2,50,13300
20240228,10:54:53,282.2,50,13300
20240228,10:55:09,282.2,50,13300
20240228,10:55:45,277.4,100,13250
20240228,10:55:54,274.8,100,13250
20240228,10:56:20,279.45,50,13250
20240228,10:56:46,277.2,50,13250
20240228,10:57:11,283.1,100,13250
20240228,10:57:20,285.1,100,13250
20240228,10:57:31,286.0,350,13250
20240228,10:57:42,290.0,200,13250
20240228,10:57:52,293.25,100,13250
20240228,10:58:02,295.0,50,13250
20240228,10:58:34,300.35,50,12600
20240228,10:58:43,300.35,50,12600
20240228,10:58:52,295.95,100,12600
20240228,10:59:26,298.7,200,12600
20240228,10:59:34,298.45,250,12600
20240228,10:59:42,298.7,150,12600
20240228,10:59:50,302.15,200,12600
20240228,10:59:58,303.0,50,12600
20240228,11:00:09,309.55,1850,12600
20240228,11:00:19,311.5,400,12600
20240228,11:00:29,318.45,200,12600
20240228,11:00:40,321.0,200,12600
20240228,11:00:59,319.1,50,12600
20240228,11:01:08,319.05,100,12600
20240228,11:01:17,319.2,50,12600
20240228,11:01:42,309.15,550,11100
20240228,11:02:09,309.8,100,11100
20240228,11:02:17,306.85,100,11100
20240228,11:02:43,306.7,150,11100
20240228,11:02:53,308.45,100,11100
20240228,11:03:27,312.75,50,11100
20240228,11:03:44,313.2,50,11100
20240228,11:03:52,317.0,50,11100
20240228,11:04:51,323.6,150,10450
20240228,11:05:28,333.75,150,10450
20240228,11:05:53,333.75,150,10450
20240228,11:06:02,322.7,200,10450
20240228,11:06:20,315.8,50,10450
20240228,11:06:28,313.65,100,10450
20240228,11:06:53,312.55,100,10450
20240228,11:07:11,316.65,100,10450
20240228,11:07:22,318.2,100,10450
20240228,11:07:46,315.75,100,9900
20240228,11:08:02,315.15,100,9900
20240228,11:08:44,323.3,200,9900
20240228,11:09:41,320.55,50,9900
20240228,11:10:04,315.35,50,9900
20240228,11:10:20,314.5,50,9900
20240228,11:10:28,316.65,100,9550
20240228,11:10:36,316.65,50,9550
20240228,11:10:44,319.3,150,9550
20240228,11:11:09,318.9,50,9550
20240228,11:11:32,323.0,100,9550
20240228,11:14:03,305.65,50,9300
20240228,11:14:12,307.4,50,9300
20240228,11:14:38,315.0,50,9300
20240228,11:15:41,310.15,100,9300
20240228,11:15:48,310.4,100,9300
20240228,11:16:11,310.65,50,9300
20240228,11:16:19,310.6,50,9300
20240228,11:16:34,307.8,100,9100
20240228,11:19:43,303.0,50,9100
20240228,11:19:52,305.6,50,9100
20240228,11:20:00,305.15,800,9100
20240228,11:20:15,304.95,100,9100
20240228,11:21:03,307.95,100,9100
20240228,11:22:52,312.55,150,9000
20240228,11:23:15,310.35,50,9000
20240228,11:24:36,311.75,100,9000
20240228,11:26:24,317.5,200,8800
20240228,11:27:31,320.45,150,8800
20240228,11:28:23,316.6,50,8800
20240228,11:28:52,315.7,100,9000
20240228,11:30:30,318.85,50,9000
20240228,11:32:01,316.45,50,9050
20240228,11:33:38,307.9,100,9050
20240228,11:34:07,309.1,100,9050
20240228,11:37:28,312.4,50,8950
20240228,11:40:59,315.8,50,8950
20240228,11:43:17,320.95,50,8950
20240228,11:43:26,318.95,50,8950
20240228,11:43:40,318.6,50,9000
20240228,11:44:27,322.35,100,9000
20240228,11:45:16,342.6,100,9000
20240228,11:45:33,342.6,150,9000
20240228,11:45:50,342.95,150,9000
20240228,11:45:57,340.35,50,9000
20240228,11:46:06,350.0,250,9000
20240228,11:46:16,350.0,100,9000
20240228,11:46:25,351.55,100,9000
20240228,11:46:50,351.55,100,8550
20240228,11:46:59,340.85,50,8550
20240228,11:47:40,332.15,50,8550
20240228,11:47:57,330.15,100,8550
20240228,11:48:05,331.0,100,8550
20240228,11:48:37,328.45,100,8550
20240228,11:49:00,325.4,100,8550
20240228,11:50:03,323.3,200,8250
20240228,11:50:11,323.8,50,8250
20240228,11:51:11,327.95,100,8250
20240228,11:51:42,328.55,100,8250
20240228,11:53:55,329.7,200,8050
20240228,11:54:03,328.0,50,8050
20240228,11:57:52,328.3,50,8150
20240228,11:58:08,333.1,200,8150
20240228,11:58:17,332.0,300,8150
20240228,12:01:09,331.05,200,7800
20240228,12:01:36,334.5,200,7700
20240228,12:02:01,332.8,100,7700
20240228,12:02:34,333.5,100,7700
20240228,12:04:07,339.2,100,7700
20240228,12:05:14,341.6,50,7400
20240228,12:05:38,338.95,50,7400
20240228,12:06:11,337.7,50,7400
20240228,12:06:45,341.3,100,7400
20240228,12:09:46,334.0,100,7350
20240228,12:10:40,339.85,100,7250
20240228,12:11:04,334.5,100,7250
20240228,12:14:29,324.75,100,7200
20240228,12:18:11,326.3,100,7200
20240228,12:22:04,322.9,100,7100
20240228,12:27:38,329.2,50,7100
20240228,12:28:39,330.45,50,7050
20240228,12:28:47,328.9,100,7050
20240228,12:29:02,327.85,100,7050
20240228,12:30:47,331.3,50,7050
20240228,12:30:55,329.2,50,7050
20240228,12:31:02,331.85,100,7050
20240228,12:31:41,332.3,100,6850
20240228,12:33:10,331.9,50,6850
20240228,12:36:36,338.5,100,6850
20240228,12:37:42,336.1,100,6850
20240228,12:37:49,334.1,50,6850
20240228,12:38:33,331.95,150,6850
20240228,12:40:52,333.75,100,6850
20240228,12:42:51,329.35,100,6800
20240228,12:48:31,331.85,50,6900
20240228,12:49:42,332.9,50,6900
20240228,12:52:25,332.55,250,6900
20240228,12:55:08,348.0,250,6900
20240228,12:55:26,342.7,50,6900
20240228,12:56:08,348.65,50,6750
20240228,12:56:18,348.15,100,6750
20240228,12:56:26,345.0,100,6750
20240228,12:56:34,348.7,100,6750
20240228,12:56:43,351.25,100,6750
20240228,12:57:36,350.5,100,6750
20240228,12:58:45,360.0,200,6750
20240228,12:58:55,362.65,50,7000
20240228,12:59:06,368.5,750,7000
20240228,12:59:16,373.45,50,7000
20240228,12:59:35,373.45,200,7000
20240228,12:59:44,372.9,100,7000
20240228,13:00:54,380.65,100,7000
20240228,13:01:04,384.0,150,7000
20240228,13:01:14,379.4,50,7000
20240228,13:01:31,376.9,50,7000
20240228,13:01:48,378.05,200,7450
20240228,13:02:22,372.35,50,7450
20240228,13:02:31,367.05,150,7450
20240228,13:04:32,367.2,50,7450
20240228,13:07:05,381.2,100,7400
20240228,13:07:15,386.65,100,7400
20240228,13:08:05,400.0,100,7500
20240228,13:08:51,400.45,100,7500
20240228,13:09:23,400.45,100,7500
20240228,13:09:55,390.0,150,7500
20240228,13:10:20,390.1,600,7500
20240228,13:10:28,392.2,200,7500
20240228,13:10:36,392.0,100,7500
20240228,13:12:20,398.4,50,7450
20240228,13:16:41,389.2,100,7500
20240228,13:17:04,383.85,100,7500
20240228,13:17:53,377.3,100,7500
20240228,13:19:08,369.65,50,7500
20240228,13:19:45,369.65,50,7500
20240228,13:20:13,370.25,50,7400
20240228,13:23:12,362.4,100,7450
20240228,13:24:41,353.35,100,7450
20240228,13:25:48,356.2,200,7350
20240228,13:25:55,355.6,100,7350
20240228,13:26:10,355.95,100,7350
20240228,13:26:43,357.9,50,7350
20240228,13:29:28,362.8,100,7400
20240228,13:29:36,360.5,100,7400
20240228,13:30:26,360.45,100,7400
20240228,13:30:33,358.25,100,7400
20240228,13:31:37,351.85,100,7400
20240228,13:32:57,335.0,250,7300
20240228,13:33:38,337.25,100,7300
20240228,13:34:23,342.2,100,7300
20240228,13:38:57,345.0,50,7400
20240228,13:40:04,345.0,100,7400
20240228,13:40:46,345.85,100,7400
20240228,13:41:31,346.35,100,7500
20240228,13:41:39,347.45,100,7500
20240228,13:42:00,348.1,200,7500
20240228,13:46:59,351.55,200,7700
20240228,13:47:29,355.1,50,7700
20240228,13:49:47,352.1,200,7700
20240228,13:50:57,351.9,100,7750
20240228,13:57:43,348.45,100,7650
20240228,13:58:05,347.05,100,7650
20240228,13:58:40,340.65,700,7650
20240228,13:59:08,341.5,100,7200
20240228,14:01:08,336.1,100,7200
20240228,14:02:53,337.05,100,7200
20240228,14:03:35,336.9,100,7200
20240228,14:04:37,338.7,100,7200
20240228,14:05:46,332.9,100,7200
20240228,14:06:10,329.95,100,7200
20240228,14:06:18,329.8,50,7200
20240228,14:07:07,328.9,50,7200
20240228,14:07:46,326.45,550,7200
20240228,14:08:02,327.0,200,7500
20240228,14:10:09,327.0,100,7500
20240228,14:10:37,325.7,100,7500
20240228,14:11:19,330.25,100,7400
20240228,14:12:00,328.6,100,7400
20240228,14:15:31,330.1,100,7500
20240228,14:15:38,331.55,50,7500
20240228,14:15:45,332.7,50,7500
20240228,14:17:42,335.4,100,7600
20240228,14:18:02,337.15,100,7600
20240228,14:18:09,334.0,100,7600
20240228,14:19:32,339.9,100,7600
20240228,14:19:39,340.5,100,7600
20240228,14:20:33,345.55,700,7600
20240228,14:21:16,342.45,100,7600
20240228,14:21:23,339.65,100,7600
20240228,14:22:33,343.9,100,7600
20240228,14:22:40,342.3,100,7600
20240228,14:23:41,342.3,50,8400
20240228,14:26:21,340.3,100,8450
20240228,14:27:11,338.9,100,8450
20240228,14:32:36,341.45,100,8350
20240228,14:33:28,360.0,500,8350
20240228,14:33:48,361.3,350,8350
20240228,14:34:06,364.6,700,8350
20240228,14:34:39,365.05,100,8350
20240228,14:35:03,367.1,50,8700
20240228,14:35:11,365.65,100,8700
20240228,14:35:36,358.5,50,8700
20240228,14:35:52,355.1,100,8700
20240228,14:38:40,372.45,200,8750
20240228,14:41:28,364.4,100,8750
20240228,14:43:08,364.8,100,8750
20240228,14:43:26,368.8,100,8750
20240228,14:43:36,373.25,100,8750
20240228,14:43:53,374.75,100,8750
20240228,14:44:17,373.7,100,8750
20240228,14:46:49,361.45,100,8750
20240228,14:47:28,359.7,50,8750
20240228,14:47:45,353.25,300,8750
20240228,14:48:36,348.75,50,8750
20240228,14:49:01,341.1,50,8750
20240228,14:56:02,364.15,100,8700
20240228,14:56:56,366.0,200,8700
20240228,14:58:09,371.1,100,8700
20240228,14:59:54,367.7,100,8700
20240228,15:00:11,373.8,100,8700
20240228,15:05:20,355.8,100,8650
20240228,15:05:43,353.65,150,8650
20240228,15:07:24,356.7,100,8650
20240228,15:08:37,375.0,150,8650
20240228,15:11:03,394.0,50,8650
20240228,15:11:42,392.9,100,8800
20240228,15:12:09,398.8,100,8800
20240228,15:12:59,396.65,50,8800
20240228,15:17:02,405.4,50,8800
20240228,15:18:57,405.7,50,8800
20240228,15:20:06,405.7,400,8800
20240228,15:20:14,400.9,600,8800
20240228,15:20:22,401.65,100,8800
20240228,15:21:10,401.2,750,8800
20240228,15:21:50,398.8,50,8800
20240228,15:25:33,403.55,100,7700
20240228,15:27:03,405.0,50,7700
20240228,15:27:28,405.1,550,7700
20240228,15:29:21,408.0,100,7500
20240228,15:29:32,408.0,550,7500
20240229,09:22:33,402.85,1,7450
20240229,09:22:33,402.85,100,7450
20240229,09:27:55,365.0,50,7450
20240229,09:28:32,365.0,50,7450
20240229,09:41:50,365.0,650,7450
20240229,09:43:48,363.7,150,8100
20240229,09:47:53,360.0,1000,8100
20240229,09:51:44,360.0,400,7850
20240229,09:52:02,365.5,250,7850
20240229,09:56:55,334.05,50,7450
20240229,10:01:15,327.95,100,7450
20240229,10:01:58,327.95,50,7350
20240229,10:02:41,330.0,750,7350
20240229,10:15:14,408.95,1000,7350
20240229,10:15:24,408.95,200,7350
20240229,10:15:34,397.95,100,7350
20240229,10:32:39,393.05,50,6100
20240229,10:34:15,402.25,100,6100
20240229,10:36:57,400.75,100,6000
20240229,10:54:41,392.35,450,6000
20240229,11:06:50,381.0,500,6450
20240229,11:08:10,377.0,500,6950
20240229,11:10:55,359.4,100,6450
20240229,11:14:52,338.5,50,6450
20240229,11:15:12,332.7,50,6450
20240229,11:16:08,327.25,50,6450
20240229,11:16:45,327.25,100,6450
20240229,11:17:21,329.45,50,6450
20240229,11:20:18,349.9,100,6500
20240229,11:20:35,346.35,50,6500
20240229,11:22:59,344.9,250,6600
20240229,11:24:08,348.85,50,6600
20240229,11:27:32,338.3,50,6300
20240229,11:27:49,342.45,50,6300
20240229,11:27:57,344.8,50,6300
20240229,11:28:22,347.6,150,6300
20240229,11:28:52,362.15,650,6350
20240229,11:29:03,364.1,50,6350
20240229,11:29:53,361.85,300,6350
20240229,11:32:00,348.0,50,6600
20240229,11:32:36,340.3,50,6600
20240229,11:32:44,333.9,150,6600
20240229,11:32:46,336.05,50,6600
20240229,11:33:00,337.15,50,6600
20240229,11:35:18,346.3,50,6750
20240229,11:40:24,348.6,150,6800
20240229,11:40:32,349.25,250,6800
20240229,11:40:40,346.85,200,6800
20240229,11:52:17,352.0,200,6850
20240229,11:58:31,347.85,400,7050
20240229,12:07:34,336.8,100,7050
20240229,12:20:27,342.95,50,7150
20240229,12:22:33,345.2,650,7150
20240229,12:24:23,355.35,400,7750
20240229,12:27:56,352.0,350,7750
20240229,12:30:28,379.2,50,7750
20240229,12:32:15,382.45,50,7700
20240229,12:32:46,376.15,50,7700
20240229,12:32:53,374.35,450,7700
20240229,12:34:46,357.05,150,7700
20240229,12:36:14,353.95,50,7850
20240229,12:45:03,341.8,50,7900
20240229,12:52:02,348.8,200,7850
20240229,12:54:02,345.4,800,7850
20240229,13:03:28,344.9,50,8050
20240229,13:10:13,342.8,50,8100
20240229,13:14:44,334.3,50,8100
20240229,13:19:58,334.4,50,8100
20240229,13:20:06,335.3,50,8100
20240229,13:23:14,335.25,50,8150
20240229,13:23:32,333.65,50,8150
20240229,13:26:37,332.2,50,8200
20240229,13:30:35,331.45,50,8150
20240229,13:31:09,331.9,50,8150
20240229,13:31:18,331.45,50,8150
20240229,13:33:52,329.5,650,8250
20240229,13:35:36,328.9,50,8850
20240229,13:41:06,350.0,50,8850
20240229,13:50:28,321.2,200,8900
20240229,13:54:24,321.2,50,8900
20240229,13:56:32,330.7,50,8850
20240229,13:57:31,334.2,50,8850
20240229,13:59:34,325.85,50,8900
20240229,14:00:18,331.25,400,8900
20240229,14:01:49,336.15,50,8900
20240229,14:02:20,335.55,50,9350
20240229,14:04:30,341.35,400,9350
20240229,14:06:12,342.5,50,9400
20240229,14:06:29,346.0,50,9400
20240229,14:09:58,351.0,50,9450
20240229,14:14:08,342.7,50,9450
20240229,14:14:24,338.95,50,9450
20240229,14:14:33,334.35,100,9450
20240229,14:14:58,332.45,50,9450
20240229,14:15:30,330.0,50,9450
20240229,14:15:38,330.95,450,9450
20240229,14:31:34,361.0,50,9450
20240229,14:32:39,358.85,50,9450
20240229,14:33:37,362.45,50,9450
20240229,14:35:31,363.05,100,9400
20240229,14:42:01,348.05,50,9500
20240229,14:43:32,328.45,50,9500
20240229,14:43:41,328.45,50,9500
20240229,14:45:35,315.9,50,9500
20240229,14:46:05,315.9,100,9500
20240229,14:47:28,321.6,100,9500
20240229,14:48:04,322.5,50,9500
20240229,14:52:22,323.35,200,9450
20240229,14:54:35,322.75,50,9500
20240229,14:54:45,326.1,50,9500
20240229,14:54:54,328.9,100,9500
20240229,14:55:03,331.0,50,9500
20240229,14:55:23,335.95,100,9500
20240229,14:55:41,323.65,100,9500
20240229,14:55:45,326.05,100,9500
20240229,14:56:09,332.8,50,9500
20240229,14:58:12,340.0,50,9550
20240229,14:58:21,339.15,1000,9550
20240229,14:58:31,342.9,50,9550
20240229,14:59:56,344.5,50,10000
20240229,15:00:44,347.9,100,10000
20240229,15:00:54,355.4,50,10000
20240229,15:01:13,354.75,50,10000
20240229,15:01:23,349.2,50,10000
20240229,15:02:19,351.9,50,10100
20240229,15:04:33,347.1,50,10100
20240229,15:07:33,337.6,50,10050
20240229,15:10:19,333.4,50,10100
20240229,15:10:27,331.75,50,10100
20240229,15:10:43,334.6,50,10100
20240229,15:12:05,324.0,50,10050
20240229,15:13:54,315.0,50,10050
20240229,15:14:36,311.1,50,9950
20240229,15:14:54,308.65,50,9950
20240229,15:15:59,295.25,50,9950
20240229,15:16:08,295.25,50,9950
20240229,15:16:26,294.95,100,9950
20240229,15:16:55,294.0,50,9950
20240229,15:17:20,294.0,500,10100
20240229,15:17:36,293.75,100,10100
20240229,15:17:44,293.75,50,10100
20240229,15:17:53,297.0,50,10100
20240229,15:18:18,301.65,50,10100
20240229,15:19:11,296.5,650,10100
20240229,15:20:04,293.2,200,10100
20240229,15:20:06,293.0,200,10100
20240229,15:20:09,292.85,200,10100
20240229,15:20:10,292.45,200,10100
20240229,15:20:11,292.45,50,10100
20240229,15:20:12,292.65,50,10100
20240229,15:20:15,291.85,200,10100
20240229,15:20:23,291.25,200,10150
20240229,15:20:28,290.8,150,10150
20240229,15:21:10,289.1,150,10150
20240229,15:21:11,289.1,100,10150
20240229,15:23:53,289.0,50,9350
20240229,15:25:19,289.0,50,9350
20240229,15:26:35,284.1,200,9300
20240229,15:28:27,283.4,600,9300
