date,time,tick_price,volume,open_interest
20231215,09:16:20,10.0,500,600
20231215,09:16:56,9.95,100,600
20231215,09:18:11,9.7,150,600
20231215,09:18:17,9.7,50,600
20231215,09:18:22,9.45,600,600
20231215,09:18:43,8.9,1600,600
20231215,09:18:52,8.65,900,600
20231215,09:19:00,8.65,250,600
20231215,09:21:48,8.65,50,4150
20231215,09:23:14,8.85,50,4150
20231215,09:24:55,8.8,50,4200
20231215,09:27:10,8.6,50,4250
20231215,09:31:45,8.6,50,4300
20231215,09:31:53,8.25,200,4300
20231215,09:32:01,8.25,100,4300
20231215,09:32:09,8.25,100,4300
20231215,09:32:51,8.25,1000,4750
20231215,09:34:53,8.25,50,4750
20231215,09:38:26,8.85,300,5750
20231215,09:39:02,7.9,300,5750
20231215,09:40:48,7.9,200,5750
20231215,09:42:05,8.05,250,5950
20231215,09:44:06,8.25,100,5950
20231215,09:45:47,8.75,50,6200
20231215,09:54:08,8.75,50,6250
20231215,09:57:31,8.05,100,6300
20231215,10:03:33,8.5,100,6300
20231215,10:06:30,8.75,100,6200
20231215,10:13:04,7.95,1200,6300
20231215,10:13:21,8.9,1000,6300
20231215,10:13:49,8.85,200,6300
20231215,10:18:45,8.35,200,6750
20231215,10:25:29,8.95,200,6550
20231215,10:25:56,8.95,50,6550
20231215,10:28:24,9.0,200,6550
20231215,10:43:21,9.45,400,6750
20231215,10:48:50,9.1,100,7150
20231215,10:50:35,8.15,400,7150
20231215,10:53:05,7.9,100,6850
20231215,10:55:30,8.9,100,6750
20231215,11:08:51,7.9,50,6850
20231215,11:15:36,7.75,50,6800
20231215,11:15:52,7.75,100,6800
20231215,11:21:31,8.2,150,6850
20231215,11:41:19,8.85,50,6850
20231215,11:41:27,7.65,250,6850
20231215,11:42:36,7.65,100,6900
20231215,11:46:51,8.3,200,6900
20231215,11:48:28,8.3,550,6900
20231215,11:48:58,8.3,800,6900
20231215,12:03:06,9.95,50,6900
20231215,12:16:31,8.3,50,6950
20231215,12:18:32,9.35,50,6950
20231215,12:33:52,9.3,50,6950
20231215,12:43:36,8.05,500,7000
20231215,12:43:49,8.75,50,7000
20231215,12:44:26,8.3,50,7000
20231215,12:44:43,8.7,50,7000
20231215,12:45:38,8.45,50,7050
20231215,12:52:17,8.85,500,7000
20231215,12:52:44,8.4,500,7000
20231215,13:13:10,8.95,50,7000
20231215,13:13:21,8.8,100,7000
20231215,13:15:10,8.6,200,7150
20231215,13:15:16,8.6,100,7150
20231215,13:16:32,8.65,100,7150
20231215,13:29:46,8.6,350,7050
20231215,13:30:57,8.6,650,7150
20231215,13:32:43,8.7,200,7150
20231215,13:33:42,8.7,50,7050
20231215,13:37:40,8.6,200,7050
20231215,13:53:12,9.6,200,7050
20231215,13:53:44,9.15,100,7050
20231215,14:02:36,9.25,50,7150
20231215,14:02:44,8.9,150,7150
20231215,14:15:48,9.35,50,7050
20231215,14:17:49,9.05,50,7050
20231215,14:17:56,9.05,50,7050
20231215,14:18:11,9.05,150,7050
20231215,14:21:59,9.35,50,7150
20231215,14:23:32,9.2,50,7150
20231215,14:24:34,8.1,250,7250
20231215,14:26:33,9.05,100,7250
20231215,14:29:29,9.1,100,7000
20231215,14:31:01,9.05,100,7100
20231215,14:31:34,9.25,100,7100
20231215,14:32:44,9.55,150,7100
20231215,14:33:55,9.4,50,7250
20231215,14:39:24,9.55,100,7300
20231215,14:43:04,9.35,200,7400
20231215,14:50:14,10.3,300,7300
20231215,14:50:23,10.3,50,7300
20231215,14:54:00,10.6,250,7300
20231215,14:56:02,11.3,250,7300
20231215,14:56:22,11.45,250,7300
20231215,14:57:30,11.45,100,7550
20231215,14:57:40,11.25,50,7550
20231215,14:58:09,11.8,50,7550
20231215,14:58:56,11.8,300,7550
20231215,15:00:45,12.45,50,7400
20231215,15:01:17,13.5,250,7400
20231215,15:01:28,13.5,50,7400
20231215,15:02:12,13.2,200,7400
20231215,15:02:21,13.25,100,7400
20231215,15:03:02,13.55,900,7400
20231215,15:03:13,14.7,100,7400
20231215,15:03:37,14.7,100,8500
20231215,15:03:49,14.7,200,8500
20231215,15:04:20,12.6,200,8500
20231215,15:04:31,12.4,600,8500
20231215,15:04:41,12.55,100,8500
20231215,15:05:20,12.55,200,8500
20231215,15:05:38,12.65,400,8500
20231215,15:05:47,13.0,500,8500
20231215,15:05:56,12.2,200,8500
20231215,15:06:24,12.75,50,8250
20231215,15:06:33,12.55,100,8250
20231215,15:07:00,12.7,500,8250
20231215,15:07:09,12.65,100,8250
20231215,15:07:18,12.35,200,8250
20231215,15:07:27,12.6,150,8250
20231215,15:07:53,12.5,350,8250
20231215,15:08:02,12.45,200,8250
20231215,15:08:12,12.45,250,8250
20231215,15:08:21,12.35,100,8250
20231215,15:08:57,12.45,200,8250
20231215,15:11:32,12.8,50,8800
20231215,15:11:41,12.8,50,8800
20231215,15:14:05,13.2,100,8600
20231215,15:14:35,13.25,50,8600
20231215,15:14:54,13.2,100,8600
20231215,15:15:14,13.25,100,8600
20231215,15:15:56,13.5,100,8900
20231215,15:16:07,13.7,600,8900
20231215,15:16:19,14.05,1000,8900
20231215,15:16:41,14.1,100,8900
20231215,15:16:51,14.45,200,8900
20231215,15:17:23,14.65,250,8900
20231215,15:18:05,15.3,300,8900
20231215,15:18:26,15.3,300,9450
20231215,15:18:46,15.0,50,9450
20231215,15:19:35,15.25,50,9450
20231215,15:19:56,15.6,200,9450
20231215,15:20:07,15.65,150,9450
20231215,15:20:19,15.65,450,9450
20231215,15:20:29,15.85,850,9450
20231215,15:20:39,15.6,400,9450
20231215,15:21:00,15.55,1500,9450
20231215,15:21:20,15.5,300,9450
20231215,15:21:44,15.35,850,9000
20231215,15:21:55,15.25,50,9000
20231215,15:22:04,15.0,350,9000
20231215,15:22:34,15.75,450,9000
20231215,15:23:13,15.5,50,9000
20231215,15:23:22,15.7,50,9000
20231215,15:23:31,15.8,100,9000
20231215,15:23:50,16.0,50,9000
20231215,15:24:08,16.0,900,9000
20231215,15:24:18,15.9,250,9000
20231215,15:24:37,16.0,500,10000
20231215,15:25:34,16.3,50,10000
20231215,15:26:36,16.3,50,10000
20231215,15:26:45,16.3,200,10000
20231215,15:27:42,16.1,50,10900
20231215,15:27:53,15.25,700,10900
20231215,15:28:03,15.95,100,10900
20231215,15:28:13,15.9,100,10900
20231215,15:28:23,15.55,50,10900
20231215,15:28:33,15.55,300,10900
20231215,15:29:11,15.25,50,10900
20231215,15:29:20,15.15,50,10900
20231215,15:29:39,15.3,50,10900
20231218,09:15:22,15.7,1,6600
20231218,09:15:22,15.65,450,6600
20231218,09:15:48,16.05,250,6600
20231218,09:16:05,16.45,350,6600
20231218,09:16:14,16.15,250,6600
20231218,09:16:48,16.15,100,6600
20231218,09:17:05,16.25,200,6600
20231218,09:17:14,15.85,100,6600
20231218,09:17:25,15.5,150,6600
20231218,09:17:58,15.35,1000,6950
20231218,09:18:10,15.3,250,6950
20231218,09:18:22,15.3,1900,6950
20231218,09:18:32,14.85,1700,6950
20231218,09:18:42,14.8,800,6950
20231218,09:18:54,15.15,500,6950
20231218,09:19:06,15.2,1150,6950
20231218,09:19:18,14.95,150,6950
20231218,09:19:40,14.45,1450,6950
20231218,09:19:50,14.0,550,6950
20231218,09:20:03,14.0,50,6950
20231218,09:20:25,13.15,600,6950
20231218,09:20:35,12.9,650,13100
20231218,09:20:46,12.9,600,13100
20231218,09:21:08,12.8,150,13100
20231218,09:21:19,12.65,100,13100
20231218,09:21:29,12.65,50,13100
20231218,09:21:39,12.75,50,13100
20231218,09:22:00,12.8,3500,13100
20231218,09:23:03,13.3,50,13100
20231218,09:23:23,13.55,550,13100
20231218,09:23:44,14.2,250,15850
20231218,09:24:05,14.25,700,15850
20231218,09:25:00,15.05,350,15850
20231218,09:25:11,15.2,1800,15850
20231218,09:26:12,15.55,50,15850
20231218,09:26:32,15.65,50,15850
20231218,09:26:42,15.95,100,18900
20231218,09:27:02,16.0,250,18900
20231218,09:27:31,16.0,50,18900
20231218,09:28:38,15.9,50,18900
20231218,09:28:47,15.75,200,18900
20231218,09:28:56,15.9,100,18900
20231218,09:29:23,16.1,50,18900
20231218,09:29:32,16.1,200,18900
20231218,09:29:41,16.55,300,19200
20231218,09:30:55,16.7,50,19200
20231218,09:31:05,16.8,950,19200
20231218,09:31:16,16.8,1050,19200
20231218,09:31:25,16.55,50,19200
20231218,09:31:35,16.5,150,19200
20231218,09:31:45,16.05,100,19200
20231218,09:31:54,15.9,150,19200
20231218,09:32:14,15.55,150,19200
20231218,09:34:17,15.6,100,18850
20231218,09:37:35,16.15,50,18850
20231218,09:37:54,16.05,150,18850
20231218,09:38:03,16.1,250,18850
20231218,09:38:14,15.7,750,18850
20231218,09:38:25,15.7,250,18850
20231218,09:38:47,15.45,200,19200
20231218,09:38:59,15.4,50,19200
20231218,09:42:15,15.7,250,19350
20231218,09:43:09,15.6,250,19350
20231218,09:43:19,15.7,150,19350
20231218,09:45:29,16.2,250,19650
20231218,09:46:15,16.3,200,19650
20231218,09:47:12,16.1,250,19650
20231218,09:47:21,16.1,100,19650
20231218,09:48:33,15.95,50,20300
20231218,09:48:51,15.9,150,20300
20231218,09:48:59,15.95,250,20300
20231218,09:49:08,15.95,50,20300
20231218,09:51:29,16.1,500,20300
20231218,09:52:40,16.0,200,20300
20231218,09:52:49,15.75,300,20300
20231218,09:52:58,15.6,2400,20300
20231218,09:53:07,15.6,650,20300
20231218,09:53:16,15.55,250,20300
20231218,09:53:33,15.4,2400,20300
20231218,09:53:42,15.45,700,20950
20231218,09:56:33,15.9,50,20950
20231218,09:58:08,15.55,300,19850
20231218,10:00:50,15.85,50,19850
20231218,10:05:31,16.4,100,19850
20231218,10:06:20,16.3,50,19900
20231218,10:10:21,16.3,200,19950
20231218,10:12:36,16.5,250,19950
20231218,10:12:45,16.55,100,19950
20231218,10:13:13,16.45,50,19950
20231218,10:13:32,16.5,100,19950
20231218,10:13:41,16.5,100,19950
20231218,10:14:17,16.4,400,19950
20231218,10:14:43,16.4,50,19950
20231218,10:14:51,16.4,100,20750
20231218,10:15:09,16.45,100,20750
20231218,10:17:14,16.9,550,20750
20231218,10:17:24,16.9,50,20750
20231218,10:18:02,16.5,100,21200
20231218,10:18:11,16.2,1250,21200
20231218,10:19:14,16.05,200,21200
20231218,10:19:23,15.95,350,21200
20231218,10:19:32,16.0,50,21200
20231218,10:21:38,16.35,100,20600
20231218,10:22:22,16.15,150,20600
20231218,10:22:41,16.1,50,20600
20231218,10:23:08,16.05,150,20600
20231218,10:24:32,16.55,50,20750
20231218,10:25:30,16.7,50,20750
20231218,10:26:00,16.8,100,20750
20231218,10:26:09,16.95,200,20750
20231218,10:26:18,16.95,100,20750
20231218,10:28:47,17.0,100,20800
20231218,10:29:07,17.45,100,20800
20231218,10:29:18,17.5,450,20800
20231218,10:29:28,17.65,100,20800
20231218,10:31:47,17.8,50,20850
20231218,10:31:57,17.8,50,20850
20231218,10:32:06,17.4,50,20850
20231218,10:32:24,17.55,200,20850
20231218,10:33:27,17.45,100,20800
20231218,10:35:59,17.15,50,20900
20231218,10:36:08,17.15,50,20900
20231218,10:36:41,16.9,100,20900
20231218,10:37:08,16.9,100,20900
20231218,10:37:18,16.95,150,20900
20231218,10:38:07,16.4,100,20900
20231218,10:38:37,16.45,50,20900
20231218,10:39:58,16.25,50,21300
20231218,10:41:05,16.25,100,21300
20231218,10:41:23,16.4,50,21300
20231218,10:43:19,16.45,50,21250
20231218,10:43:28,16.4,100,21250
20231218,10:44:52,16.5,50,21200
20231218,10:45:02,16.4,100,21200
20231218,10:45:11,16.65,500,21200
20231218,10:45:28,16.5,50,21200
20231218,10:45:46,16.5,150,21200
20231218,10:48:06,16.2,850,21550
20231218,10:49:49,16.3,100,21550
20231218,10:50:15,16.35,50,21550
20231218,10:50:32,16.4,50,21550
20231218,10:50:59,16.35,50,21600
20231218,10:51:08,16.35,100,21600
20231218,10:51:17,16.35,250,21600
20231218,10:52:27,16.45,100,21600
20231218,10:53:03,16.55,50,21600
20231218,10:58:19,16.55,50,21550
20231218,10:58:28,16.45,250,21550
20231218,10:58:53,16.4,150,21550
20231218,10:59:10,16.4,50,21550
20231218,10:59:44,16.35,100,21550
20231218,10:59:53,16.4,50,21850
20231218,11:00:02,16.4,50,21850
20231218,11:00:19,16.35,100,21850
20231218,11:00:27,16.3,50,21850
20231218,11:02:16,16.45,50,21850
20231218,11:02:41,16.4,50,21850
20231218,11:03:06,16.3,50,21900
20231218,11:03:15,16.35,150,21900
20231218,11:03:32,16.45,100,21900
20231218,11:04:13,16.4,50,21900
20231218,11:04:29,16.5,50,21900
20231218,11:05:10,16.4,50,21900
20231218,11:08:48,16.45,200,22200
20231218,11:10:14,16.45,50,22200
20231218,11:10:32,16.5,250,22200
20231218,11:11:52,16.65,50,22200
20231218,11:15:37,16.75,150,22200
20231218,11:15:46,16.7,550,22200
20231218,11:15:54,16.6,1100,22200
20231218,11:16:03,16.55,100,22200
20231218,11:16:12,16.55,400,22200
20231218,11:16:28,16.45,400,22200
20231218,11:16:37,16.5,400,22200
20231218,11:17:11,16.45,50,22200
20231218,11:18:53,16.4,200,23300
20231218,11:19:01,16.4,50,23300
20231218,11:19:09,16.4,500,23300
20231218,11:19:18,16.45,150,23300
20231218,11:20:24,16.45,250,23300
20231218,11:22:37,16.2,1250,23700
20231218,11:24:12,16.1,50,24200
20231218,11:27:17,16.15,50,24250
20231218,11:28:15,16.25,200,24250
20231218,11:28:23,16.25,100,24250
20231218,11:29:36,16.35,100,24250
20231218,11:29:45,16.35,100,24250
20231218,11:30:36,16.3,200,24400
20231218,11:31:01,16.4,250,24400
20231218,11:32:41,16.35,500,24400
20231218,11:33:45,16.35,400,25050
20231218,11:34:23,16.35,50,25050
20231218,11:36:07,16.4,100,25150
20231218,11:36:16,16.45,50,25150
20231218,11:38:03,16.2,50,25150
20231218,11:39:45,16.35,100,25250
20231218,11:40:03,16.2,1250,25250
20231218,11:40:21,16.3,50,25250
20231218,11:40:55,16.3,200,25250
20231218,11:41:59,16.35,100,25100
20231218,11:42:51,16.3,200,25100
20231218,11:43:41,16.4,50,25100
20231218,11:43:55,16.2,50,25100
20231218,11:44:12,16.25,200,25100
20231218,11:46:04,16.25,50,25550
20231218,11:47:55,16.2,100,25550
20231218,11:48:53,16.05,250,25700
20231218,11:49:04,16.0,50,25700
20231218,11:49:21,16.1,50,25700
20231218,11:49:29,16.1,100,25700
20231218,11:49:37,16.1,200,25700
20231218,11:49:45,16.2,50,25700
20231218,11:49:53,16.2,200,25700
20231218,11:50:09,16.2,250,25700
20231218,11:50:19,16.15,50,25700
20231218,11:51:18,16.15,50,26600
20231218,11:51:35,16.25,150,26600
20231218,11:55:19,16.25,150,26650
20231218,11:56:43,15.9,500,26650
20231218,11:57:01,15.9,550,26750
20231218,11:57:35,16.1,250,26750
20231218,12:02:24,15.8,150,26550
20231218,12:03:54,15.75,50,26700
20231218,12:04:50,16.0,500,26700
20231218,12:08:35,15.9,100,26550
20231218,12:15:21,16.0,50,26450
20231218,12:15:39,16.0,50,26450
20231218,12:15:56,16.0,500,26450
20231218,12:20:07,15.9,200,26950
20231218,12:26:43,15.95,50,26750
20231218,12:29:44,15.45,50,26750
20231218,12:29:55,15.4,600,26750
20231218,12:32:17,15.6,200,27100
20231218,12:34:12,15.6,100,27300
20231218,12:35:37,15.6,50,27300
20231218,12:36:19,15.95,50,27300
20231218,12:39:31,15.9,50,27350
20231218,12:41:46,15.85,200,27350
20231218,12:43:09,15.75,50,27600
20231218,12:43:43,15.8,50,27600
20231218,12:52:29,16.1,100,27700
20231218,12:53:46,16.0,500,27700
20231218,12:57:08,15.85,150,27900
20231218,12:57:45,15.85,250,27900
20231218,12:57:59,15.85,50,27900
20231218,12:59:26,15.75,50,27900
20231218,13:00:26,15.75,300,28350
20231218,13:00:32,15.7,100,28350
20231218,13:00:39,15.65,150,28350
20231218,13:02:17,15.65,50,28350
20231218,13:05:14,15.4,100,28500
20231218,13:05:30,15.25,50,28500
20231218,13:06:27,15.0,3300,28400
20231218,13:06:37,15.05,400,28400
20231218,13:07:56,14.95,50,28400
20231218,13:09:12,14.85,50,28300
20231218,13:10:10,14.95,250,28300
20231218,13:10:26,14.9,50,28300
20231218,13:13:15,14.65,100,28350
20231218,13:15:19,14.65,750,28350
20231218,13:15:35,14.65,50,28350
20231218,13:29:25,15.3,250,28300
20231218,13:29:32,15.35,250,28300
20231218,13:29:48,15.85,400,28300
20231218,13:30:15,15.8,850,28950
20231218,13:31:03,15.65,400,28950
20231218,13:32:14,15.7,150,28950
20231218,13:32:22,15.65,1350,28950
20231218,13:32:31,15.45,50,28950
20231218,13:35:06,15.25,200,28300
20231218,13:35:15,15.2,100,28300
20231218,13:41:37,15.2,50,28300
20231218,13:43:38,15.15,100,28300
20231218,13:46:21,15.1,300,28300
20231218,13:47:23,15.2,100,28300
20231218,13:51:02,15.2,100,27900
20231218,13:51:41,15.2,200,27800
20231218,13:53:50,15.1,100,27800
20231218,13:55:05,15.1,250,27500
20231218,13:55:13,15.1,200,27500
20231218,14:02:25,15.35,500,27350
20231218,14:05:43,15.8,50,27550
20231218,14:06:41,15.55,100,27550
20231218,14:06:58,15.5,50,27550
20231218,14:09:43,15.35,50,27450
20231218,14:13:25,15.35,100,27450
20231218,14:13:34,15.5,100,27450
20231218,14:14:17,15.75,250,27450
20231218,14:14:35,15.85,200,27450
20231218,14:15:59,15.8,100,27650
20231218,14:16:24,15.95,150,27650
20231218,14:16:33,15.9,250,27650
20231218,14:16:49,15.75,50,27650
20231218,14:16:57,15.7,200,27650
20231218,14:17:14,15.65,50,27650
20231218,14:19:08,15.45,250,27150
20231218,14:20:02,15.6,100,27150
20231218,14:20:25,15.6,50,27150
20231218,14:20:41,15.5,300,27150
20231218,14:20:56,15.5,150,27150
20231218,14:21:04,15.55,150,27150
20231218,14:22:12,15.55,50,26700
20231218,14:22:21,15.65,300,26700
20231218,14:22:37,15.65,250,26700
20231218,14:24:35,15.7,250,26450
20231218,14:29:40,16.0,300,26350
20231218,14:30:41,15.95,150,26300
20231218,14:31:05,16.1,600,26300
20231218,14:31:12,16.0,100,26300
20231218,14:31:20,16.0,550,26300
20231218,14:31:28,16.0,50,26300
20231218,14:31:36,16.0,150,26300
20231218,14:31:52,16.15,500,26300
20231218,14:32:00,16.25,650,26300
20231218,14:32:08,16.25,350,26300
20231218,14:32:16,16.25,550,26300
20231218,14:32:33,16.25,600,26300
20231218,14:32:43,16.4,250,26300
20231218,14:34:10,16.4,50,25850
20231218,14:34:42,16.55,100,25850
20231218,14:35:06,16.55,300,25850
20231218,14:35:49,16.5,50,25850
20231218,14:35:58,16.4,250,25850
20231218,14:37:59,16.4,100,25400
20231218,14:38:15,16.4,300,25400
20231218,14:39:53,16.15,200,25400
20231218,14:41:15,16.0,250,25400
20231218,14:42:33,15.95,400,25650
20231218,14:43:06,15.8,150,25650
20231218,14:44:22,15.4,100,25650
20231218,14:45:09,15.3,150,25650
20231218,14:45:19,15.2,50,26150
20231218,14:46:34,15.65,100,26150
20231218,14:46:51,15.45,100,26150
20231218,14:47:00,15.5,300,26150
20231218,14:47:37,15.2,550,26150
20231218,14:48:52,15.1,50,26050
20231218,14:49:02,15.0,150,26050
20231218,14:50:02,15.05,250,26050
20231218,14:50:20,15.15,250,26050
20231218,14:50:28,15.3,50,26050
20231218,14:50:37,15.35,500,26050
20231218,14:54:47,15.35,250,26100
20231218,14:55:30,15.1,200,26100
20231218,14:57:43,15.1,650,26300
20231218,15:01:03,14.7,300,25650
20231218,15:01:12,14.7,450,25650
20231218,15:01:22,14.7,400,25650
20231218,15:01:32,14.65,750,25650
20231218,15:01:42,14.65,150,25650
20231218,15:01:52,14.65,150,25650
20231218,15:02:01,14.8,100,25650
20231218,15:02:21,14.75,50,25650
20231218,15:02:30,14.55,50,25650
20231218,15:07:08,14.7,1100,24950
20231218,15:07:17,14.7,150,24950
20231218,15:07:26,14.75,250,24950
20231218,15:07:51,14.8,450,24950
20231218,15:08:16,14.85,300,24950
20231218,15:08:33,14.85,50,24950
20231218,15:10:18,14.95,350,23750
20231218,15:11:38,14.9,50,23750
20231218,15:11:55,14.95,50,23750
20231218,15:12:13,14.85,50,23750
20231218,15:14:29,14.85,50,23750
20231218,15:14:47,14.8,50,23750
20231218,15:16:01,14.8,150,23750
20231218,15:16:11,14.7,100,23750
20231218,15:16:30,14.55,100,23750
20231218,15:17:29,14.2,50,23750
20231218,15:17:48,14.2,500,23750
20231218,15:19:00,14.45,3150,23100
20231218,15:20:12,14.45,50,23100
20231218,15:20:32,14.5,200,23100
20231218,15:21:45,14.5,50,26100
20231218,15:22:02,14.65,50,26100
20231218,15:22:20,14.65,50,26100
20231218,15:22:57,14.3,150,26100
20231218,15:23:17,14.4,500,26100
20231218,15:24:23,14.25,100,26100
20231218,15:24:32,14.4,50,26350
20231218,15:24:42,14.3,150,26350
20231218,15:25:01,14.3,750,26350
20231218,15:25:37,14.3,550,26350
20231218,15:25:47,14.3,50,26350
20231218,15:26:16,14.15,50,26350
20231218,15:26:25,13.95,100,26350
20231218,15:26:45,13.95,50,26350
20231218,15:27:13,13.95,500,26350
20231218,15:27:23,14.0,550,26350
20231218,15:27:32,14.0,100,24350
20231218,15:28:00,14.0,300,24350
20231218,15:28:10,14.1,50,24350
20231218,15:28:56,14.05,50,24350
20231218,15:29:06,14.0,50,24350
20231218,15:29:15,14.0,50,24350
20231218,15:29:26,14.05,50,24350
20231218,15:29:38,14.35,50,24350
20231218,15:29:50,14.3,50,24350
20231218,15:30:01,14.7,50,24350
20231219,09:15:45,13.05,1,24450
20231219,09:15:45,13.55,600,24450
20231219,09:16:57,14.4,150,24450
20231219,09:17:52,14.35,400,24100
20231219,09:18:46,14.55,250,24100
20231219,09:19:04,14.55,200,24100
20231219,09:19:21,14.6,100,24100
20231219,09:19:39,14.45,50,24100
20231219,09:20:15,14.3,350,24100
20231219,09:20:43,14.3,100,24100
20231219,09:20:52,14.3,300,24500
20231219,09:21:10,14.4,50,24500
20231219,09:21:39,14.35,50,24500
20231219,09:24:16,14.2,150,24500
20231219,09:25:30,14.2,100,24500
20231219,09:26:07,14.2,150,24500
20231219,09:26:16,14.2,100,24500
20231219,09:27:32,13.95,550,24550
20231219,09:28:01,14.0,50,24550
20231219,09:29:09,14.1,400,24550
20231219,09:29:19,14.1,50,24550
20231219,09:29:47,14.1,50,24550
20231219,09:30:06,14.0,650,24850
20231219,09:30:16,14.0,50,24850
20231219,09:30:54,13.9,50,24850
20231219,09:31:04,13.75,250,24850
20231219,09:31:32,13.8,100,24850
20231219,09:31:50,13.75,100,24850
20231219,09:31:59,13.75,150,24850
20231219,09:32:16,13.75,100,24850
20231219,09:33:07,13.65,100,25600
20231219,09:33:16,13.6,200,25600
20231219,09:33:34,13.6,200,25600
20231219,09:34:09,13.5,500,25600
20231219,09:34:44,13.4,550,25600
20231219,09:34:53,13.4,50,25600
20231219,09:35:02,13.35,100,25600
20231219,09:35:11,13.3,800,25600
20231219,09:35:21,13.2,700,25600
20231219,09:35:31,13.1,250,25600
20231219,09:35:40,13.05,100,25600
20231219,09:35:50,13.0,400,25600
20231219,09:36:22,13.0,50,27400
20231219,09:37:45,12.9,50,27400
20231219,09:37:56,12.9,50,27400
20231219,09:38:34,12.8,100,27400
20231219,09:39:28,12.45,350,27400
20231219,09:40:20,12.3,200,27400
20231219,09:40:40,12.25,100,27400
20231219,09:40:51,12.1,150,27400
20231219,09:42:10,12.05,250,27000
20231219,09:42:20,12.0,50,27000
20231219,09:42:30,11.95,150,27000
20231219,09:43:01,11.9,50,27000
20231219,09:43:13,11.9,600,27000
20231219,09:44:27,11.9,50,27000
20231219,09:44:36,11.9,50,27000
20231219,09:44:47,11.85,200,27300
20231219,09:45:41,11.8,50,27300
20231219,09:46:10,11.8,50,27300
20231219,09:47:36,11.85,400,27300
20231219,09:47:45,11.85,50,27300
20231219,09:47:54,12.0,300,26700
20231219,09:48:03,11.9,150,26700
20231219,09:48:31,12.0,250,26700
20231219,09:49:15,11.9,50,26700
20231219,09:50:57,11.9,50,26550
20231219,09:51:35,12.05,50,26550
20231219,09:52:02,11.9,50,26550
20231219,09:52:11,11.85,100,26550
20231219,09:52:57,11.85,150,26550
20231219,09:53:16,11.85,50,26550
20231219,09:53:44,11.75,50,26550
20231219,09:55:22,11.7,50,26300
20231219,09:55:40,11.7,50,26300
20231219,09:58:31,11.7,50,26200
20231219,09:58:40,11.7,50,26200
20231219,10:00:24,11.85,100,26250
20231219,10:04:00,11.55,650,26350
20231219,10:06:01,11.55,200,26850
20231219,10:06:55,11.55,50,26850
20231219,10:07:05,11.6,50,26850
20231219,10:09:09,11.5,450,26900
20231219,10:09:57,11.45,200,26900
20231219,10:10:16,11.3,250,26900
20231219,10:12:53,11.3,250,27000
20231219,10:13:02,11.5,50,27000
20231219,10:14:10,11.45,150,27000
20231219,10:15:34,11.5,250,26950
20231219,10:16:18,11.55,100,26950
20231219,10:16:43,11.35,50,26950
20231219,10:17:01,11.55,50,26950
20231219,10:18:01,11.6,50,26900
20231219,10:18:20,11.8,50,26900
20231219,10:19:04,11.7,100,26900
20231219,10:20:19,11.9,300,26900
20231219,10:21:20,12.0,250,26900
20231219,10:22:03,12.0,50,26900
20231219,10:26:48,11.9,100,26900
20231219,10:31:23,11.4,400,26900
20231219,10:31:49,11.6,450,26900
20231219,10:35:05,11.55,50,26650
20231219,10:35:54,11.55,100,26650
20231219,10:36:32,11.6,50,26650
20231219,10:37:46,11.6,50,26650
20231219,10:47:09,11.7,150,26550
20231219,10:47:35,11.6,150,26550
20231219,10:55:41,11.85,400,26600
20231219,10:56:06,11.9,100,26600
20231219,10:57:21,11.95,100,26250
20231219,10:57:29,12.0,100,26250
20231219,10:58:02,12.0,100,26250
20231219,10:58:10,12.0,50,26250
20231219,10:58:18,12.0,100,26250
20231219,10:58:25,12.05,750,26250
20231219,10:59:04,12.05,50,26250
20231219,10:59:58,12.15,500,26250
20231219,11:04:40,12.1,300,26850
20231219,11:08:16,12.0,50,26850
20231219,11:09:38,12.15,100,26850
20231219,11:09:47,12.15,50,26850
20231219,11:09:56,12.15,100,26850
20231219,11:10:07,12.3,50,26850
20231219,11:10:27,12.2,100,26850
20231219,11:10:48,12.15,100,26850
20231219,11:12:58,12.25,550,27100
20231219,11:13:26,12.35,650,27100
20231219,11:13:35,12.35,550,27100
20231219,11:13:45,12.5,150,27100
20231219,11:14:22,12.55,50,27100
20231219,11:16:38,12.4,50,27150
20231219,11:23:13,12.2,650,27150
20231219,11:24:40,12.2,100,27100
20231219,11:24:48,12.15,100,27100
20231219,11:24:58,12.15,200,27100
20231219,11:27:16,12.15,100,27150
20231219,11:27:33,12.15,100,27150
20231219,11:27:41,12.15,100,27150
20231219,11:27:50,12.15,300,27150
20231219,11:29:39,12.25,50,27150
20231219,11:29:55,12.25,50,27150
20231219,11:31:11,12.3,50,27200
20231219,11:33:59,12.45,200,27150
20231219,11:38:56,12.55,50,27050
20231219,11:42:04,12.7,250,27050
20231219,11:42:37,13.0,250,27300
20231219,11:42:48,13.45,250,27300
20231219,11:43:00,13.45,450,27300
20231219,11:43:45,13.25,300,27300
20231219,11:46:36,13.3,50,27450
20231219,11:47:06,13.3,50,27450
20231219,11:47:26,13.3,250,27450
20231219,11:50:00,13.6,600,27500
20231219,11:50:22,13.8,250,27500
20231219,11:50:56,13.9,50,27500
20231219,11:51:07,14.0,250,27500
20231219,11:52:43,14.1,500,28300
20231219,11:52:53,14.0,850,28300
20231219,11:53:13,13.75,1350,28300
20231219,11:53:43,13.55,450,28300
20231219,11:54:11,13.6,250,27550
20231219,11:54:30,13.75,250,27550
20231219,11:54:59,14.0,250,27550
20231219,11:55:17,14.05,250,27550
20231219,11:57:13,14.25,350,27550
20231219,11:57:31,14.2,300,27550
20231219,11:58:09,14.05,350,27550
20231219,11:58:19,14.05,100,27550
20231219,11:58:28,14.15,200,27550
20231219,11:58:47,14.2,100,27550
20231219,11:58:56,14.25,200,27550
20231219,11:59:24,14.15,350,27550
20231219,11:59:43,14.2,300,27550
20231219,11:59:53,14.25,300,27550
20231219,12:00:03,14.25,150,27550
20231219,12:00:30,14.35,100,26400
20231219,12:00:48,14.3,50,26400
20231219,12:01:29,14.15,100,26400
20231219,12:01:47,14.0,100,26400
20231219,12:02:06,13.9,250,26400
20231219,12:02:53,13.65,100,26400
20231219,12:03:40,13.4,150,26000
20231219,12:03:49,13.25,50,26000
20231219,12:05:58,13.65,50,26000
20231219,12:07:20,13.7,100,25950
20231219,12:07:48,13.6,250,25950
20231219,12:09:11,13.6,850,26050
20231219,12:11:00,13.85,300,26050
20231219,12:12:22,13.75,50,26000
20231219,12:17:15,13.95,50,26050
20231219,12:17:51,14.05,50,26050
20231219,12:19:16,13.75,50,26000
20231219,12:19:25,13.85,100,26000
20231219,12:21:41,13.6,400,26100
20231219,12:21:50,13.6,150,26100
20231219,12:22:32,13.7,250,26100
20231219,12:22:58,13.85,50,26100
20231219,12:29:23,14.25,50,26450
20231219,12:29:49,14.1,100,26450
20231219,12:31:27,14.35,300,26500
20231219,12:33:50,14.35,150,26800
20231219,12:35:14,14.75,50,26800
20231219,12:36:22,14.75,350,26900
20231219,12:37:05,14.4,100,26900
20231219,12:37:13,14.35,100,26900
20231219,12:42:56,14.7,50,26900
20231219,12:45:44,14.7,200,26950
20231219,12:48:12,14.5,50,26950
20231219,12:49:29,14.4,100,27150
20231219,12:49:45,14.4,200,27150
20231219,12:52:37,14.3,50,27200
20231219,12:55:57,14.3,250,27200
20231219,12:56:06,14.25,600,27200
20231219,12:56:15,14.3,550,27200
20231219,12:56:42,14.35,50,27200
20231219,12:58:31,14.45,50,27900
20231219,13:00:07,14.45,250,27900
20231219,13:00:35,14.4,300,28050
20231219,13:03:33,14.3,800,28200
20231219,13:03:41,14.25,100,28200
20231219,13:03:50,14.15,600,28200
20231219,13:03:59,14.2,1200,28200
20231219,13:04:41,14.2,100,28200
20231219,13:04:50,14.15,50,28200
20231219,13:05:07,14.15,350,28200
20231219,13:05:16,14.05,200,28200
20231219,13:06:32,13.9,250,29600
20231219,13:09:33,13.8,50,29600
20231219,13:10:52,14.05,50,29600
20231219,13:11:01,13.95,50,29600
20231219,13:16:01,14.05,50,29600
20231219,13:20:15,14.05,50,29600
20231219,13:21:13,14.0,100,29600
20231219,13:22:46,13.85,50,29650
20231219,13:22:56,13.55,400,29650
20231219,13:23:24,13.8,50,29650
20231219,13:24:42,13.8,50,30050
20231219,13:26:44,13.7,250,30050
20231219,13:27:09,13.7,450,30050
20231219,13:28:42,14.15,150,30750
20231219,13:32:33,14.05,50,30850
20231219,13:36:34,14.2,200,30850
20231219,13:36:58,14.25,100,30850
20231219,13:37:06,14.4,650,30850
20231219,13:37:38,14.35,500,30850
20231219,13:37:46,14.5,250,30850
20231219,13:38:26,14.35,50,30850
20231219,13:38:42,14.3,50,30850
20231219,13:38:58,14.4,50,30850
20231219,13:39:20,14.4,50,30850
20231219,13:39:28,14.55,50,30500
20231219,13:39:43,14.4,50,30500
20231219,13:39:59,14.4,100,30500
20231219,13:40:14,14.5,50,30500
20231219,13:41:15,14.6,100,30500
20231219,13:42:07,14.55,150,30500
20231219,13:43:57,14.9,50,30550
20231219,13:44:15,14.9,100,30550
20231219,13:44:25,14.55,50,30550
20231219,13:44:34,14.55,150,30550
20231219,13:44:59,14.7,50,30550
20231219,13:45:08,14.65,50,30550
20231219,13:45:17,14.5,550,30550
20231219,13:45:25,14.4,1500,30500
20231219,13:45:52,14.5,500,30500
20231219,13:46:01,14.5,500,30500
20231219,13:47:38,14.35,200,30500
20231219,13:48:12,14.35,250,30500
20231219,13:50:47,14.35,50,31650
20231219,13:50:55,14.45,150,31650
20231219,13:51:03,14.5,50,31650
20231219,13:51:12,14.55,50,31650
20231219,13:51:22,14.65,100,31650
20231219,13:57:47,14.6,300,31650
20231219,13:57:56,14.6,1750,31650
20231219,13:58:15,14.7,200,31650
20231219,13:58:25,14.8,1050,31650
20231219,13:58:35,14.8,50,31650
20231219,13:58:44,14.85,100,31650
20231219,13:58:53,14.95,100,31650
20231219,13:59:02,15.05,650,31650
20231219,13:59:11,15.0,50,31650
20231219,13:59:37,14.9,100,31650
20231219,13:59:46,14.9,50,31650
20231219,13:59:54,14.95,200,31650
20231219,14:00:11,14.85,50,31650
20231219,14:00:19,14.9,50,31650
20231219,14:01:18,15.05,200,34850
20231219,14:01:34,15.1,50,34850
20231219,14:03:39,15.1,50,35100
20231219,14:04:55,14.9,50,35100
20231219,14:06:20,15.15,150,35100
20231219,14:06:39,15.15,150,35250
20231219,14:06:49,14.85,50,35250
20231219,14:07:26,15.2,200,35250
20231219,14:07:35,15.15,50,35250
20231219,14:07:44,15.25,100,35250
20231219,14:07:52,15.25,50,35250
20231219,14:08:09,15.2,50,35250
20231219,14:09:56,15.4,150,35350
20231219,14:10:15,15.4,750,35350
20231219,14:10:24,15.2,750,35350
20231219,14:10:34,15.25,100,35350
20231219,14:11:11,15.25,400,35350
20231219,14:11:55,15.3,100,35350
20231219,14:12:04,15.3,100,35350
20231219,14:12:13,15.3,50,35350
20231219,14:12:23,15.4,50,35350
20231219,14:14:08,15.5,50,35800
20231219,14:15:01,15.5,50,35800
20231219,14:15:52,15.5,50,35850
20231219,14:16:11,15.05,700,35850
20231219,14:16:39,15.25,150,35850
20231219,14:18:12,15.5,50,35850
20231219,14:21:11,15.5,350,36700
20231219,14:25:22,15.35,100,36350
20231219,14:31:44,15.85,100,36450
20231219,14:32:23,15.85,300,36450
20231219,14:32:42,15.8,400,36450
20231219,14:33:47,15.8,50,36550
20231219,14:35:43,16.0,250,36550
20231219,14:35:52,16.2,250,36550
20231219,14:36:02,16.2,50,36550
20231219,14:37:30,16.2,900,36500
20231219,14:37:58,16.2,250,36500
20231219,14:38:44,16.15,50,36500
20231219,14:39:46,16.25,50,37100
20231219,14:42:53,16.25,250,37150
20231219,14:44:13,16.05,350,37150
20231219,14:46:18,15.65,500,37250
20231219,14:47:06,15.55,350,37250
20231219,14:47:16,15.65,350,37250
20231219,14:47:53,15.45,100,37250
20231219,14:48:12,15.45,50,37250
20231219,14:48:31,15.45,50,36700
20231219,14:49:45,14.8,250,36700
20231219,14:50:43,14.85,200,36700
20231219,14:52:24,14.6,200,36700
20231219,14:53:19,14.75,50,36700
20231219,14:55:42,14.55,450,36700
20231219,14:56:58,14.45,50,36700
20231219,14:57:59,14.05,250,36450
20231219,14:58:43,13.25,400,36450
20231219,14:58:54,13.25,600,36450
20231219,14:59:14,13.25,50,36450
20231219,14:59:57,12.9,500,36450
20231219,15:00:08,13.1,300,36450
20231219,15:00:42,12.95,150,36400
20231219,15:01:13,13.1,450,36400
20231219,15:01:23,13.1,650,36400
20231219,15:01:34,13.15,100,36400
20231219,15:01:44,13.55,100,36400
20231219,15:02:04,13.45,50,36400
20231219,15:02:36,13.8,50,36400
20231219,15:03:07,14.15,50,36400
20231219,15:03:17,13.9,50,36400
20231219,15:03:27,13.95,600,36400
20231219,15:03:37,14.05,100,35450
20231219,15:03:47,14.05,750,35450
20231219,15:04:16,14.05,50,35450
20231219,15:04:46,14.05,50,35450
20231219,15:04:56,13.7,1100,35450
20231219,15:05:06,13.8,50,35450
20231219,15:05:16,13.75,800,35450
20231219,15:05:36,13.8,250,35450
20231219,15:06:26,14.05,50,35450
20231219,15:07:43,14.3,50,35350
20231219,15:08:03,14.45,50,35350
20231219,15:08:14,14.6,50,35350
20231219,15:08:24,14.5,100,35350
20231219,15:09:42,14.5,50,35500
20231219,15:10:19,14.45,450,35500
20231219,15:10:38,14.45,50,35500
20231219,15:11:17,14.1,50,35500
20231219,15:11:45,14.4,200,35500
20231219,15:13:17,14.45,50,35150
20231219,15:13:26,14.45,50,35150
20231219,15:14:42,14.25,100,35150
20231219,15:15:29,14.25,50,35150
20231219,15:16:32,14.3,250,35250
20231219,15:17:15,14.35,50,35250
20231219,15:17:24,14.3,250,35250
20231219,15:17:43,14.3,250,35250
20231219,15:18:31,14.05,250,35250
20231219,15:22:26,13.85,50,35250
20231219,15:24:27,13.75,50,35250
20231219,15:24:56,13.7,50,35200
20231219,15:25:43,13.7,50,35200
20231219,15:26:10,13.9,100,35200
20231219,15:26:19,14.0,150,35200
20231219,15:26:28,14.0,250,35200
20231219,15:26:37,14.0,750,35200
20231219,15:26:46,14.25,100,35200
20231219,15:26:55,14.3,100,35200
20231219,15:27:03,14.5,200,35200
20231219,15:27:42,14.55,400,35050
20231219,15:27:54,14.15,50,35050
20231219,15:29:31,14.25,50,35050
20231220,09:16:39,16.1,1,35050
20231220,09:16:39,16.15,250,35050
20231220,09:16:53,16.75,150,35050
20231220,09:17:07,16.05,400,35050
20231220,09:17:14,15.95,300,35050
20231220,09:18:26,15.8,50,35150
20231220,09:18:33,15.75,200,35150
20231220,09:18:52,15.75,100,35150
20231220,09:19:05,15.65,200,35150
20231220,09:19:11,15.65,150,35150
20231220,09:19:24,15.65,50,35150
20231220,09:21:03,15.2,100,35450
20231220,09:21:11,15.15,300,35450
20231220,09:23:07,16.0,300,35450
20231220,09:23:39,15.7,1000,35450
20231220,09:23:54,15.55,3800,36050
20231220,09:24:02,15.85,100,36050
20231220,09:24:19,15.9,100,36050
20231220,09:24:37,15.75,150,36050
20231220,09:25:10,15.6,100,36050
20231220,09:25:26,15.7,250,36050
20231220,09:25:51,15.7,100,36050
20231220,09:26:15,15.7,450,36050
20231220,09:27:34,15.75,200,35150
20231220,09:28:23,15.75,1200,35150
20231220,09:29:31,15.75,100,35150
20231220,09:29:48,15.7,100,35950
20231220,09:30:30,15.6,100,35950
20231220,09:30:55,15.5,50,35950
20231220,09:31:03,15.55,250,35950
20231220,09:31:43,15.6,50,35950
20231220,09:34:40,16.15,50,36150
20231220,09:35:37,16.05,250,36150
20231220,09:36:09,16.1,100,36450
20231220,09:38:16,16.5,50,36450
20231220,09:39:07,16.45,50,36400
20231220,09:39:16,16.45,100,36400
20231220,09:39:25,16.5,550,36400
20231220,09:40:28,16.5,500,36400
20231220,09:40:56,16.45,100,36400
20231220,09:41:05,16.15,50,36400
20231220,09:41:15,16.15,150,36400
20231220,09:41:23,16.0,1350,36400
20231220,09:41:32,16.0,500,36400
20231220,09:42:07,16.1,200,38150
20231220,09:42:16,16.05,300,38150
20231220,09:42:24,16.05,500,38150
20231220,09:42:40,16.05,100,38150
20231220,09:42:57,16.1,400,38150
20231220,09:43:13,16.0,50,38150
20231220,09:43:47,15.75,150,38150
20231220,09:44:03,15.8,350,38150
20231220,09:44:59,15.95,200,38250
20231220,09:45:23,15.95,250,38250
20231220,09:46:05,15.95,350,38250
20231220,09:47:12,15.95,250,38250
20231220,09:48:42,15.7,500,39100
20231220,09:51:16,15.85,50,39600
20231220,09:51:48,15.8,450,39600
20231220,09:53:34,15.8,500,39600
20231220,09:55:54,15.35,800,39500
20231220,09:57:32,15.45,250,39050
20231220,09:57:41,15.45,50,39050
20231220,10:00:47,15.4,150,39350
20231220,10:02:44,14.8,300,39350
20231220,10:04:16,14.8,50,39350
20231220,10:04:24,14.75,1950,39350
20231220,10:04:33,14.9,100,39350
20231220,10:04:40,14.9,250,39350
20231220,10:05:05,15.0,150,39350
20231220,10:05:39,15.0,1000,39350
20231220,10:07:10,14.85,50,40500
20231220,10:07:27,14.8,200,40500
20231220,10:08:42,14.4,50,40500
20231220,10:08:59,14.4,200,40450
20231220,10:11:03,14.4,100,40450
20231220,10:12:03,14.75,50,40450
20231220,10:12:29,14.7,50,40450
20231220,10:13:25,14.65,50,40450
20231220,10:15:04,14.95,250,40450
20231220,10:16:22,15.1,100,40450
20231220,10:18:55,15.35,250,40450
20231220,10:19:20,15.35,100,40450
20231220,10:20:35,15.3,250,40450
20231220,10:20:43,15.3,50,40450
20231220,10:20:59,15.3,100,40250
20231220,10:23:10,15.3,600,40250
20231220,10:25:13,15.3,400,40850
20231220,10:27:50,15.3,500,41250
20231220,10:30:51,15.3,50,41750
20231220,10:31:58,15.3,50,41750
20231220,10:32:32,15.3,500,41750
20231220,10:34:06,15.2,1350,41750
20231220,10:36:40,15.05,700,43100
20231220,10:36:55,15.05,250,43100
20231220,10:37:02,15.0,50,43100
20231220,10:37:10,14.95,50,43100
20231220,10:37:57,15.1,200,43100
20231220,10:38:05,15.1,250,43100
20231220,10:39:52,15.3,1800,42750
20231220,10:40:08,15.3,100,42750
20231220,10:41:02,15.3,1000,42750
20231220,10:41:34,15.35,200,42750
20231220,10:42:51,15.25,450,42850
20231220,10:44:14,15.2,500,42850
20231220,10:44:47,15.1,50,42850
20231220,10:46:29,14.9,250,43250
20231220,10:46:37,14.75,250,43250
20231220,10:46:46,14.75,50,43250
20231220,10:47:13,14.8,150,43250
20231220,10:47:21,14.7,800,43250
20231220,10:47:29,14.7,500,43250
20231220,10:47:37,14.7,50,43250
20231220,10:47:45,14.7,150,43250
20231220,10:48:27,14.6,50,43450
20231220,10:49:11,14.4,50,43450
20231220,10:50:29,14.5,50,43450
20231220,10:51:51,14.3,350,43500
20231220,10:56:09,14.5,250,43500
20231220,10:57:04,14.65,50,43250
20231220,10:57:12,14.7,100,43250
20231220,10:57:42,14.75,200,43250
20231220,10:58:13,14.9,50,43250
20231220,10:58:28,14.8,250,43250
20231220,10:59:12,14.8,50,43250
20231220,10:59:27,14.95,50,43250
20231220,11:00:11,14.95,50,42700
20231220,11:00:26,14.95,50,42700
20231220,11:00:48,14.95,50,42700
20231220,11:01:11,14.95,150,42700
20231220,11:01:41,15.0,50,42700
20231220,11:02:18,15.1,100,42700
20231220,11:02:33,15.1,50,42700
20231220,11:02:40,15.1,50,42700
20231220,11:03:34,15.05,100,42300
20231220,11:04:10,15.1,50,42300
20231220,11:09:14,15.1,100,42200
20231220,11:10:41,15.15,50,42200
20231220,11:10:48,15.15,100,42200
20231220,11:11:25,15.05,50,42200
20231220,11:11:56,15.2,200,42200
20231220,11:13:22,15.15,50,42100
20231220,11:14:23,15.1,50,42100
20231220,11:15:54,15.05,100,42100
20231220,11:16:18,15.15,400,42100
20231220,11:16:26,15.25,100,42100
20231220,11:16:43,15.3,50,42100
20231220,11:17:38,15.25,50,42100
20231220,11:18:02,15.2,350,42100
20231220,11:20:30,15.1,100,42450
20231220,11:20:55,15.1,300,42450
20231220,11:22:36,15.0,50,42100
20231220,11:22:54,14.9,50,42100
20231220,11:23:11,15.0,50,42100
20231220,11:23:59,15.0,250,42100
20231220,11:24:07,15.0,50,42150
20231220,11:25:48,15.0,150,42150
20231220,11:25:56,15.0,150,42150
20231220,11:26:04,15.05,50,42150
20231220,11:27:12,15.2,50,42350
20231220,11:27:34,15.3,150,42350
20231220,11:28:43,15.25,200,42350
20231220,11:28:57,15.2,50,42350
20231220,11:29:37,15.2,50,42350
20231220,11:30:39,15.0,50,42650
20231220,11:32:48,14.9,50,42650
20231220,11:33:51,14.65,50,42650
20231220,11:35:07,14.6,100,42650
20231220,11:35:16,14.55,100,42650
20231220,11:35:25,14.5,50,42650
20231220,11:35:34,14.25,50,42650
20231220,11:35:52,14.25,350,42650
20231220,11:37:26,14.75,50,42600
20231220,11:38:13,14.65,550,42600
20231220,11:38:22,14.6,50,42600
20231220,11:43:33,14.4,250,42600
20231220,11:47:46,14.4,50,42600
20231220,11:47:55,14.35,50,42600
20231220,11:48:52,13.95,400,42550
20231220,11:49:02,13.9,50,42550
20231220,11:50:29,13.9,100,42550
20231220,11:51:04,14.05,50,42600
20231220,11:51:14,14.05,50,42600
20231220,11:51:25,14.05,50,42600
20231220,11:51:52,14.55,300,42600
20231220,11:52:38,14.45,800,42600
20231220,11:53:27,14.2,400,42600
20231220,11:55:28,14.25,300,43100
20231220,11:55:36,14.3,150,43100
20231220,12:00:31,14.55,100,43150
20231220,12:01:19,14.35,600,43150
20231220,12:02:38,14.9,400,43150
20231220,12:03:12,14.9,700,43050
20231220,12:06:26,15.05,50,43000
20231220,12:06:35,15.2,50,43000
20231220,12:10:01,15.1,50,43050
20231220,12:11:48,14.8,100,43050
20231220,12:11:56,14.8,100,43050
20231220,12:12:05,14.85,200,43050
20231220,12:13:43,14.65,50,43250
20231220,12:13:51,14.65,50,43250
20231220,12:15:20,14.7,250,43300
20231220,12:16:18,14.35,750,43300
20231220,12:17:11,14.15,450,43300
20231220,12:19:03,14.4,250,44450
20231220,12:22:32,14.35,50,44550
20231220,12:23:51,14.35,50,44550
20231220,12:25:32,14.5,200,44550
20231220,12:28:20,14.6,250,44750
20231220,12:29:26,14.7,250,44750
20231220,12:30:24,14.7,750,44650
20231220,12:30:58,14.5,200,44650
20231220,12:31:07,14.55,50,44650
20231220,12:31:51,14.4,50,44650
20231220,12:32:08,14.4,150,44650
20231220,12:32:41,14.4,50,44650
20231220,12:34:19,14.45,150,44450
20231220,12:37:47,14.35,50,44450
20231220,12:39:12,14.35,200,44400
20231220,12:39:36,14.6,100,44400
20231220,12:41:59,14.3,200,44400
20231220,12:42:48,14.5,50,44250
20231220,12:42:56,14.5,100,44250
20231220,12:43:44,14.7,250,44250
20231220,12:44:09,14.7,50,44250
20231220,12:44:25,14.6,200,44250
20231220,12:44:41,14.5,150,44250
20231220,12:50:49,15.05,200,43600
20231220,12:53:54,15.05,50,43400
20231220,12:54:02,15.1,50,43400
20231220,12:54:10,15.05,50,43400
20231220,12:54:58,15.05,50,43450
20231220,12:55:22,15.05,50,43450
20231220,12:56:31,14.95,50,43450
20231220,12:57:02,14.9,100,43450
20231220,12:59:22,14.55,50,43450
20231220,13:09:41,14.0,250,43450
20231220,13:10:01,13.7,300,43450
20231220,13:10:29,13.7,100,43450
20231220,13:10:38,14.0,300,43450
20231220,13:10:47,13.95,100,43450
20231220,13:11:25,13.8,50,43450
20231220,13:12:23,14.15,50,43800
20231220,13:12:33,14.15,50,43800
20231220,13:12:51,14.0,100,43800
20231220,13:13:18,14.05,1000,43800
20231220,13:15:49,13.9,250,43900
20231220,13:16:07,14.0,100,43900
20231220,13:17:50,14.15,650,43900
20231220,13:18:00,14.0,150,43900
20231220,13:19:08,13.8,50,43700
20231220,13:19:38,13.8,50,43700
20231220,13:21:37,13.95,250,43650
20231220,13:26:00,13.55,550,43650
20231220,13:29:18,13.0,500,43700
20231220,13:29:27,12.0,450,43700
20231220,13:30:15,12.0,250,43700
20231220,13:32:30,12.0,1250,43750
20231220,13:32:49,12.65,1250,43750
20231220,13:32:59,12.65,1250,43750
20231220,13:33:36,12.6,50,43100
20231220,13:34:39,13.0,300,43100
20231220,13:34:58,13.0,50,43100
20231220,13:35:46,12.9,1800,43100
20231220,13:35:56,12.9,50,43100
20231220,13:38:18,13.6,200,43100
20231220,13:38:27,13.6,350,43100
20231220,13:38:37,13.6,600,43100
20231220,13:39:32,13.95,150,44000
20231220,13:39:43,13.8,650,44000
20231220,13:40:53,13.75,150,44000
20231220,13:41:31,13.2,2250,44000
20231220,13:45:05,14.15,100,43100
20231220,13:46:11,14.0,50,43100
20231220,13:47:41,13.45,150,43100
20231220,13:47:59,13.3,100,43100
20231220,13:48:51,13.0,1050,43100
20231220,13:52:29,13.0,50,43100
20231220,13:57:28,13.05,800,43100
20231220,13:58:13,13.2,100,43100
20231220,13:58:38,13.15,100,43100
20231220,14:03:47,13.15,1700,42300
20231220,14:03:58,13.3,2800,42300
20231220,14:04:09,13.25,4600,42300
20231220,14:04:19,13.25,2950,42300
20231220,14:04:29,13.15,250,42300
20231220,14:09:16,13.0,50,34650
20231220,14:09:27,13.05,250,34650
20231220,14:09:37,13.2,1600,34650
20231220,14:09:46,13.15,50,34650
20231220,14:10:42,13.15,50,34650
20231220,14:11:09,13.2,200,34650
20231220,14:11:18,13.25,300,34650
20231220,14:11:27,13.2,50,34650
20231220,14:11:45,13.2,250,34650
20231220,14:12:03,13.1,250,34650
20231220,14:13:13,13.35,600,32650
20231220,14:13:22,13.4,300,32650
20231220,14:16:00,13.35,200,32200
20231220,14:16:09,13.3,100,32200
20231220,14:16:17,13.3,50,32200
20231220,14:21:17,13.65,1000,32250
20231220,14:22:12,14.05,50,33050
20231220,14:22:22,13.65,100,33050
20231220,14:22:32,14.05,250,33050
20231220,14:24:17,13.75,50,33050
20231220,14:28:33,13.6,450,32900
20231220,14:29:48,14.25,50,32900
20231220,14:30:16,14.25,50,32900
20231220,14:33:03,13.0,2700,33400
20231220,14:36:48,13.2,50,34250
20231220,14:38:02,13.1,250,34250
20231220,14:38:21,13.0,900,34250
20231220,14:38:39,13.0,100,34250
20231220,14:39:17,13.05,1350,34250
20231220,14:39:27,13.15,1350,34250
20231220,14:40:51,14.3,1000,33050
20231220,14:41:58,13.0,550,33050
20231220,14:43:31,12.85,50,34050
20231220,14:44:30,12.45,350,34050
20231220,14:45:03,12.45,50,34050
20231220,14:46:30,12.35,100,33950
20231220,14:48:21,12.5,500,33950
20231220,14:48:39,12.5,500,33650
20231220,14:48:50,12.65,250,33650
20231220,14:49:19,12.55,1500,33650
20231220,14:49:47,12.35,150,33650
20231220,14:50:34,12.55,1050,33650
20231220,14:51:50,12.45,50,33550
20231220,14:52:39,12.4,100,33550
20231220,14:53:28,12.45,450,33550
20231220,14:54:27,12.75,150,33550
20231220,14:55:57,12.8,100,33750
20231220,14:56:46,12.85,2050,33750
20231220,14:58:01,12.4,600,33850
20231220,15:01:13,12.75,50,33850
20231220,15:01:55,12.5,100,33850
20231220,15:02:27,12.7,250,33850
20231220,15:03:10,12.2,200,33850
20231220,15:03:42,11.95,1200,33950
20231220,15:04:02,11.65,50,33950
20231220,15:04:11,11.65,50,33950
20231220,15:04:31,11.75,650,33950
20231220,15:04:42,11.75,200,33950
20231220,15:07:21,11.55,150,33850
20231220,15:09:04,11.55,250,33850
20231220,15:09:35,11.55,500,33700
20231220,15:09:44,11.5,950,33700
20231220,15:09:54,11.65,200,33700
20231220,15:10:03,12.0,2550,33700
20231220,15:10:12,11.95,350,33700
20231220,15:11:06,11.9,300,33700
20231220,15:12:05,11.8,100,33700
20231220,15:12:15,11.75,100,33700
20231220,15:12:41,11.7,1050,34500
20231220,15:13:29,11.75,200,34500
20231220,15:14:21,11.55,800,34500
20231220,15:15:29,11.25,200,34500
20231220,15:17:23,11.0,1500,33350
20231220,15:18:24,11.0,100,33350
20231220,15:19:00,11.15,50,34450
20231220,15:19:09,11.0,1300,34450
20231220,15:20:03,11.0,100,34450
20231220,15:20:53,10.6,500,34450
20231220,15:21:04,10.9,400,34450
20231220,15:21:15,10.9,250,34450
20231220,15:21:44,11.05,750,35450
20231220,15:22:11,10.95,150,35450
20231220,15:23:38,10.75,50,35450
20231220,15:23:47,10.8,200,35450
20231220,15:24:06,10.85,200,35450
20231220,15:24:25,11.05,1300,35450
20231220,15:25:08,11.0,100,34700
20231220,15:26:00,10.75,50,34700
20231220,15:26:10,11.1,500,34700
20231220,15:26:20,10.7,250,34700
20231220,15:26:53,10.8,750,34700
20231220,15:27:13,11.0,500,34700
20231220,15:27:23,11.05,50,34700
20231220,15:27:33,11.25,300,34700
20231220,15:27:43,11.3,350,34350
20231220,15:28:12,11.85,5550,34350
20231220,15:28:23,11.95,3650,34350
20231220,15:28:34,11.9,150,34350
20231220,15:28:46,11.9,1300,34350
20231220,15:28:58,12.2,450,34350
20231220,15:29:08,12.2,350,34350
20231220,15:29:37,11.9,250,34350
20231221,09:15:14,11.55,1,34350
20231221,09:15:14,11.55,250,34350
20231221,09:15:47,7.5,200,34350
20231221,09:16:33,7.5,100,34350
20231221,09:16:41,9.5,500,34350
20231221,09:17:00,9.25,50,34350
20231221,09:17:31,9.15,100,34350
20231221,09:17:41,9.7,700,34350
20231221,09:17:59,8.8,50,34600
20231221,09:19:30,8.8,1000,34600
20231221,09:20:21,9.55,400,34600
20231221,09:20:40,9.15,100,34400
20231221,09:21:19,8.2,50,34400
20231221,09:22:31,9.5,550,34400
20231221,09:23:02,9.5,50,34400
20231221,09:23:12,9.5,450,34400
20231221,09:23:22,9.6,50,34400
20231221,09:23:31,9.6,300,34400
20231221,09:23:50,9.55,150,33750
20231221,09:23:59,9.5,900,33750
20231221,09:24:09,9.5,1200,33750
20231221,09:24:19,9.5,300,33750
20231221,09:24:47,9.5,150,33750
20231221,09:25:07,9.4,150,33750
20231221,09:25:57,9.2,200,33750
20231221,09:26:07,9.2,300,33750
20231221,09:26:20,9.25,300,33750
20231221,09:26:42,9.25,350,34550
20231221,09:27:01,9.25,300,34550
20231221,09:27:11,9.25,850,34550
20231221,09:28:10,9.3,100,34550
20231221,09:28:20,9.2,400,34550
20231221,09:28:40,9.2,400,34550
20231221,09:28:49,9.15,50,34550
20231221,09:28:59,9.2,50,34550
20231221,09:29:28,9.15,100,34550
20231221,09:30:15,9.1,200,34400
20231221,09:30:25,9.2,650,34400
20231221,09:31:04,9.1,100,34400
20231221,09:34:43,8.95,50,34300
20231221,09:35:43,9.05,200,34350
20231221,09:37:20,9.1,750,34350
20231221,09:37:48,9.1,750,34350
20231221,09:42:43,9.65,50,34550
20231221,09:49:12,9.4,50,34550
20231221,09:50:23,9.0,200,34550
20231221,09:50:33,8.9,50,34550
20231221,09:52:21,8.5,2250,34550
20231221,09:52:31,8.5,750,34550
20231221,09:52:41,8.5,1750,34550
20231221,09:52:51,8.45,150,34550
20231221,09:53:01,8.45,550,34550
20231221,09:53:21,8.4,650,34550
20231221,09:53:31,8.5,1150,34550
20231221,09:53:40,8.45,350,34550
20231221,09:53:50,8.45,250,34550
20231221,09:53:59,8.4,150,34850
20231221,09:55:04,8.35,100,34850
20231221,09:55:43,8.35,350,34850
20231221,09:55:52,8.3,200,34850
20231221,09:56:02,8.3,150,34850
20231221,09:56:11,8.25,650,34850
20231221,09:57:08,8.2,1050,34850
20231221,09:57:17,8.25,50,34850
20231221,09:57:45,8.2,750,34850
20231221,09:58:04,8.2,200,34850
20231221,09:58:14,8.2,500,34850
20231221,10:00:00,8.2,100,34250
20231221,10:01:55,8.15,50,34250
20231221,10:02:07,8.25,450,34250
20231221,10:02:19,8.2,50,34250
20231221,10:05:19,8.15,1050,34150
20231221,10:05:57,8.2,250,33200
20231221,10:06:16,8.2,250,33200
20231221,10:06:36,8.2,250,33200
20231221,10:06:45,8.2,50,33200
20231221,10:10:28,8.2,50,33250
20231221,10:11:40,8.25,50,33250
20231221,10:14:55,8.3,150,33300
20231221,10:15:04,8.2,350,33300
20231221,10:15:23,8.15,250,33300
20231221,10:16:40,8.25,250,33300
20231221,10:16:50,8.25,250,33300
20231221,10:17:20,8.25,250,33300
20231221,10:17:48,8.25,300,33300
20231221,10:26:13,8.45,800,33250
20231221,10:27:17,8.4,50,33250
20231221,10:30:31,8.4,150,33250
20231221,10:30:42,8.4,250,33250
20231221,10:33:49,8.05,50,33200
20231221,10:40:21,8.15,200,33150
20231221,10:41:33,8.3,100,33150
20231221,10:41:54,8.3,350,33150
20231221,10:47:32,8.3,100,33250
20231221,10:47:51,8.2,1800,33250
20231221,10:48:10,8.15,850,33300
20231221,10:48:30,8.2,50,33300
20231221,10:49:08,8.15,400,33300
20231221,10:49:37,8.1,500,33300
20231221,10:50:17,8.1,1500,33300
20231221,10:51:15,8.1,450,35000
20231221,10:52:37,8.1,800,35000
20231221,10:52:48,8.0,250,35000
20231221,10:52:58,7.95,1200,35000
20231221,10:53:09,7.95,450,35000
20231221,10:53:19,7.85,300,35000
20231221,10:53:29,7.8,2350,35000
20231221,10:53:52,7.8,300,35000
20231221,10:55:11,7.85,250,35600
20231221,10:56:16,7.8,350,35600
20231221,10:59:17,7.7,250,35300
20231221,10:59:46,7.75,200,35300
20231221,11:00:05,7.7,250,35250
20231221,11:02:00,7.7,400,35250
20231221,11:03:35,7.8,250,35450
20231221,11:05:46,7.8,100,35450
20231221,11:16:19,7.55,300,35150
20231221,11:16:28,7.55,100,35150
20231221,11:17:55,7.55,50,35150
20231221,11:21:03,7.55,150,35050
20231221,11:22:59,7.6,150,35050
20231221,11:26:48,7.65,150,35100
20231221,11:27:15,7.55,250,34950
20231221,11:27:24,7.55,50,34950
20231221,11:47:49,7.5,250,35250
20231221,11:49:29,7.5,250,35500
20231221,11:50:30,7.5,250,35500
20231221,11:50:39,7.3,350,35500
20231221,11:52:05,7.2,300,36000
20231221,11:53:30,7.2,250,36000
20231221,11:54:23,7.25,100,35800
20231221,11:54:59,7.3,250,35800
20231221,11:56:47,7.25,150,35800
20231221,11:58:06,7.2,150,35300
20231221,11:59:40,7.2,250,35300
20231221,12:00:12,7.15,300,35000
20231221,12:02:21,7.05,450,35000
20231221,12:02:40,7.05,300,35000
20231221,12:04:48,7.1,150,34700
20231221,12:07:38,7.15,300,34850
20231221,12:08:17,6.95,300,34850
20231221,12:10:30,6.8,150,34800
20231221,12:16:53,6.8,100,34800
20231221,12:39:29,7.05,250,34750
20231221,12:39:39,7.1,250,34750
20231221,12:40:09,7.05,250,34750
20231221,12:40:19,7.05,300,34750
20231221,12:43:32,7.0,50,34850
20231221,12:44:53,6.95,50,34850
20231221,12:45:13,6.95,400,34850
20231221,12:45:53,6.8,100,34950
20231221,12:50:03,6.9,50,34950
20231221,12:51:32,6.85,400,34900
20231221,12:53:17,6.9,300,34900
20231221,12:54:43,6.9,50,34200
20231221,13:01:49,6.95,50,34150
20231221,13:04:39,7.0,550,34200
20231221,13:09:55,6.9,350,33950
20231221,13:10:24,7.0,50,33950
20231221,13:10:44,6.9,50,33950
20231221,13:13:20,6.9,500,33700
20231221,13:13:39,6.9,250,33700
20231221,13:14:43,6.9,250,33700
20231221,13:14:53,6.9,400,33700
20231221,13:15:03,6.9,650,33700
20231221,13:15:42,6.9,250,32400
20231221,13:18:33,6.9,250,32400
20231221,13:19:38,6.9,50,32400
20231221,13:21:56,6.85,250,32150
20231221,13:23:51,6.9,200,32150
20231221,13:31:35,6.9,250,32050
20231221,13:31:45,6.9,300,32050
20231221,13:32:46,7.1,550,32050
20231221,13:34:02,7.1,450,32300
20231221,13:36:15,7.05,250,32300
20231221,13:36:34,6.95,250,32300
20231221,13:36:53,7.05,450,32300
20231221,13:37:52,6.65,50,32300
20231221,13:39:52,6.45,200,31850
20231221,13:40:21,6.4,1000,31850
20231221,13:40:41,6.4,250,31850
20231221,13:42:20,6.2,300,31850
20231221,13:42:29,6.2,200,32000
20231221,13:42:39,6.2,150,32000
20231221,13:42:48,6.5,1150,32000
20231221,13:43:25,6.5,500,32000
20231221,13:44:28,6.4,250,32000
20231221,13:45:58,6.4,250,32000
20231221,13:46:52,6.45,300,32050
20231221,13:50:50,6.3,750,31750
20231221,13:52:06,6.25,500,31250
20231221,13:52:34,6.4,600,31250
20231221,13:53:30,6.4,50,31250
20231221,13:54:10,6.25,200,31250
20231221,13:55:33,6.25,250,31550
20231221,13:55:51,6.4,100,31550
20231221,13:56:00,6.4,150,31550
20231221,13:56:37,6.4,50,31550
20231221,13:56:45,6.4,50,31550
20231221,13:56:54,6.35,300,31550
20231221,13:57:12,6.15,250,31550
20231221,13:57:21,6.15,250,31550
20231221,13:57:40,6.15,200,31950
20231221,13:57:48,6.15,300,31950
20231221,13:57:58,6.25,150,31950
20231221,13:58:25,6.05,700,31950
20231221,13:59:12,6.05,1550,31950
20231221,13:59:31,6.0,150,31950
20231221,13:59:49,5.95,750,31950
20231221,14:00:07,5.9,250,31950
20231221,14:00:16,5.85,400,31950
20231221,14:00:26,5.85,1750,31950
20231221,14:00:35,5.85,500,35750
20231221,14:01:03,6.0,250,35750
20231221,14:02:31,5.85,200,35750
20231221,14:04:01,5.8,50,35750
20231221,14:04:21,5.8,250,35750
20231221,14:05:05,5.65,600,35750
20231221,14:05:15,5.55,600,35750
20231221,14:07:27,5.55,50,35750
20231221,14:07:36,5.6,150,35750
20231221,14:08:42,5.55,350,35750
20231221,14:11:09,5.5,1500,35750
20231221,14:12:25,5.4,1350,35750
20231221,14:13:32,5.35,150,35750
20231221,14:14:10,5.35,250,35750
20231221,14:14:20,5.35,250,35750
20231221,14:14:30,5.3,200,35750
20231221,14:16:13,5.25,150,35450
20231221,14:16:44,5.25,1100,35450
20231221,14:17:03,5.3,500,35450
20231221,14:17:42,5.3,250,35450
20231221,14:18:01,5.35,250,35450
20231221,14:18:11,5.3,600,35450
20231221,14:18:50,5.35,250,35450
20231221,14:18:59,5.3,200,35450
20231221,14:19:28,5.4,100,35450
20231221,14:19:57,5.4,400,35450
20231221,14:20:26,5.4,100,35450
20231221,14:21:24,5.35,100,35450
20231221,14:22:07,5.4,200,35150
20231221,14:22:19,5.45,1250,35150
20231221,14:22:39,5.4,250,35150
20231221,14:23:39,5.5,700,35150
20231221,14:24:02,5.45,250,35150
20231221,14:24:12,5.45,100,35150
20231221,14:24:44,5.35,400,34950
20231221,14:25:03,5.4,400,34950
20231221,14:26:19,5.35,200,34950
20231221,14:26:29,5.3,100,34950
20231221,14:27:06,5.35,50,34950
20231221,14:28:31,5.3,500,35250
20231221,14:29:46,5.3,100,35250
20231221,14:30:52,5.25,200,35400
20231221,14:32:35,5.2,100,35400
20231221,14:32:45,5.2,2100,35400
20231221,14:33:07,5.3,250,35400
20231221,14:33:17,5.35,450,35400
20231221,14:33:27,5.4,250,35400
20231221,14:33:37,5.45,250,33650
20231221,14:33:47,5.4,350,33650
20231221,14:34:16,5.35,400,33650
20231221,14:35:24,5.4,1500,33650
20231221,14:35:52,5.45,1200,33650
20231221,14:36:02,5.5,400,33650
20231221,14:36:41,5.6,200,32850
20231221,14:37:20,5.75,50,32850
20231221,14:37:30,5.9,50,32850
20231221,14:37:40,5.65,500,32850
20231221,14:37:59,5.65,250,32850
20231221,14:38:20,5.6,600,32850
20231221,14:41:01,5.45,50,32800
20231221,14:42:27,5.7,200,32800
20231221,14:43:27,5.65,50,32550
20231221,14:45:14,5.75,50,32550
20231221,14:45:24,5.75,100,32550
20231221,14:45:35,5.7,50,32550
20231221,14:47:05,5.65,250,32650
20231221,14:47:15,5.65,250,32650
20231221,14:47:35,5.7,50,32650
20231221,14:48:15,5.8,50,32650
20231221,14:52:00,5.55,1800,32650
20231221,14:52:10,5.5,650,32650
20231221,14:52:42,5.3,150,32650
20231221,14:53:02,5.15,1000,32650
20231221,14:53:42,5.15,650,32650
20231221,14:54:12,5.05,1400,32650
20231221,14:55:02,5.05,100,36150
20231221,14:55:12,5.05,1250,36150
20231221,14:55:22,5.05,500,36150
20231221,14:55:32,5.05,250,36150
20231221,14:55:42,5.1,2250,36150
20231221,14:56:01,5.15,300,36150
20231221,14:56:20,5.05,100,36150
20231221,14:56:30,5.05,100,36150
20231221,14:56:50,5.15,500,36150
20231221,14:57:00,5.25,700,36150
20231221,14:57:10,5.25,50,36150
20231221,14:57:20,5.25,250,36150
20231221,14:57:30,5.3,450,36150
20231221,14:58:00,5.35,50,33950
20231221,14:58:09,5.4,400,33950
20231221,14:58:19,5.35,400,33950
20231221,14:58:50,5.4,50,33950
20231221,14:59:10,5.4,100,33950
20231221,14:59:51,5.45,50,33950
20231221,15:00:01,5.55,200,33950
20231221,15:00:12,5.6,800,33950
20231221,15:00:43,5.45,550,33400
20231221,15:00:53,5.55,450,33400
20231221,15:01:03,5.55,50,33400
20231221,15:01:33,5.55,250,33400
20231221,15:07:28,5.2,150,33750
20231221,15:08:11,5.3,200,33750
20231221,15:08:23,5.4,650,33750
20231221,15:10:08,5.15,100,34200
20231221,15:10:18,5.0,1550,34200
20231221,15:11:39,4.95,450,34200
20231221,15:12:13,4.95,250,34200
20231221,15:12:34,4.95,50,34200
20231221,15:12:45,4.9,150,34200
20231221,15:12:55,4.8,350,34700
20231221,15:13:06,4.8,250,34700
20231221,15:13:16,4.75,100,34700
20231221,15:13:46,4.75,150,34700
20231221,15:14:26,4.8,150,34700
20231221,15:15:15,4.9,50,34700
20231221,15:16:07,4.8,250,34100
20231221,15:17:18,4.9,150,34100
20231221,15:18:27,4.9,100,34100
20231221,15:19:36,4.9,250,34300
20231221,15:20:10,4.95,200,34300
20231221,15:21:37,5.0,300,34300
20231221,15:25:15,5.4,2550,34450
20231221,15:27:15,5.0,250,34450
20231221,15:27:25,5.0,100,34450
20231221,15:28:06,5.0,150,36500
20231221,15:28:17,5.15,300,36500
20231221,15:29:33,4.95,150,36500
20231221,15:29:46,4.9,50,36500
20231222,09:16:01,5.55,1,36900
20231222,09:16:01,5.55,50,36900
20231222,09:16:38,5.2,50,36900
20231222,09:16:52,4.85,100,36900
20231222,09:16:57,4.85,500,36900
20231222,09:17:20,4.8,150,36900
20231222,09:17:24,4.75,100,36900
20231222,09:17:29,4.75,250,37850
20231222,09:17:43,4.75,200,37850
20231222,09:17:57,4.75,500,37850
20231222,09:18:14,4.85,100,37850
20231222,09:18:23,4.85,250,37850
20231222,09:19:16,4.85,500,37850
20231222,09:20:08,4.65,1300,37850
20231222,09:20:17,4.65,50,37850
20231222,09:26:28,4.7,300,39350
20231222,09:27:21,4.7,100,39300
20231222,09:28:36,4.65,50,39300
20231222,09:28:45,4.65,100,39300
20231222,09:30:06,4.7,100,39300
20231222,09:30:25,4.65,200,39300
20231222,09:30:44,4.75,350,39300
20231222,09:30:53,4.85,800,39300
20231222,09:31:49,4.8,450,39300
20231222,09:31:58,4.85,600,39300
20231222,09:32:17,4.9,200,39300
20231222,09:32:35,4.85,850,40800
20231222,09:33:30,4.8,500,40800
20231222,09:34:43,4.8,100,40800
20231222,09:34:52,4.8,100,40800
20231222,09:36:12,4.75,100,41100
20231222,09:37:34,4.85,1000,41100
20231222,09:38:08,4.75,100,41100
20231222,09:38:25,4.65,1000,41100
20231222,09:38:40,4.75,150,41800
20231222,09:39:54,4.7,750,41800
20231222,09:41:42,4.7,50,42550
20231222,09:41:56,4.55,100,42550
20231222,09:42:16,4.55,50,42550
20231222,09:42:48,4.6,50,42550
20231222,09:44:06,4.65,450,42550
20231222,09:44:50,4.65,500,43000
20231222,09:45:39,4.65,500,43000
20231222,09:45:51,4.6,50,43000
20231222,09:46:39,4.55,150,43000
20231222,09:49:01,4.65,250,44050
20231222,09:50:04,4.65,150,44050
20231222,09:50:11,4.6,50,44050
20231222,09:50:18,4.55,150,44050
20231222,09:50:24,4.6,50,44050
20231222,09:50:38,4.65,100,44100
20231222,09:50:57,4.75,600,44100
20231222,09:51:04,4.7,100,44100
20231222,09:52:12,4.7,50,44100
20231222,09:54:57,4.75,250,44650
20231222,09:55:18,4.75,500,44650
20231222,09:55:45,4.75,450,44650
20231222,09:56:37,4.7,50,44650
20231222,09:57:58,4.75,100,44650
20231222,09:58:24,4.7,1650,44650
20231222,09:58:31,4.7,50,44650
20231222,09:58:44,4.7,450,44650
20231222,09:59:03,4.65,100,44650
20231222,10:00:22,4.65,50,45000
20231222,10:04:26,4.6,200,45050
20231222,10:04:56,4.7,150,45050
20231222,10:08:37,4.6,50,45150
20231222,10:08:49,4.55,100,45150
20231222,10:09:14,4.55,50,45150
20231222,10:11:10,4.5,400,45150
20231222,10:13:11,4.5,100,45000
20231222,10:14:24,4.6,500,45000
20231222,10:14:39,4.45,1650,45100
20231222,10:14:53,4.45,50,45100
20231222,10:19:24,4.35,350,44100
20231222,10:19:48,4.3,500,44100
20231222,10:19:54,4.35,250,44100
20231222,10:20:13,4.35,250,44100
20231222,10:21:08,4.5,50,44650
20231222,10:21:38,4.5,50,44650
20231222,10:21:51,4.35,300,44650
20231222,10:23:31,4.4,200,44650
20231222,10:24:40,4.25,200,44250
20231222,10:25:56,4.25,250,44250
20231222,10:26:02,4.4,400,44250
20231222,10:26:20,4.35,500,44250
20231222,10:26:26,4.35,250,44250
20231222,10:26:33,4.35,250,44250
20231222,10:26:46,4.35,350,43750
20231222,10:26:53,4.35,350,43750
20231222,10:30:00,4.35,400,43600
20231222,10:30:14,4.35,600,43600
20231222,10:31:30,4.35,550,43600
20231222,10:33:40,4.4,250,43600
20231222,10:36:32,4.35,550,43600
20231222,10:36:39,4.3,1350,43600
20231222,10:36:45,4.25,200,43600
20231222,10:36:58,4.2,1300,43600
20231222,10:37:22,4.2,400,43600
20231222,10:39:17,4.2,300,44750
20231222,10:40:03,4.2,100,44750
20231222,10:42:22,4.15,100,44450
20231222,10:42:28,4.15,650,44450
20231222,10:48:23,4.25,850,43950
20231222,10:48:29,4.3,1000,43950
20231222,10:51:13,4.25,400,44800
20231222,10:55:19,4.3,50,44800
20231222,10:56:24,4.35,50,44800
20231222,10:56:59,4.35,100,44800
20231222,10:58:51,4.4,100,44800
20231222,11:00:05,4.4,150,44900
20231222,11:01:10,4.45,50,44900
20231222,11:01:47,4.55,1200,44900
20231222,11:01:57,4.55,1800,44900
20231222,11:02:52,4.5,250,44850
20231222,11:03:11,4.4,500,44850
20231222,11:03:20,4.45,750,44850
20231222,11:03:48,4.4,250,44850
20231222,11:04:24,4.4,100,44850
20231222,11:08:33,4.3,250,44450
20231222,11:13:16,4.3,50,44450
20231222,11:14:32,4.3,250,44450
20231222,11:14:40,4.3,100,44450
20231222,11:15:11,4.25,350,44500
20231222,11:16:48,4.35,50,44500
20231222,11:16:56,4.35,300,44500
20231222,11:17:12,4.35,250,44500
20231222,11:17:29,4.35,150,44500
20231222,11:20:27,4.35,50,44450
20231222,11:21:10,4.35,1600,44500
20231222,11:23:47,4.35,150,44500
20231222,11:24:46,4.5,50,43400
20231222,11:26:54,4.55,100,43400
20231222,11:30:02,4.6,50,43300
20231222,11:30:43,4.6,400,43300
20231222,11:31:07,4.65,1000,43300
20231222,11:35:14,4.5,1000,44300
20231222,11:36:53,4.55,150,43300
20231222,11:37:33,4.5,250,43300
20231222,11:39:49,4.55,100,43300
20231222,11:45:08,4.6,250,43300
20231222,11:46:53,4.55,250,43300
20231222,11:47:33,4.5,200,43300
20231222,11:49:32,4.45,100,43350
20231222,11:52:41,4.45,400,43350
20231222,11:52:48,4.45,1250,43350
20231222,11:52:56,4.4,1800,43350
20231222,11:53:59,4.4,600,44350
20231222,11:55:14,4.4,400,44350
20231222,11:55:28,4.45,150,44350
20231222,11:56:57,4.35,1000,44100
20231222,12:00:55,4.5,500,43450
20231222,12:01:02,4.55,200,43450
20231222,12:05:15,4.55,50,43950
20231222,12:05:23,4.45,600,43950
20231222,12:10:27,4.25,200,44050
20231222,12:14:48,4.2,150,44050
20231222,12:14:56,4.1,200,44200
20231222,12:15:19,4.1,1350,44200
20231222,12:16:59,4.05,50,44200
20231222,12:19:04,4.0,50,45350
20231222,12:22:01,3.95,250,45350
20231222,12:22:17,3.95,200,45350
20231222,12:22:31,3.95,550,45350
20231222,12:22:59,3.95,50,45350
20231222,12:33:36,3.9,100,44350
20231222,12:35:22,3.8,450,44350
20231222,12:35:32,3.8,250,44350
20231222,12:35:42,3.8,500,44350
20231222,12:36:11,3.8,300,43750
20231222,12:38:05,3.8,500,43750
20231222,12:39:22,3.8,150,43650
20231222,12:40:09,3.75,300,43650
20231222,12:40:19,3.75,200,43650
20231222,12:45:16,3.75,100,43950
20231222,12:45:43,3.75,200,43950
20231222,12:49:51,3.65,500,44150
20231222,12:50:05,3.65,200,44150
20231222,12:50:38,3.6,200,44150
20231222,12:52:44,3.6,50,44400
20231222,13:03:34,3.6,700,44350
20231222,13:08:52,3.8,100,44050
20231222,13:10:33,3.75,50,44000
20231222,13:15:46,3.55,50,44000
20231222,13:16:28,3.55,350,44000
20231222,13:17:09,3.6,50,44000
20231222,13:18:44,3.7,100,43850
20231222,13:20:28,3.7,250,43850
20231222,13:20:35,3.65,150,43850
20231222,13:20:55,3.7,350,43850
20231222,13:21:21,3.65,600,44300
20231222,13:22:00,3.7,250,44300
20231222,13:22:20,3.7,250,44300
20231222,13:23:59,3.65,300,45000
20231222,13:27:06,3.7,300,45300
20231222,13:27:12,3.7,250,45300
20231222,13:27:56,3.65,450,45300
20231222,13:28:21,3.7,300,45300
20231222,13:29:04,3.75,150,45300
20231222,13:31:39,3.75,500,45400
20231222,13:32:23,3.7,300,45400
20231222,13:34:58,3.8,50,45150
20231222,13:36:06,3.8,100,45150
20231222,13:36:20,3.75,150,45150
20231222,13:40:10,3.8,100,45300
20231222,13:40:50,3.7,300,45300
20231222,13:43:38,3.5,300,45550
20231222,13:44:08,3.5,250,45550
20231222,13:50:07,3.5,750,46050
20231222,13:51:25,3.75,750,45650
20231222,13:53:14,3.75,1550,45650
20231222,13:53:34,3.75,50,45650
20231222,13:53:55,3.7,100,45650
20231222,13:54:05,3.75,700,45650
20231222,13:54:36,3.85,500,44850
20231222,13:54:45,3.85,50,44850
20231222,13:56:43,4.0,350,44850
20231222,13:57:32,4.05,100,44700
20231222,13:58:12,4.05,50,44700
20231222,14:01:36,4.0,250,44800
20231222,14:02:05,4.05,100,44800
20231222,14:03:32,4.05,250,44850
20231222,14:03:42,4.0,250,44850
20231222,14:04:30,3.85,250,44850
20231222,14:04:59,4.0,50,44850
20231222,14:05:38,3.95,850,44850
20231222,14:07:20,3.95,150,43750
20231222,14:08:27,4.0,100,43750
20231222,14:08:37,3.95,50,43750
20231222,14:09:16,3.95,200,43900
20231222,14:12:10,3.9,100,43900
20231222,14:18:02,3.95,1950,44000
20231222,14:18:52,3.95,250,43300
20231222,14:20:30,4.1,1800,43300
20231222,14:20:38,4.15,1250,43300
20231222,14:22:35,3.9,50,43300
20231222,14:26:58,3.9,50,43250
20231222,14:27:55,3.9,50,42750
20231222,14:32:46,3.9,50,42800
20231222,14:34:28,3.8,550,42750
20231222,14:34:36,3.7,1250,42750
20231222,14:34:45,3.75,1200,42750
20231222,14:35:02,3.9,300,42750
20231222,14:35:10,3.8,1000,42750
20231222,14:35:26,3.8,550,42750
20231222,14:40:33,3.9,1100,43000
20231222,14:40:51,3.9,600,43000
20231222,14:41:00,4.0,50,43000
20231222,14:41:29,4.15,200,43000
20231222,14:41:37,4.1,100,43000
20231222,14:41:45,4.1,200,43000
20231222,14:42:03,4.2,100,43000
20231222,14:43:15,4.15,50,43750
20231222,14:44:01,4.1,500,43750
20231222,14:44:10,4.15,850,43750
20231222,14:44:29,4.1,700,43750
20231222,14:44:47,4.15,100,43750
20231222,14:45:24,4.1,200,44100
20231222,14:45:44,4.1,50,44100
20231222,14:45:53,4.1,150,44100
20231222,14:46:12,4.0,50,44100
20231222,14:46:22,3.85,2800,44100
20231222,14:46:50,3.95,100,44100
20231222,14:46:59,3.9,250,44100
20231222,14:47:08,3.8,1000,44100
20231222,14:47:27,3.6,2850,44100
20231222,14:47:47,3.6,500,44100
20231222,14:48:05,3.5,1250,44100
20231222,14:48:14,3.5,500,44100
20231222,14:48:40,3.6,250,51400
20231222,14:48:49,3.6,100,51400
20231222,14:49:48,3.6,200,51400
20231222,14:49:56,3.65,50,51400
20231222,14:50:05,3.65,1500,51400
20231222,14:50:13,3.75,300,51400
20231222,14:50:22,3.75,250,51400
20231222,14:50:41,3.85,400,51400
20231222,14:50:59,3.85,150,51400
20231222,14:51:17,3.85,300,52250
20231222,14:51:25,3.85,50,52250
20231222,14:52:57,3.55,550,52250
20231222,14:53:05,3.55,50,52250
20231222,14:53:36,3.6,500,52250
20231222,14:53:52,3.6,100,52250
20231222,14:54:00,3.6,50,52250
20231222,14:54:25,3.6,50,52550
20231222,14:55:01,3.65,1850,52550
20231222,14:56:16,3.65,50,52550
20231222,14:56:52,3.7,300,52550
20231222,14:57:11,3.65,50,52550
20231222,14:57:20,3.65,50,53300
20231222,14:58:27,3.55,250,53300
20231222,14:58:52,3.55,200,53300
20231222,14:59:10,3.65,200,53300
20231222,14:59:18,3.7,50,53300
20231222,15:00:01,3.8,1300,53300
20231222,15:00:18,3.75,50,53300
20231222,15:00:27,3.7,50,53150
20231222,15:01:01,3.7,150,53150
20231222,15:01:10,3.7,150,53150
20231222,15:01:27,3.65,250,53150
20231222,15:01:55,3.7,1600,53150
20231222,15:02:12,3.7,50,53150
20231222,15:03:48,3.6,50,51900
20231222,15:05:21,3.6,50,51900
20231222,15:05:48,3.5,50,51900
20231222,15:06:08,3.6,50,51900
20231222,15:06:17,3.5,50,51900
20231222,15:06:26,3.55,100,51900
20231222,15:06:36,3.6,100,51900
20231222,15:06:44,3.6,100,51900
20231222,15:06:53,3.55,200,51900
20231222,15:07:01,3.6,100,51900
20231222,15:07:26,3.45,50,51900
20231222,15:07:35,3.45,50,51900
20231222,15:07:44,3.45,50,51900
20231222,15:09:02,3.45,100,51900
20231222,15:09:38,3.55,50,52350
20231222,15:09:46,3.5,900,52350
20231222,15:09:54,3.55,50,52350
20231222,15:10:03,3.55,100,52350
20231222,15:10:11,3.6,100,52350
20231222,15:10:20,3.6,200,52350
20231222,15:10:37,3.6,100,52350
20231222,15:10:46,3.65,100,52350
20231222,15:10:55,3.6,800,52350
20231222,15:11:04,3.6,100,52350
20231222,15:11:58,3.55,100,52350
20231222,15:13:07,3.6,50,54750
20231222,15:13:15,3.6,50,54750
20231222,15:13:48,3.5,50,54750
20231222,15:14:05,3.45,50,54750
20231222,15:14:14,3.5,50,54750
20231222,15:14:30,3.4,100,54750
20231222,15:15:12,3.4,1650,54750
20231222,15:16:10,3.5,1800,54700
20231222,15:16:53,3.6,150,54700
20231222,15:17:19,3.6,50,54700
20231222,15:17:29,3.65,200,54700
20231222,15:17:39,3.7,50,54700
20231222,15:17:48,3.75,100,54700
20231222,15:18:07,3.65,700,54700
20231222,15:20:13,3.6,50,54900
20231222,15:21:46,3.5,50,54900
20231222,15:22:54,3.45,100,54900
20231222,15:23:02,3.35,350,54900
20231222,15:23:11,3.35,400,54900
20231222,15:23:26,3.3,550,54900
20231222,15:23:58,3.3,900,54900
20231222,15:24:13,3.4,300,54900
20231222,15:24:21,3.35,350,54100
20231222,15:24:29,3.35,50,54100
20231222,15:25:07,3.25,200,54100
20231222,15:25:16,3.25,100,54100
20231222,15:25:26,3.2,550,54100
20231222,15:25:36,3.2,650,54100
20231222,15:25:46,3.1,600,54100
20231222,15:25:55,3.1,400,54100
20231222,15:26:04,2.95,500,54100
20231222,15:26:13,2.95,1750,54100
20231222,15:26:23,2.9,300,54100
20231222,15:26:32,2.85,1250,54100
20231222,15:26:41,2.85,400,54100
20231222,15:26:50,2.85,1100,54100
20231222,15:27:00,2.9,2050,54100
20231222,15:27:10,2.95,50,54100
20231222,15:27:28,2.9,300,60450
20231222,15:27:37,2.9,200,60450
20231222,15:27:45,2.85,1550,60450
20231222,15:27:54,2.85,850,60450
20231222,15:28:04,3.0,500,60450
20231222,15:28:13,2.95,200,60450
20231222,15:28:22,2.95,200,60450
20231222,15:28:31,2.9,200,60450
20231222,15:28:39,2.9,450,60450
20231222,15:28:48,2.95,100,60450
20231222,15:29:35,2.9,50,60450
20231222,15:29:52,3.0,150,60450
20231226,09:15:14,3.35,1,62450
20231226,09:15:14,3.3,150,62450
20231226,09:15:26,1.7,750,62450
20231226,09:16:47,2.9,500,62450
20231226,09:16:56,3.1,500,62450
20231226,09:17:06,3.0,1100,62450
20231226,09:17:16,2.95,250,62450
20231226,09:17:25,3.05,1350,62450
20231226,09:17:35,3.05,850,64000
20231226,09:18:04,3.1,150,64000
20231226,09:18:14,3.1,250,64000
20231226,09:19:04,3.1,200,64000
20231226,09:19:23,3.15,250,64000
20231226,09:20:18,3.1,200,64000
20231226,09:20:55,3.2,100,64400
20231226,09:21:05,3.1,350,64400
20231226,09:21:15,3.1,100,64400
20231226,09:22:03,3.15,400,64400
20231226,09:22:14,3.15,250,64400
20231226,09:22:44,3.2,50,64400
20231226,09:23:24,3.2,450,64400
20231226,09:23:54,3.2,350,65200
20231226,09:24:14,3.15,500,65200
20231226,09:25:32,3.15,1100,65200
20231226,09:25:42,3.1,300,65200
20231226,09:27:09,3.1,400,66350
20231226,09:27:28,3.15,550,66350
20231226,09:28:17,2.95,750,66350
20231226,09:28:27,2.95,300,66350
20231226,09:28:37,2.95,400,66350
20231226,09:29:55,2.9,2050,65600
20231226,09:30:05,2.9,200,65600
20231226,09:30:25,2.9,200,65600
20231226,09:30:35,2.95,50,65600
20231226,09:31:05,2.9,900,65600
20231226,09:31:15,2.9,150,65600
20231226,09:31:53,3.0,150,65600
20231226,09:32:12,3.05,200,65600
20231226,09:32:40,3.15,400,65600
20231226,09:33:10,3.1,50,67200
20231226,09:33:41,3.1,150,67200
20231226,09:33:51,3.1,250,67200
20231226,09:34:57,3.0,200,67200
20231226,09:35:07,3.0,150,67200
20231226,09:35:27,3.0,200,67200
20231226,09:35:46,3.0,50,67450
20231226,09:35:56,3.05,600,67450
20231226,09:36:06,3.0,200,67450
20231226,09:37:51,2.95,500,67450
20231226,09:38:56,2.95,50,67550
20231226,09:39:43,2.95,300,67550
20231226,09:39:53,2.95,50,67550
20231226,09:40:20,3.0,100,67550
20231226,09:41:34,2.95,50,67550
20231226,09:41:43,2.95,100,67550
20231226,09:42:02,3.0,200,67550
20231226,09:42:13,3.0,50,67550
20231226,09:43:11,3.0,300,67550
20231226,09:44:06,3.0,1000,67550
20231226,09:44:46,2.95,1000,67000
20231226,09:45:15,3.0,200,67000
20231226,09:45:24,3.0,600,67000
20231226,09:45:34,3.0,300,67000
20231226,09:45:43,3.0,650,67000
20231226,09:45:52,3.0,250,67000
20231226,09:46:02,3.0,1200,67000
20231226,09:46:11,3.0,100,67000
20231226,09:46:21,3.0,2000,67000
20231226,09:46:30,3.05,300,67000
20231226,09:46:39,3.0,100,67000
20231226,09:46:48,3.1,600,67000
20231226,09:46:58,3.1,200,67000
20231226,09:47:08,3.05,200,67000
20231226,09:47:18,3.15,4600,67000
20231226,09:47:28,3.15,2000,67000
20231226,09:47:38,3.15,1800,67000
20231226,09:47:47,3.2,350,65100
20231226,09:48:17,3.2,800,65100
20231226,09:48:27,3.25,650,65100
20231226,09:48:36,3.2,950,65100
20231226,09:48:46,3.2,1250,65100
20231226,09:48:56,3.25,150,65100
20231226,09:49:25,3.2,1600,65100
20231226,09:49:34,3.2,650,65100
20231226,09:49:44,3.15,3800,65100
20231226,09:49:53,3.15,2150,65100
20231226,09:50:11,3.1,1250,65100
20231226,09:50:21,3.15,1400,65100
20231226,09:50:31,3.15,250,65100
20231226,09:51:09,3.1,200,58700
20231226,09:51:30,3.1,300,58700
20231226,09:52:47,3.15,350,58700
20231226,09:53:08,3.15,1650,58700
20231226,09:53:46,3.1,50,59450
20231226,09:53:56,3.1,100,59450
20231226,09:54:05,3.1,50,59450
20231226,09:54:15,3.1,100,59450
20231226,09:55:03,3.05,300,59450
20231226,09:55:22,3.1,100,59450
20231226,09:55:32,3.1,450,59450
20231226,09:56:30,3.1,50,59450
20231226,09:56:49,3.15,200,59550
20231226,09:56:59,3.15,1200,59550
20231226,09:57:08,3.15,50,59550
20231226,09:57:45,3.1,800,59550
20231226,09:58:23,3.1,100,59550
20231226,09:58:42,3.15,200,59550
20231226,09:58:52,3.15,100,59550
20231226,09:59:11,3.15,200,59550
20231226,09:59:21,3.15,50,59550
20231226,09:59:31,3.15,450,59550
20231226,09:59:41,3.15,1100,58650
20231226,09:59:52,3.15,50,58650
20231226,10:00:02,3.2,700,58650
20231226,10:00:13,3.15,450,58650
20231226,10:00:23,3.15,50,58650
20231226,10:00:33,3.15,650,58650
20231226,10:01:02,3.15,50,58650
20231226,10:02:11,3.05,250,58650
20231226,10:02:20,3.1,1000,58650
20231226,10:03:07,3.2,750,57500
20231226,10:03:16,3.15,200,57500
20231226,10:03:36,3.15,50,57500
20231226,10:03:45,3.2,50,57500
20231226,10:04:05,3.15,50,57500
20231226,10:04:34,3.2,300,57500
20231226,10:05:03,3.2,50,57500
20231226,10:06:27,3.1,50,56700
20231226,10:06:46,3.2,750,56700
20231226,10:06:55,3.2,50,56700
20231226,10:07:14,3.2,100,56700
20231226,10:07:24,3.2,650,56700
20231226,10:07:53,3.15,200,56700
20231226,10:09:17,3.15,50,56750
20231226,10:11:10,3.15,250,56750
20231226,10:11:58,3.15,300,56750
20231226,10:13:49,3.15,300,56750
20231226,10:14:00,3.15,300,56750
20231226,10:14:49,3.15,300,56100
20231226,10:15:18,3.25,250,56100
20231226,10:15:56,3.2,250,56100
20231226,10:18:54,3.2,300,55850
20231226,10:19:04,3.2,200,55850
20231226,10:19:13,3.2,50,55850
20231226,10:19:40,3.2,50,55850
20231226,10:19:49,3.2,400,55850
20231226,10:22:35,3.1,250,55800
20231226,10:23:24,3.15,200,55800
20231226,10:23:34,3.1,50,55800
20231226,10:23:43,3.1,100,55750
20231226,10:23:52,3.1,300,55750
20231226,10:24:02,3.1,100,55750
20231226,10:24:20,3.15,200,55750
20231226,10:24:38,3.1,550,55750
20231226,10:24:47,3.15,50,55750
20231226,10:24:57,3.15,50,55750
20231226,10:25:07,3.15,100,55750
20231226,10:26:15,3.2,100,55750
20231226,10:26:54,3.2,300,55650
20231226,10:27:04,3.2,100,55650
20231226,10:27:14,3.2,300,55650
20231226,10:28:11,3.15,50,55650
20231226,10:30:05,3.15,50,54950
20231226,10:30:15,3.2,100,54950
20231226,10:30:54,3.15,50,54950
20231226,10:31:31,3.15,400,54950
20231226,10:31:40,3.2,100,54950
20231226,10:33:44,3.1,1800,55100
20231226,10:34:49,3.15,100,55100
20231226,10:34:59,3.15,100,55100
20231226,10:35:27,3.1,100,55100
20231226,10:35:46,3.1,200,55450
20231226,10:35:55,3.05,50,55450
20231226,10:36:33,3.1,1100,55450
20231226,10:36:52,3.15,100,55450
20231226,10:37:47,3.1,100,55450
20231226,10:39:18,3.1,350,55900
20231226,10:39:55,3.1,200,55900
20231226,10:40:05,3.1,50,55900
20231226,10:40:34,3.1,50,55900
20231226,10:42:31,3.1,500,56150
20231226,10:42:40,3.0,950,56150
20231226,10:42:50,3.0,50,56150
20231226,10:43:55,3.05,50,56150
20231226,10:44:50,3.0,100,56150
20231226,10:45:09,3.0,50,56150
20231226,10:46:12,3.1,50,56150
20231226,10:47:06,3.1,50,56150
20231226,10:50:06,3.05,250,56150
20231226,10:51:28,3.1,100,56400
20231226,10:52:50,3.1,250,56400
20231226,10:52:59,3.1,50,56400
20231226,10:55:34,3.1,200,56000
20231226,10:56:11,3.1,150,56000
20231226,10:57:03,3.15,1600,55750
20231226,10:58:31,3.15,200,55750
20231226,11:00:13,3.2,50,56950
20231226,11:03:05,3.2,50,57000
20231226,11:04:14,3.15,50,57000
20231226,11:04:30,3.15,150,57000
20231226,11:04:46,3.15,50,57000
20231226,11:06:31,3.2,700,56950
20231226,11:09:35,3.2,100,57650
20231226,11:09:53,3.2,200,57650
20231226,11:10:10,3.25,100,57650
20231226,11:14:48,3.25,1600,57650
20231226,11:16:26,3.3,100,57550
20231226,11:17:53,3.3,100,57650
20231226,11:19:36,3.3,250,57650
20231226,11:19:44,3.3,250,57650
20231226,11:20:30,3.3,50,57650
20231226,11:20:37,3.3,100,57650
20231226,11:21:46,3.3,50,57850
20231226,11:22:10,3.3,150,57850
20231226,11:22:18,3.3,50,57850
20231226,11:23:35,3.25,400,57850
20231226,11:23:44,3.25,100,57850
20231226,11:25:16,3.3,100,58150
20231226,11:25:23,3.3,200,58150
20231226,11:25:30,3.3,100,58150
20231226,11:25:51,3.3,100,58150
20231226,11:26:10,3.3,450,58150
20231226,11:30:35,3.35,50,58150
20231226,11:31:38,3.35,150,58150
20231226,11:36:14,3.45,700,58250
20231226,11:38:09,3.45,50,58250
20231226,11:40:04,3.45,500,58850
20231226,11:41:05,3.45,50,58850
20231226,11:42:14,3.45,150,59200
20231226,11:43:53,3.4,300,59200
20231226,11:44:32,3.4,400,59200
20231226,11:46:51,3.4,450,58650
20231226,11:48:02,3.3,3750,58900
20231226,11:48:09,3.35,50,58900
20231226,11:54:01,3.35,3650,60750
20231226,11:55:08,3.45,1200,60750
20231226,11:55:14,3.4,300,60750
20231226,11:58:02,3.5,2300,64500
20231226,11:58:09,3.45,50,64500
20231226,11:58:55,3.55,1800,64500
20231226,11:59:41,3.55,50,64500
20231226,11:59:57,3.5,1500,64500
20231226,12:00:04,3.5,550,66750
20231226,12:00:12,3.55,50,66750
20231226,12:00:42,3.45,50,66750
20231226,12:00:49,3.45,1200,66750
20231226,12:02:14,3.4,1900,66750
20231226,12:03:07,3.35,1500,66750
20231226,12:03:45,3.5,3600,66750
20231226,12:04:57,3.4,500,66750
20231226,12:05:12,3.4,50,66750
20231226,12:05:41,3.5,200,66750
20231226,12:06:55,3.4,1800,71050
20231226,12:07:02,3.4,200,71050
20231226,12:07:29,3.3,1000,71050
20231226,12:08:56,3.3,150,68350
20231226,12:11:24,3.35,650,68350
20231226,12:11:31,3.3,950,68350
20231226,12:11:47,3.4,50,68350
20231226,12:12:59,3.4,50,69450
20231226,12:13:26,3.45,50,69450
20231226,12:13:41,3.45,1200,69450
20231226,12:13:55,3.5,1500,69450
20231226,12:14:09,3.4,200,69450
20231226,12:14:16,3.4,50,69450
20231226,12:14:43,3.45,300,69450
20231226,12:15:11,3.35,850,71500
20231226,12:15:18,3.35,100,71500
20231226,12:15:31,3.4,100,71500
20231226,12:15:50,3.45,50,71500
20231226,12:15:56,3.4,50,71500
20231226,12:16:33,3.4,200,71500
20231226,12:16:47,3.4,50,71500
20231226,12:16:54,3.4,450,71500
20231226,12:17:14,3.4,50,71500
20231226,12:17:52,3.4,250,71500
20231226,12:19:42,3.35,250,71400
20231226,12:20:49,3.4,200,71400
20231226,12:21:41,3.4,250,71550
20231226,12:22:10,3.5,100,71550
20231226,12:22:17,3.45,250,71550
20231226,12:23:15,3.5,1800,71550
20231226,12:23:21,3.4,600,71550
20231226,12:23:27,3.45,50,71550
20231226,12:23:33,3.5,600,71550
20231226,12:24:11,3.4,1800,71550
20231226,12:24:20,3.35,2700,73600
20231226,12:27:25,3.4,200,72000
20231226,12:27:41,3.35,250,72000
20231226,12:27:48,3.35,350,72000
20231226,12:29:35,3.3,400,72000
20231226,12:29:48,3.3,250,72000
20231226,12:30:37,3.3,700,72600
20231226,12:31:30,3.3,1400,72600
20231226,12:31:41,3.4,500,72600
20231226,12:32:44,3.45,750,72600
20231226,12:33:35,3.5,50,70400
20231226,12:34:57,3.5,1150,70400
20231226,12:37:52,3.5,250,71450
20231226,12:39:28,3.5,50,71200
20231226,12:40:18,3.55,900,71200
20231226,12:42:07,3.5,400,71200
20231226,12:43:17,3.5,350,71200
20231226,12:43:49,3.5,300,71200
20231226,12:43:57,3.5,250,71200
20231226,12:44:05,3.45,450,71200
20231226,12:44:15,3.45,200,71200
20231226,12:44:23,3.45,150,71200
20231226,12:44:31,3.45,50,71200
20231226,12:44:39,3.45,100,71200
20231226,12:44:49,3.45,100,71200
20231226,12:45:01,3.45,100,71200
20231226,12:45:22,3.35,150,71500
20231226,12:45:41,3.45,400,71500
20231226,12:46:00,3.35,350,71500
20231226,12:46:14,3.35,200,71500
20231226,12:46:26,3.3,100,71500
20231226,12:46:38,3.3,100,71500
20231226,12:47:03,3.25,550,71500
20231226,12:47:27,3.35,300,71500
20231226,12:48:03,3.3,50,72800
20231226,12:48:16,3.25,500,72800
20231226,12:48:38,3.25,50,72800
20231226,12:49:10,3.35,800,72800
20231226,12:49:19,3.35,100,72800
20231226,12:49:28,3.3,250,72800
20231226,12:49:38,3.3,50,72800
20231226,12:49:48,3.3,500,72800
20231226,12:49:58,3.25,450,72800
20231226,12:50:09,3.25,100,72800
20231226,12:50:20,3.25,50,72800
20231226,12:50:43,3.2,400,72800
20231226,12:50:54,3.15,500,72800
20231226,12:51:16,3.2,100,74500
20231226,12:51:26,3.2,150,74500
20231226,12:51:37,3.2,300,74500
20231226,12:53:35,3.2,300,74500
20231226,12:54:00,3.2,50,74500
20231226,12:54:42,3.1,50,74900
20231226,12:55:00,3.15,150,74900
20231226,12:55:08,3.2,50,74900
20231226,12:56:16,3.1,50,74900
20231226,12:56:26,3.05,100,74900
20231226,12:56:47,3.1,100,74900
20231226,12:56:57,3.15,150,74900
20231226,12:58:41,3.15,200,74550
20231226,12:58:49,3.15,100,74550
20231226,13:00:03,3.2,50,74550
20231226,13:00:11,3.15,50,74400
20231226,13:00:18,3.15,250,74400
20231226,13:00:27,3.15,200,74400
20231226,13:00:52,3.1,50,74400
20231226,13:01:47,3.1,50,74400
20231226,13:02:25,3.1,100,74400
20231226,13:03:02,3.1,350,74400
20231226,13:03:16,3.05,50,74750
20231226,13:03:29,3.05,200,74750
20231226,13:06:48,3.2,400,74900
20231226,13:07:40,3.25,250,74900
20231226,13:08:25,3.2,150,74900
20231226,13:08:51,3.25,200,74900
20231226,13:13:18,3.25,1950,74350
20231226,13:14:03,3.25,50,74350
20231226,13:15:03,3.25,150,74350
20231226,13:15:19,3.3,350,75550
20231226,13:16:11,3.35,50,75550
20231226,13:16:20,3.25,350,75550
20231226,13:16:44,3.3,350,75550
20231226,13:17:10,3.25,100,75550
20231226,13:17:25,3.3,50,75550
20231226,13:17:41,3.35,150,75550
20231226,13:18:04,3.35,50,75550
20231226,13:20:13,3.35,500,75400
20231226,13:21:25,3.35,250,75650
20231226,13:23:22,3.3,50,75650
20231226,13:23:40,3.25,50,75650
20231226,13:24:20,3.25,50,75500
20231226,13:24:35,3.3,50,75500
20231226,13:27:05,3.25,550,75500
20231226,13:27:39,3.25,550,75750
20231226,13:28:06,3.35,50,75750
20231226,13:29:29,3.3,50,75750
20231226,13:33:19,3.3,250,76000
20231226,13:34:18,3.3,250,76000
20231226,13:35:03,3.35,50,76000
20231226,13:35:37,3.3,50,76000
20231226,13:36:17,3.2,50,75500
20231226,13:41:09,3.3,50,75450
20231226,13:44:11,3.25,50,75500
20231226,13:44:33,3.25,1250,75500
20231226,13:45:25,3.3,100,75500
20231226,13:48:46,3.3,100,75550
20231226,13:49:14,3.3,50,75550
20231226,13:51:02,3.25,50,75550
20231226,13:51:30,3.25,50,75600
20231226,13:57:31,3.2,1000,75550
20231226,13:57:50,3.2,100,75550
20231226,14:03:13,3.1,800,76250
20231226,14:03:28,3.15,250,76450
20231226,14:04:34,3.15,300,76450
20231226,14:08:56,3.15,250,76300
20231226,14:13:18,3.15,250,76300
20231226,14:14:07,3.1,250,76300
20231226,14:15:17,3.1,150,76300
20231226,14:15:52,3.15,100,76300
20231226,14:15:59,3.15,50,76300
20231226,14:16:06,3.15,150,76300
20231226,14:16:22,3.15,50,76300
20231226,14:16:44,3.15,100,76300
20231226,14:17:05,3.15,50,76300
20231226,14:20:05,3.1,350,76500
20231226,14:20:34,3.15,200,76500
20231226,14:20:53,3.15,100,76500
20231226,14:21:02,3.1,100,76500
20231226,14:21:22,3.1,50,76250
20231226,14:21:45,3.05,100,76250
20231226,14:22:03,3.1,550,76250
20231226,14:22:14,3.1,500,76250
20231226,14:22:58,3.1,350,76250
20231226,14:23:58,3.15,1000,76250
20231226,14:24:07,3.15,50,76250
20231226,14:24:42,3.15,50,77950
20231226,14:24:58,3.2,200,77950
20231226,14:25:14,3.1,1500,77950
20231226,14:25:23,3.2,300,77950
20231226,14:25:31,3.15,1700,77950
20231226,14:25:39,3.1,100,77950
20231226,14:25:47,3.2,200,77950
20231226,14:25:56,3.2,500,77950
20231226,14:26:03,3.2,100,77950
20231226,14:26:10,3.1,400,77950
20231226,14:26:18,3.15,100,77950
20231226,14:26:33,3.15,100,77950
20231226,14:26:43,3.1,550,77950
20231226,14:27:12,3.2,1400,77950
20231226,14:27:20,3.2,1100,80600
20231226,14:27:36,3.25,100,80600
20231226,14:27:50,3.2,150,80600
20231226,14:29:04,3.2,300,80600
20231226,14:29:25,3.2,750,80600
20231226,14:29:33,3.2,250,80600
20231226,14:30:33,3.15,400,82700
20231226,14:30:48,3.15,50,82700
20231226,14:31:31,3.15,50,82700
20231226,14:32:03,3.05,50,82700
20231226,14:32:52,3.1,50,82700
20231226,14:33:57,3.1,50,82600
20231226,14:34:04,3.1,100,82600
20231226,14:35:11,3.1,50,82600
20231226,14:35:20,3.1,50,82600
20231226,14:36:51,3.0,250,82600
20231226,14:37:31,3.0,600,82600
20231226,14:39:16,3.05,650,83100
20231226,14:40:24,3.0,450,83100
20231226,14:40:58,2.95,250,83100
20231226,14:42:16,2.9,700,83750
20231226,14:43:26,2.95,100,83750
20231226,14:43:34,3.0,400,83750
20231226,14:44:41,2.95,250,83750
20231226,14:45:16,2.95,50,83750
20231226,14:47:38,2.95,50,83750
20231226,14:50:32,2.9,600,83750
20231226,14:52:26,3.0,400,83600
20231226,14:52:40,2.95,200,83600
20231226,14:53:17,3.0,1700,83600
20231226,14:53:24,3.0,50,83600
20231226,14:53:31,3.0,50,83600
20231226,14:55:03,3.0,300,84050
20231226,14:55:17,3.0,200,84050
20231226,14:55:24,3.0,50,84050
20231226,14:59:17,2.95,100,84350
20231226,14:59:27,2.95,50,84350
20231226,14:59:36,2.95,200,84350
20231226,14:59:45,2.95,50,84350
20231226,15:00:00,2.95,50,84350
20231226,15:00:24,2.95,50,84350
20231226,15:01:15,2.9,550,84200
20231226,15:01:57,2.9,250,84200
20231226,15:02:47,2.8,150,84200
20231226,15:03:47,2.95,50,84550
20231226,15:04:00,2.9,50,84550
20231226,15:04:07,2.9,50,84550
20231226,15:04:32,2.95,50,84550
20231226,15:06:33,2.85,100,84550
20231226,15:07:40,2.8,50,84550
20231226,15:07:49,2.8,50,84550
20231226,15:08:07,2.85,50,84550
20231226,15:08:15,2.85,50,84550
20231226,15:08:33,2.8,750,84550
20231226,15:10:29,2.85,50,84850
20231226,15:10:47,2.85,50,84850
20231226,15:10:55,2.85,150,84850
20231226,15:12:42,2.85,50,84800
20231226,15:13:08,2.9,100,84800
20231226,15:13:14,2.85,150,84800
20231226,15:13:49,2.85,200,84800
20231226,15:13:56,2.8,2150,84800
20231226,15:14:03,2.75,1800,84800
20231226,15:14:11,2.8,2100,84800
20231226,15:14:32,2.8,50,84800
20231226,15:14:46,2.75,1700,84800
20231226,15:14:53,2.75,350,84800
20231226,15:15:00,2.75,50,84800
20231226,15:15:07,2.75,650,84800
20231226,15:15:14,2.75,700,84800
20231226,15:15:22,2.7,850,82100
20231226,15:15:29,2.75,450,82100
20231226,15:15:36,2.75,50,82100
20231226,15:15:44,2.75,350,82100
20231226,15:15:52,2.75,50,82100
20231226,15:16:14,2.7,750,82100
20231226,15:16:21,2.7,100,82100
20231226,15:17:09,2.8,450,82100
20231226,15:17:16,2.75,950,82100
20231226,15:18:28,2.75,500,82450
20231226,15:18:48,2.75,200,82450
20231226,15:19:03,2.8,350,82450
20231226,15:19:10,2.8,100,82450
20231226,15:19:45,2.85,100,82450
20231226,15:19:52,2.85,500,82450
20231226,15:20:08,2.85,50,82450
20231226,15:20:25,2.85,100,82450
20231226,15:20:48,2.8,50,82450
20231226,15:21:02,2.75,1750,82450
20231226,15:21:09,2.75,1250,82450
20231226,15:21:16,2.8,50,82450
20231226,15:21:45,2.85,50,82500
20231226,15:21:51,2.85,900,82500
20231226,15:21:59,2.9,300,82500
20231226,15:22:20,2.95,50,82500
20231226,15:22:27,2.95,50,82500
20231226,15:23:03,3.0,50,82500
20231226,15:23:43,2.95,50,82500
20231226,15:24:12,2.9,100,82500
20231226,15:24:39,3.0,100,82850
20231226,15:24:46,3.0,300,82850
20231226,15:24:53,3.0,850,82850
20231226,15:25:01,3.0,50,82850
20231226,15:25:07,3.0,50,82850
20231226,15:25:14,2.95,200,82850
20231226,15:25:36,3.1,100,82850
20231226,15:25:43,2.95,2650,82850
20231226,15:25:51,3.05,200,82850
20231226,15:26:01,3.0,50,82850
20231226,15:26:09,3.05,1850,82850
20231226,15:26:16,3.1,150,82850
20231226,15:26:59,3.05,1200,82850
20231226,15:27:44,3.05,250,83450
20231226,15:28:13,3.0,100,83450
20231226,15:28:22,3.0,150,83450
20231226,15:28:31,3.0,850,83450
20231226,15:28:40,3.0,250,83450
20231226,15:28:56,2.95,50,83450
20231226,15:29:19,2.95,500,83450
20231226,15:29:28,2.9,600,83450
20231226,15:29:38,2.95,1100,83450
20231227,09:16:52,3.05,1,83950
20231227,09:16:52,3.05,250,83950
20231227,09:17:00,3.3,50,83950
20231227,09:17:08,4.3,550,83950
20231227,09:17:17,4.3,50,83950
20231227,09:17:26,2.95,150,83950
20231227,09:17:43,2.9,50,83950
20231227,09:18:08,2.9,150,84250
20231227,09:18:17,2.95,100,84250
20231227,09:18:35,2.95,200,84250
20231227,09:18:53,3.0,200,84250
20231227,09:19:00,3.1,300,84250
20231227,09:19:40,2.95,200,84250
20231227,09:19:48,3.0,150,84250
20231227,09:20:13,3.0,50,84250
20231227,09:20:28,3.1,400,84250
20231227,09:20:36,3.1,1950,84250
20231227,09:20:53,3.05,100,84700
20231227,09:21:01,3.1,150,84700
20231227,09:21:09,3.1,300,84700
20231227,09:21:16,3.1,650,84700
20231227,09:21:24,3.1,300,84700
20231227,09:21:40,3.15,50,84700
20231227,09:21:57,3.15,200,84700
20231227,09:22:07,3.1,900,84700
20231227,09:22:17,3.15,250,84700
20231227,09:22:25,3.15,100,84700
20231227,09:22:33,3.1,700,84700
20231227,09:23:20,3.15,150,84700
20231227,09:23:28,3.15,50,84700
20231227,09:23:59,3.1,150,84100
20231227,09:24:06,3.1,250,84100
20231227,09:24:21,3.15,50,84100
20231227,09:25:14,3.1,300,84100
20231227,09:25:53,3.15,700,84100
20231227,09:26:01,3.15,800,84100
20231227,09:26:08,3.1,700,84100
20231227,09:26:32,3.1,1000,84100
20231227,09:27:26,3.1,500,86100
20231227,09:27:33,3.1,2100,86100
20231227,09:28:26,3.1,200,86100
20231227,09:28:49,3.1,350,86100
20231227,09:29:12,3.1,250,86100
20231227,09:29:50,3.15,550,87550
20231227,09:30:23,3.1,50,87550
20231227,09:30:39,3.1,1200,87550
20231227,09:31:09,3.2,500,87550
20231227,09:31:17,3.15,50,87550
20231227,09:31:54,3.2,2800,87550
20231227,09:32:02,3.2,100,87550
20231227,09:32:17,3.25,550,87550
20231227,09:32:32,3.2,250,87550
20231227,09:32:48,3.2,1750,86850
20231227,09:33:10,3.2,200,86850
20231227,09:33:25,3.15,100,86850
20231227,09:33:41,3.15,200,86850
20231227,09:33:48,3.15,1350,86850
20231227,09:33:56,3.15,450,86850
20231227,09:34:12,3.2,50,86850
20231227,09:34:27,3.25,800,86850
20231227,09:34:35,3.25,50,86850
20231227,09:34:58,3.2,100,86850
20231227,09:35:05,3.15,350,86850
20231227,09:35:13,3.25,150,86850
20231227,09:35:23,3.2,1050,86850
20231227,09:35:43,3.15,400,87250
20231227,09:35:56,3.2,1150,87250
20231227,09:36:09,3.25,50,87250
20231227,09:36:21,3.25,50,87250
20231227,09:36:33,3.25,550,87250
20231227,09:36:40,3.25,1650,87250
20231227,09:36:46,3.3,100,87250
20231227,09:36:52,3.25,100,87250
20231227,09:36:58,3.3,350,87250
20231227,09:37:11,3.35,450,87250
20231227,09:37:18,3.35,250,87250
20231227,09:37:24,3.3,100,87250
20231227,09:37:31,3.3,250,87250
20231227,09:37:37,3.3,1100,87250
20231227,09:37:43,3.3,50,87250
20231227,09:38:06,3.25,400,87250
20231227,09:38:28,3.3,500,87250
20231227,09:38:42,3.3,300,89150
20231227,09:38:58,3.3,350,89150
20231227,09:39:07,3.35,100,89150
20231227,09:39:16,3.3,450,89150
20231227,09:39:43,3.25,100,89150
20231227,09:40:02,3.2,50,89150
20231227,09:40:10,3.15,100,89150
20231227,09:40:19,3.2,1850,89150
20231227,09:40:27,3.25,50,89150
20231227,09:40:36,3.2,250,89150
20231227,09:40:52,3.2,50,89150
20231227,09:41:08,3.1,700,89150
20231227,09:41:17,3.2,750,89150
20231227,09:41:33,3.15,50,89150
20231227,09:41:57,3.2,100,88900
20231227,09:42:07,3.2,1050,88900
20231227,09:42:17,3.15,150,88900
20231227,09:42:34,3.1,2050,88900
20231227,09:42:52,3.2,1000,88900
20231227,09:43:03,3.25,1000,88900
20231227,09:43:13,3.3,250,88900
20231227,09:43:34,3.25,100,88900
20231227,09:44:16,3.25,50,88900
20231227,09:44:46,3.25,350,85500
20231227,09:44:56,3.3,600,85500
20231227,09:45:07,3.3,100,85500
20231227,09:45:27,3.3,100,85500
20231227,09:45:38,3.3,50,85500
20231227,09:45:48,3.35,250,85500
20231227,09:45:58,3.25,50,85500
20231227,09:46:08,3.25,200,85500
20231227,09:46:39,3.2,50,85500
20231227,09:47:20,3.25,100,85500
20231227,09:47:40,3.3,250,85500
20231227,09:48:11,3.25,1250,85050
20231227,09:48:32,3.3,1850,85050
20231227,09:48:53,3.3,50,85050
20231227,09:49:04,3.45,900,85050
20231227,09:49:14,3.4,2100,85050
20231227,09:49:25,3.4,150,85050
20231227,09:51:08,3.4,100,86500
20231227,09:51:18,3.4,50,86500
20231227,09:51:38,3.45,150,86500
20231227,09:51:49,3.45,100,86500
20231227,09:51:59,3.45,50,86500
20231227,09:53:41,3.5,300,86500
20231227,09:53:51,3.5,50,86550
20231227,09:54:01,3.5,900,86550
20231227,09:55:21,3.55,50,86550
20231227,09:55:31,3.55,50,86550
20231227,09:55:41,3.55,1450,86550
20231227,09:55:51,3.6,250,86550
20231227,09:57:02,3.55,50,86150
20231227,09:57:12,3.55,700,86150
20231227,09:57:32,3.5,50,86150
20231227,09:57:42,3.5,50,86150
20231227,09:57:52,3.5,850,86150
20231227,09:58:02,3.5,100,86150
20231227,09:58:32,3.55,600,86150
20231227,09:59:21,3.4,100,86150
20231227,10:00:10,3.4,300,87050
20231227,10:00:20,3.35,1400,87050
20231227,10:00:30,3.3,150,87050
20231227,10:00:48,3.4,200,87050
20231227,10:01:06,3.35,500,87050
20231227,10:01:16,3.3,100,87050
20231227,10:01:25,3.35,500,87050
20231227,10:01:34,3.35,750,87050
20231227,10:02:29,3.3,150,87050
20231227,10:02:38,3.35,400,87050
20231227,10:03:13,3.35,200,86600
20231227,10:03:39,3.3,50,86600
20231227,10:03:57,3.25,150,86600
20231227,10:04:14,3.3,50,86600
20231227,10:04:23,3.25,50,86600
20231227,10:04:48,3.3,50,86600
20231227,10:04:57,3.25,1050,86600
20231227,10:05:14,3.25,200,86600
20231227,10:05:40,3.25,550,86600
20231227,10:05:50,3.25,200,86900
20231227,10:06:44,3.2,2500,86900
20231227,10:07:47,3.35,8600,86900
20231227,10:07:56,3.4,3450,86900
20231227,10:08:05,3.5,2950,86900
20231227,10:08:14,3.5,1450,86900
20231227,10:08:25,3.6,900,86900
20231227,10:08:35,3.65,1500,86900
20231227,10:08:55,3.6,50,103050
20231227,10:09:06,3.55,1250,103050
20231227,10:09:15,3.55,150,103050
20231227,10:09:25,3.55,800,103050
20231227,10:09:45,3.6,100,103050
20231227,10:09:55,3.5,350,103050
20231227,10:10:16,3.35,50,103050
20231227,10:10:26,3.35,50,103050
20231227,10:10:35,3.35,1000,103050
20231227,10:10:44,3.45,50,103050
20231227,10:11:01,3.4,1800,103050
20231227,10:11:10,3.45,1100,103050
20231227,10:11:19,3.5,50,103050
20231227,10:11:28,3.45,100,103050
20231227,10:11:38,3.45,50,103050
20231227,10:12:25,3.4,100,103300
20231227,10:12:33,3.45,1650,103300
20231227,10:12:42,3.55,4350,103300
20231227,10:12:51,3.45,250,103300
20231227,10:13:09,3.55,50,103300
20231227,10:13:18,3.45,2450,103300
20231227,10:13:35,3.4,100,103300
20231227,10:13:52,3.45,1500,103300
20231227,10:14:01,3.45,1550,103300
20231227,10:14:09,3.45,1550,103300
20231227,10:14:17,3.45,1500,103300
20231227,10:14:26,3.45,300,103300
20231227,10:14:34,3.45,50,103300
20231227,10:14:42,3.45,100,103300
20231227,10:14:50,3.5,3600,115600
20231227,10:14:58,3.45,1800,115600
20231227,10:15:07,3.5,100,115600
20231227,10:15:16,3.5,2600,115600
20231227,10:15:25,3.5,300,115600
20231227,10:15:34,3.55,1500,115600
20231227,10:15:43,3.45,2600,115600
20231227,10:15:52,3.45,150,115600
20231227,10:16:09,3.4,1500,115600
20231227,10:16:17,3.4,1000,115600
20231227,10:16:50,3.5,50,115600
20231227,10:17:14,3.5,1500,115600
20231227,10:17:22,3.5,100,115600
20231227,10:17:37,3.45,200,115600
20231227,10:17:53,3.5,200,124900
20231227,10:18:01,3.45,250,124900
20231227,10:18:19,3.45,100,124900
20231227,10:18:28,3.45,250,124900
20231227,10:18:37,3.5,250,124900
20231227,10:18:53,3.45,750,124900
20231227,10:19:01,3.45,150,124900
20231227,10:19:08,3.45,550,124900
20231227,10:19:31,3.5,800,124900
20231227,10:20:02,3.45,550,124900
20231227,10:20:10,3.5,100,124900
20231227,10:20:18,3.55,400,124900
20231227,10:21:23,3.5,300,124650
20231227,10:22:18,3.55,50,124650
20231227,10:23:22,3.5,2200,124650
20231227,10:23:37,3.45,2800,124650
20231227,10:24:11,3.45,300,127000
20231227,10:24:18,3.45,150,127000
20231227,10:24:26,3.45,1300,127000
20231227,10:24:35,3.45,750,127000
20231227,10:24:43,3.4,50,127000
20231227,10:24:59,3.4,500,127000
20231227,10:25:07,3.4,300,127000
20231227,10:25:15,3.4,400,127000
20231227,10:26:04,3.4,800,127000
20231227,10:26:13,3.4,400,127000
20231227,10:26:31,3.4,300,127000
20231227,10:26:49,3.4,300,127000
20231227,10:27:08,3.45,1150,130650
20231227,10:27:19,3.4,450,130650
20231227,10:27:29,3.4,100,130650
20231227,10:27:39,3.4,50,130650
20231227,10:27:49,3.4,50,130650
20231227,10:27:59,3.4,100,130650
20231227,10:28:09,3.4,2050,130650
20231227,10:28:19,3.4,2450,130650
20231227,10:29:08,3.45,50,130650
