date,time,tick_price,volume,open_interest
20231228,09:23:49,2.5,1,550
20231228,09:23:49,2.45,600,550
20231228,09:23:57,2.5,800,550
20231228,09:24:06,2.5,100,550
20231228,09:24:14,2.5,400,550
20231228,09:24:23,2.45,600,550
20231228,09:24:31,2.5,150,550
20231228,09:24:48,2.45,100,550
20231228,09:24:57,2.5,500,550
20231228,09:25:30,2.45,450,550
20231228,09:25:46,2.5,150,550
20231228,09:26:20,2.5,1000,550
20231228,09:26:37,2.6,1350,550
20231228,09:27:45,2.6,4150,6000
20231228,09:28:02,2.65,50,6000
20231228,09:28:19,2.7,800,6000
20231228,09:28:27,2.8,250,6000
20231228,09:28:51,2.7,50,6000
20231228,09:29:39,2.7,300,6000
20231228,09:29:55,2.55,500,11300
20231228,09:30:11,2.7,7950,11300
20231228,09:30:19,2.75,50,11300
20231228,09:30:27,2.7,800,11300
20231228,09:30:35,2.7,650,11300
20231228,09:30:43,2.65,750,11300
20231228,09:30:51,2.7,600,11300
20231228,09:31:00,2.7,150,11300
20231228,09:31:08,2.7,50,11300
20231228,09:31:24,2.75,400,11300
20231228,09:31:40,2.75,200,11300
20231228,09:31:48,2.7,50,11300
20231228,09:31:55,2.7,50,11300
20231228,09:32:29,2.65,100,11300
20231228,09:32:45,2.75,200,11300
20231228,09:33:01,2.75,300,15300
20231228,09:33:32,2.65,500,15300
20231228,09:33:48,2.7,750,15300
20231228,09:33:56,2.6,750,15300
20231228,09:34:04,2.55,400,15300
20231228,09:34:12,2.6,100,15300
20231228,09:34:20,2.6,100,15300
20231228,09:34:28,2.55,500,15300
20231228,09:34:37,2.6,700,15300
20231228,09:34:46,2.55,250,15300
20231228,09:35:10,2.55,1550,15300
20231228,09:35:18,2.55,450,15300
20231228,09:35:43,2.5,450,15300
20231228,09:35:51,2.5,2000,15300
20231228,09:35:59,2.5,200,17650
20231228,09:36:07,2.45,850,17650
20231228,09:36:24,2.3,2200,17650
20231228,09:36:47,2.4,2550,17650
20231228,09:36:56,2.35,300,17650
20231228,09:37:44,2.35,450,17650
20231228,09:38:08,2.3,400,17650
20231228,09:38:47,2.35,50,17650
20231228,09:39:11,2.2,800,19700
20231228,09:39:19,2.25,50,19700
20231228,09:39:28,2.3,700,19700
20231228,09:39:36,2.3,150,19700
20231228,09:39:44,2.3,550,19700
20231228,09:40:01,2.3,100,19700
20231228,09:40:09,2.3,100,19700
20231228,09:40:17,2.3,50,19700
20231228,09:40:40,2.25,650,19700
20231228,09:41:05,2.25,100,19700
20231228,09:41:13,2.3,200,19700
20231228,09:41:29,2.25,1650,19700
20231228,09:41:45,2.3,200,19700
20231228,09:42:01,2.25,250,19850
20231228,09:42:17,2.3,1250,19850
20231228,09:42:25,2.3,800,19850
20231228,09:42:34,2.35,1100,19850
20231228,09:42:50,2.3,1550,19850
20231228,09:42:58,2.3,950,19850
20231228,09:43:07,2.35,200,19850
20231228,09:44:12,2.35,900,19850
20231228,09:44:20,2.3,50,19850
20231228,09:44:53,2.3,1800,24850
20231228,09:45:01,2.35,50,24850
20231228,09:45:42,2.35,50,24850
20231228,09:45:50,2.35,2700,24850
20231228,09:45:58,2.3,50,24850
20231228,09:46:54,2.3,2200,24850
20231228,09:47:02,2.3,1050,24850
20231228,09:47:18,2.35,150,24850
20231228,09:47:27,2.3,50,24850
20231228,09:47:35,2.3,50,24850
20231228,09:47:43,2.35,100,24850
20231228,09:47:51,2.3,1350,30750
20231228,09:48:00,2.3,400,30750
20231228,09:48:17,2.3,50,30750
20231228,09:48:33,2.3,50,30750
20231228,09:49:15,2.3,300,30750
20231228,09:49:23,2.3,850,30750
20231228,09:50:34,2.3,550,30750
20231228,09:50:44,2.3,250,30750
20231228,09:51:03,2.25,500,31950
20231228,09:51:13,2.3,900,31950
20231228,09:51:43,2.25,10350,31950
20231228,09:52:12,2.3,200,31950
20231228,09:52:22,2.25,300,31950
20231228,09:52:41,2.25,750,31950
20231228,09:53:00,2.25,3250,31950
20231228,09:53:09,2.25,300,31950
20231228,09:53:56,2.2,3550,46450
20231228,09:54:14,2.15,2150,46450
20231228,09:54:24,2.2,150,46450
20231228,09:54:33,2.15,2450,46450
20231228,09:54:42,2.15,2650,46450
20231228,09:55:00,2.15,250,46450
20231228,09:55:10,2.15,200,46450
20231228,09:55:28,2.15,200,46450
20231228,09:55:37,2.15,50,46450
20231228,09:55:46,2.2,50,46450
20231228,09:55:56,2.2,50,46450
20231228,09:56:06,2.2,6350,46450
20231228,09:56:15,2.2,650,46450
20231228,09:56:25,2.2,250,46450
20231228,09:56:34,2.2,850,46450
20231228,09:57:02,2.15,200,61100
20231228,09:57:28,2.15,100,61100
20231228,09:57:51,2.2,400,61100
20231228,09:57:58,2.2,1300,61100
20231228,09:58:05,2.15,500,61100
20231228,09:58:21,2.2,450,61100
20231228,09:58:29,2.2,500,61100
20231228,09:58:38,2.2,300,61100
20231228,09:58:53,2.2,50,61100
20231228,09:59:00,2.2,150,61100
20231228,09:59:08,2.15,1000,61100
20231228,09:59:51,2.2,50,61100
20231228,10:00:07,2.2,50,63250
20231228,10:00:37,2.2,2850,63250
20231228,10:01:07,2.2,3500,63250
20231228,10:01:15,2.15,8000,63250
20231228,10:01:38,2.2,4850,63250
20231228,10:02:37,2.25,2200,63250
20231228,10:03:05,2.25,1150,79150
20231228,10:03:21,2.2,4650,79150
20231228,10:03:30,2.15,250,79150
20231228,10:04:06,2.15,3000,79150
20231228,10:05:06,2.1,1450,79150
20231228,10:05:15,2.05,2350,79150
20231228,10:05:32,2.2,500,79150
20231228,10:05:40,2.1,650,79150
20231228,10:05:57,2.05,250,79150
20231228,10:06:14,2.05,1800,86000
20231228,10:06:23,2.05,4750,86000
20231228,10:06:31,2.05,250,86000
20231228,10:06:48,2.0,800,86000
20231228,10:07:40,2.05,300,86000
20231228,10:07:49,2.05,600,86000
20231228,10:08:15,2.1,200,86000
20231228,10:08:40,2.1,50,86000
20231228,10:09:23,2.15,50,92600
20231228,10:09:56,2.1,1100,92600
20231228,10:10:22,2.1,1350,92600
20231228,10:10:40,2.1,50,92600
20231228,10:10:49,2.15,50,92600
20231228,10:11:16,2.15,1100,92600
20231228,10:11:49,2.1,3000,92600
20231228,10:11:57,2.15,100,92600
20231228,10:12:05,2.1,50,97050
20231228,10:12:14,2.15,500,97050
20231228,10:12:22,2.15,300,97050
20231228,10:12:30,2.15,50,97050
20231228,10:12:38,2.15,50,97050
20231228,10:12:46,2.2,250,97050
20231228,10:13:10,2.2,800,97050
20231228,10:13:41,2.15,50,97050
20231228,10:14:19,2.2,50,97050
20231228,10:14:36,2.25,50,97050
20231228,10:14:43,2.2,50,97050
20231228,10:15:22,2.15,500,97100
20231228,10:15:30,2.2,200,97100
20231228,10:15:38,2.2,5300,97100
20231228,10:15:45,2.2,850,97100
20231228,10:15:53,2.2,250,97100
20231228,10:16:17,2.2,250,97100
20231228,10:16:48,2.25,50,97100
20231228,10:17:44,2.25,300,97100
20231228,10:17:52,2.2,1800,97100
20231228,10:18:08,2.2,1800,100000
20231228,10:18:17,2.25,50,100000
20231228,10:18:25,2.25,250,100000
20231228,10:18:57,2.2,400,100000
20231228,10:19:05,2.15,1650,100000
20231228,10:19:13,2.1,1500,100000
20231228,10:19:28,2.15,2050,100000
20231228,10:19:37,2.15,450,100000
20231228,10:19:53,2.15,50,100000
20231228,10:20:17,2.15,250,100000
20231228,10:20:26,2.15,1000,100000
20231228,10:21:23,2.1,10100,105150
20231228,10:21:31,2.15,2550,105150
20231228,10:21:39,2.1,1000,105150
20231228,10:21:47,2.15,100,105150
20231228,10:21:55,2.15,250,105150
20231228,10:22:11,2.1,2000,105150
20231228,10:22:59,2.1,1500,105150
20231228,10:23:07,2.1,600,105150
20231228,10:23:23,2.1,200,105150
20231228,10:23:30,2.1,350,105150
20231228,10:23:38,2.1,600,105150
20231228,10:23:47,2.05,1550,105150
20231228,10:24:21,2.1,100,121950
20231228,10:24:29,2.1,50,121950
20231228,10:25:00,2.1,400,121950
20231228,10:25:16,2.1,50,121950
20231228,10:25:47,2.05,4700,121950
20231228,10:25:55,2.0,3500,121950
20231228,10:26:11,2.05,650,121950
20231228,10:26:19,2.1,700,121950
20231228,10:26:58,2.05,250,129950
20231228,10:27:06,1.95,8600,129950
20231228,10:27:13,2.0,2900,129950
20231228,10:27:21,1.95,1000,129950
20231228,10:27:28,1.95,1600,129950
20231228,10:28:05,2.0,100,129950
20231228,10:28:56,2.0,50,129950
20231228,10:30:25,2.0,250,141450
20231228,10:30:40,2.0,950,141450
20231228,10:30:47,2.0,1050,141450
20231228,10:30:54,2.0,400,141450
20231228,10:31:01,2.0,800,141450
20231228,10:31:09,2.0,1550,141450
20231228,10:31:24,1.95,250,141450
20231228,10:31:45,2.0,1000,141450
20231228,10:32:29,2.0,300,141450
20231228,10:32:43,2.0,500,141450
20231228,10:33:06,2.0,150,142000
20231228,10:33:40,1.95,250,142000
20231228,10:34:13,2.0,150,142000
20231228,10:34:27,1.95,250,142000
20231228,10:34:33,2.0,100,142000
20231228,10:34:41,1.95,250,142000
20231228,10:34:58,1.95,250,142000
20231228,10:35:04,1.95,250,142000
20231228,10:35:10,2.0,200,142000
20231228,10:35:16,1.95,150,142000
20231228,10:35:28,2.0,200,142000
20231228,10:35:34,2.0,200,142000
20231228,10:36:10,2.0,150,142500
20231228,10:36:40,2.0,1300,142500
20231228,10:36:46,2.05,100,142500
20231228,10:36:53,2.0,550,142500
20231228,10:36:59,1.95,4500,142500
20231228,10:37:05,2.05,50,142500
20231228,10:37:16,2.0,250,142500
20231228,10:37:40,2.05,50,142500
20231228,10:38:03,2.05,50,142500
20231228,10:39:07,1.95,300,147050
20231228,10:39:18,1.95,100,147050
20231228,10:40:15,2.0,50,147050
20231228,10:40:41,2.0,50,147050
20231228,10:41:07,2.0,250,147050
20231228,10:41:14,2.0,100,147050
20231228,10:41:20,2.05,200,147050
20231228,10:42:31,2.0,50,147550
20231228,10:42:36,2.0,9100,147550
20231228,10:42:47,1.95,1250,147550
20231228,10:42:52,2.0,50,147550
20231228,10:43:24,2.0,100,147550
20231228,10:43:30,2.0,50,147550
20231228,10:43:42,2.0,300,147550
20231228,10:43:54,2.0,4800,147550
20231228,10:44:01,2.0,1350,147550
20231228,10:44:28,2.05,1400,147550
20231228,10:44:34,2.0,500,147550
20231228,10:44:48,2.0,1100,147550
20231228,10:44:55,2.0,550,147550
20231228,10:45:21,2.05,250,157700
20231228,10:45:27,2.05,200,157700
20231228,10:45:52,2.05,250,157700
20231228,10:46:03,2.05,1150,157700
20231228,10:46:32,2.0,850,157700
20231228,10:46:38,2.0,500,157700
20231228,10:46:50,2.05,50,157700
20231228,10:46:57,2.0,1500,157700
20231228,10:47:03,2.05,1950,157700
20231228,10:47:15,1.95,50,157700
20231228,10:47:49,1.95,4500,157700
20231228,10:47:55,1.9,9100,157700
20231228,10:48:01,1.9,300,170700
20231228,10:48:33,1.9,2950,170700
20231228,10:48:40,1.9,1000,170700
20231228,10:48:46,1.95,150,170700
20231228,10:49:33,1.95,50,170700
20231228,10:49:44,1.95,50,170700
20231228,10:50:17,1.95,2800,170700
20231228,10:50:22,1.95,300,170700
20231228,10:51:07,1.9,650,172600
20231228,10:51:24,1.95,50,172600
20231228,10:51:47,1.95,100,172600
20231228,10:52:21,1.95,200,172600
20231228,10:52:32,1.95,50,172600
20231228,10:53:21,1.95,50,172600
20231228,10:53:33,1.95,450,172600
20231228,10:53:39,1.95,900,172600
20231228,10:53:56,2.0,400,172600
20231228,10:54:20,1.95,2000,172600
20231228,10:54:35,2.0,500,172600
20231228,10:55:11,1.95,50,172600
20231228,10:55:25,2.0,100,172600
20231228,10:56:36,1.95,400,172600
20231228,10:56:54,2.0,2350,172600
20231228,10:57:00,2.0,200,172600
20231228,10:57:05,2.0,150,174700
20231228,10:57:11,2.0,100,174700
20231228,10:57:16,2.0,50,174700
20231228,10:57:22,2.0,450,174700
20231228,10:57:27,2.05,200,174700
20231228,10:57:38,2.05,50,174700
20231228,10:57:53,2.05,500,174700
20231228,10:58:24,2.05,3800,174700
20231228,10:58:31,2.1,450,174700
20231228,10:58:58,2.1,3400,174700
20231228,10:59:21,2.05,250,174700
20231228,10:59:27,2.05,250,174700
20231228,10:59:33,2.05,1200,174700
20231228,10:59:39,2.05,250,174700
20231228,11:00:01,2.05,150,174700
20231228,11:00:20,2.0,600,179550
20231228,11:00:32,2.05,100,179550
20231228,11:01:01,2.0,100,179550
20231228,11:01:40,1.95,750,179550
20231228,11:01:51,2.0,4100,179550
20231228,11:01:56,1.95,3000,179550
20231228,11:02:11,2.0,200,179550
20231228,11:02:32,1.95,6000,179550
20231228,11:02:37,1.95,1200,179550
20231228,11:02:42,2.0,150,179550
20231228,11:02:48,1.95,500,179550
20231228,11:02:54,1.95,300,179550
20231228,11:03:18,1.9,1500,191050
20231228,11:04:02,1.95,100,191050
20231228,11:04:07,1.95,50,191050
20231228,11:04:13,1.95,200,191050
20231228,11:04:27,1.95,100,191050
20231228,11:04:42,1.95,200,191050
20231228,11:04:47,1.95,50,191050
20231228,11:04:52,1.95,500,191050
20231228,11:04:57,1.95,200,191050
20231228,11:05:12,1.95,100,191050
20231228,11:05:16,1.95,1000,191050
20231228,11:05:27,1.95,950,191050
20231228,11:06:07,1.95,200,192550
20231228,11:06:12,1.95,500,192550
20231228,11:07:15,2.0,200,192550
20231228,11:07:24,1.9,250,192550
20231228,11:07:34,1.9,250,192550
20231228,11:07:45,1.95,550,192550
20231228,11:07:50,1.95,1500,192550
20231228,11:08:01,1.9,1150,192550
20231228,11:08:38,1.95,50,192550
20231228,11:08:46,1.9,1200,192550
20231228,11:08:55,1.95,300,192550
20231228,11:09:04,1.95,3100,192900
20231228,11:09:14,1.95,400,192900
20231228,11:09:39,1.95,100,192900
20231228,11:10:11,1.95,4800,192900
20231228,11:10:18,1.95,4650,192900
20231228,11:10:27,1.9,2500,192900
20231228,11:10:34,1.9,1500,192900
20231228,11:10:42,1.95,350,192900
20231228,11:12:46,1.9,1000,200950
20231228,11:13:06,1.9,600,200950
20231228,11:13:13,1.9,400,200950
20231228,11:14:07,1.9,100,200950
20231228,11:14:22,1.9,100,200950
20231228,11:14:43,1.95,1500,200950
20231228,11:14:56,1.95,1500,200950
20231228,11:15:03,1.95,50,200950
20231228,11:16:03,1.95,50,203300
20231228,11:16:55,1.9,2300,203300
20231228,11:17:39,1.95,100,203300
20231228,11:17:52,1.95,350,203300
20231228,11:18:16,1.95,100,205350
20231228,11:18:22,1.95,50,205350
20231228,11:18:28,1.95,100,205350
20231228,11:19:11,2.0,100,205350
20231228,11:20:42,2.0,1800,205350
20231228,11:20:48,2.05,2350,205350
20231228,11:20:54,2.05,3450,205350
20231228,11:21:06,2.1,5700,207750
20231228,11:21:11,2.1,4050,207750
20231228,11:21:18,2.15,4050,207750
20231228,11:21:39,2.2,8100,207750
20231228,11:21:53,2.2,50,207750
20231228,11:22:10,2.2,50,207750
20231228,11:22:16,2.2,1200,207750
20231228,11:22:31,2.2,800,207750
20231228,11:23:07,2.15,300,207750
20231228,11:23:17,2.15,3500,207750
20231228,11:23:26,2.25,1800,207750
20231228,11:23:44,2.25,6300,207750
20231228,11:23:50,2.25,1800,207750
20231228,11:23:56,2.25,900,207750
20231228,11:24:02,2.25,900,207750
20231228,11:24:12,2.25,50,220750
20231228,11:24:33,2.25,2400,220750
20231228,11:24:38,2.25,600,220750
20231228,11:24:48,2.3,1800,220750
20231228,11:24:59,2.25,2550,220750
20231228,11:25:56,2.2,150,220750
20231228,11:26:12,2.2,450,220750
20231228,11:26:31,2.25,700,220750
20231228,11:26:43,2.15,2000,220750
20231228,11:26:49,2.2,1050,220750
20231228,11:26:55,2.15,1000,220750
20231228,11:27:47,2.15,300,222500
20231228,11:27:53,2.2,950,222500
20231228,11:27:58,2.2,1900,222500
20231228,11:28:10,2.2,400,222500
20231228,11:28:27,2.2,300,222500
20231228,11:28:33,2.2,600,222500
20231228,11:28:55,2.2,900,222500
20231228,11:29:05,2.2,1500,222500
20231228,11:29:10,2.2,50,222500
20231228,11:30:01,2.25,200,222500
20231228,11:30:06,2.25,50,222500
20231228,11:30:51,2.25,50,224200
20231228,11:31:18,2.25,900,224200
20231228,11:31:23,2.25,100,224200
20231228,11:34:59,2.25,50,224250
20231228,11:35:14,2.25,300,224250
20231228,11:36:11,2.3,250,224500
20231228,11:36:42,2.2,3450,224500
20231228,11:37:03,2.2,250,224500
20231228,11:37:17,2.15,500,224500
20231228,11:38:03,2.2,800,224500
20231228,11:38:07,2.15,500,224500
20231228,11:38:15,2.2,50,224500
20231228,11:38:19,2.2,1600,224500
20231228,11:38:23,2.15,950,224500
20231228,11:38:31,2.2,200,224500
20231228,11:38:35,2.2,1550,224500
20231228,11:38:39,2.15,2700,224500
20231228,11:39:10,2.15,150,234650
20231228,11:39:23,2.15,1000,234650
20231228,11:39:35,2.15,1800,234650
20231228,11:39:39,2.15,1800,234650
20231228,11:39:50,2.15,100,234650
20231228,11:39:55,2.15,50,234650
20231228,11:40:02,2.15,50,234650
20231228,11:40:10,2.15,1450,234650
20231228,11:40:35,2.15,300,234650
20231228,11:44:12,2.15,1900,235700
20231228,11:44:17,2.1,1500,235700
20231228,11:44:33,2.1,1500,235700
20231228,11:45:58,2.1,50,235650
20231228,11:46:10,2.1,250,235650
20231228,11:47:42,2.1,100,235650
20231228,11:49:01,2.1,150,235700
20231228,11:50:03,2.1,300,235700
20231228,11:50:27,2.1,1000,235700
20231228,11:50:46,2.05,500,235700
20231228,11:51:20,2.05,150,235700
20231228,11:53:31,2.15,500,235700
20231228,11:54:02,2.15,50,235700
20231228,11:56:09,2.15,4000,235750
20231228,11:56:13,2.15,750,235750
20231228,11:56:18,2.15,300,235750
20231228,11:57:32,2.1,900,235800
20231228,11:58:06,2.15,50,235800
20231228,12:00:06,2.1,500,235800
20231228,12:00:10,2.05,350,235800
20231228,12:00:15,2.15,50,236400
20231228,12:00:32,2.05,400,236400
20231228,12:00:49,2.05,100,236400
20231228,12:00:58,2.05,50,236400
20231228,12:01:03,2.0,1700,236400
20231228,12:01:16,2.05,350,236400
20231228,12:01:21,2.05,50,236400
20231228,12:01:29,2.1,1900,236400
20231228,12:01:57,2.1,250,236400
20231228,12:02:26,2.1,550,236400
20231228,12:03:19,2.05,150,235850
20231228,12:03:36,2.05,350,235850
20231228,12:04:01,2.05,300,235850
20231228,12:04:25,2.05,3400,235850
20231228,12:04:42,2.05,750,235850
20231228,12:05:11,2.0,50,235850
20231228,12:06:10,2.05,1800,235850
20231228,12:07:02,2.05,1600,235800
20231228,12:07:10,2.05,300,235800
20231228,12:07:39,2.05,100,235800
20231228,12:09:59,2.05,100,235650
20231228,12:11:16,2.05,500,235650
20231228,12:12:36,2.05,50,235700
20231228,12:13:02,2.0,50,235700
20231228,12:13:24,2.05,250,235700
20231228,12:13:55,2.05,250,235700
20231228,12:14:01,2.05,250,235700
20231228,12:14:17,2.05,50,235700
20231228,12:15:43,2.1,1800,235800
20231228,12:15:48,2.1,3600,235800
20231228,12:16:01,2.05,100,235800
20231228,12:16:05,2.1,50,235800
20231228,12:16:33,2.1,50,235800
20231228,12:18:24,2.15,250,236100
20231228,12:19:50,2.2,3850,236100
20231228,12:19:55,2.2,100,236100
20231228,12:20:00,2.2,50,236100
20231228,12:20:14,2.15,100,236100
20231228,12:21:14,2.1,50,236200
20231228,12:21:18,2.2,100,236200
20231228,12:21:44,2.15,100,236200
20231228,12:22:35,2.15,100,236200
20231228,12:22:51,2.15,300,236200
20231228,12:23:50,2.15,50,236200
20231228,12:24:15,2.25,200,235950
20231228,12:24:32,2.25,250,235950
20231228,12:24:38,2.2,250,235950
20231228,12:25:41,2.2,4600,235950
20231228,12:25:47,2.2,2950,235950
20231228,12:25:52,2.2,300,235950
20231228,12:26:28,2.15,600,235950
20231228,12:26:38,2.2,550,235950
20231228,12:26:50,2.2,50,235950
20231228,12:27:35,2.2,500,235300
20231228,12:27:40,2.2,2000,235300
20231228,12:27:46,2.2,1000,235300
20231228,12:27:52,2.15,650,235300
20231228,12:27:58,2.15,100,235300
20231228,12:28:04,2.1,250,235300
20231228,12:28:11,2.1,100,235300
20231228,12:28:59,2.1,3850,235300
20231228,12:29:05,2.15,250,235300
20231228,12:29:29,2.15,250,235300
20231228,12:29:35,2.15,100,235300
20231228,12:30:16,2.1,150,235300
20231228,12:30:22,2.1,1100,235500
20231228,12:30:28,2.1,250,235500
20231228,12:30:33,2.1,100,235500
20231228,12:30:44,2.15,100,235500
20231228,12:31:16,2.1,900,235500
20231228,12:31:22,2.1,550,235500
20231228,12:31:27,2.05,2450,235500
20231228,12:31:33,2.05,1500,235500
20231228,12:31:38,2.15,1500,235500
20231228,12:31:49,2.1,1800,235500
20231228,12:31:55,2.1,1800,235500
20231228,12:32:00,2.1,300,235500
20231228,12:32:06,2.1,50,235500
20231228,12:32:17,2.05,1800,235500
20231228,12:32:27,2.05,2000,235500
20231228,12:32:33,2.05,1700,235500
20231228,12:32:50,2.05,1250,235500
20231228,12:32:55,2.05,200,235500
20231228,12:33:00,2.05,250,235500
20231228,12:33:21,2.1,50,243650
20231228,12:33:26,2.1,50,243650
20231228,12:35:25,2.1,150,243650
20231228,12:35:32,2.05,50,243650
20231228,12:35:37,2.05,50,243650
20231228,12:36:14,2.0,50,243650
20231228,12:36:38,2.05,250,243650
20231228,12:36:53,2.0,50,243650
20231228,12:37:13,2.0,400,243650
20231228,12:37:29,1.95,2700,243650
20231228,12:37:34,1.95,1500,243650
20231228,12:37:55,1.95,50,243650
20231228,12:38:00,1.95,50,243650
20231228,12:38:05,1.95,1000,243650
20231228,12:38:10,1.95,250,243650
20231228,12:38:16,1.95,1500,243650
20231228,12:38:21,1.95,1850,243650
20231228,12:38:26,1.95,1500,243650
20231228,12:38:31,1.95,1500,243650
20231228,12:38:41,1.95,1400,243650
20231228,12:38:47,1.95,100,243650
20231228,12:39:07,1.95,250,243650
20231228,12:39:12,1.95,50,243650
20231228,12:39:39,1.95,50,244400
20231228,12:39:50,1.95,1050,244400
20231228,12:39:55,1.95,5550,244400
20231228,12:40:31,1.95,150,244400
20231228,12:41:54,2.05,50,244400
20231228,12:42:59,2.05,50,243400
20231228,12:43:28,2.0,1800,243400
20231228,12:43:47,2.05,50,243400
20231228,12:44:08,2.05,1700,243400
20231228,12:46:03,2.05,50,243400
20231228,12:47:10,2.0,400,243400
20231228,12:48:06,2.05,50,243400
20231228,12:49:40,2.0,450,243400
20231228,12:50:29,2.0,2200,243400
20231228,12:51:13,2.0,250,243400
20231228,12:52:11,2.0,750,243850
20231228,12:52:24,2.0,50,243850
20231228,12:54:52,2.0,300,244650
20231228,12:57:55,1.95,150,244850
20231228,12:59:04,2.0,50,244850
20231228,12:59:13,1.95,750,244850
20231228,12:59:22,1.95,150,244850
20231228,12:59:35,2.0,500,244850
20231228,12:59:55,2.0,50,244850
20231228,13:00:20,2.0,1200,245200
20231228,13:00:27,2.0,400,245200
20231228,13:00:37,2.0,200,245200
20231228,13:01:13,2.0,50,245200
20231228,13:01:17,1.95,3300,245200
20231228,13:01:22,1.95,4550,245200
20231228,13:02:01,1.95,50,245200
20231228,13:02:18,2.0,150,245200
20231228,13:02:31,2.0,100,245200
20231228,13:03:05,2.0,50,245200
20231228,13:03:53,2.0,400,245850
20231228,13:04:05,2.0,50,245850
20231228,13:04:10,2.0,50,245850
20231228,13:04:21,1.95,50,245850
20231228,13:04:29,1.95,50,245850
20231228,13:04:38,1.95,1800,245850
20231228,13:05:54,1.95,450,245850
20231228,13:05:58,1.95,300,245850
20231228,13:06:17,2.0,100,245850
20231228,13:06:33,1.95,300,245850
20231228,13:06:45,1.95,100,245850
20231228,13:06:48,2.0,500,245850
20231228,13:07:13,2.0,3100,245850
20231228,13:07:22,2.0,400,245850
20231228,13:07:29,2.0,500,245850
20231228,13:07:48,2.0,100,245850
20231228,13:09:12,2.0,200,245850
20231228,13:09:26,2.0,1000,245850
20231228,13:10:12,2.0,50,245850
20231228,13:11:19,1.95,450,245850
20231228,13:11:28,2.0,50,245850
20231228,13:11:32,2.0,50,245850
20231228,13:11:45,2.0,250,245850
20231228,13:11:58,2.0,1050,245850
20231228,13:12:06,1.95,50,245850
20231228,13:12:24,1.95,100,245850
20231228,13:12:37,2.0,150,245850
20231228,13:13:56,2.0,250,245850
20231228,13:16:02,2.0,1000,245950
20231228,13:18:04,2.0,1550,245950
20231228,13:18:14,2.05,50,245950
20231228,13:18:19,2.0,50,245950
20231228,13:18:57,2.05,350,246000
20231228,13:19:02,2.05,800,246000
20231228,13:19:39,2.1,250,246000
20231228,13:20:11,2.1,250,246000
20231228,13:22:05,2.1,250,246000
20231228,13:22:18,2.1,300,246000
20231228,13:22:34,2.1,250,246000
20231228,13:23:00,2.1,100,246000
20231228,13:23:22,2.1,250,246000
20231228,13:23:33,2.1,50,246000
20231228,13:23:52,2.1,350,246000
20231228,13:23:58,2.1,1850,246000
20231228,13:24:15,2.15,50,246000
20231228,13:24:43,2.1,750,246000
20231228,13:26:32,2.1,250,246000
20231228,13:26:45,2.1,50,246000
20231228,13:27:59,2.05,400,246000
20231228,13:28:21,2.1,2800,246000
20231228,13:28:40,2.05,300,246000
20231228,13:31:02,2.0,6000,246000
20231228,13:31:05,2.0,3500,246000
20231228,13:31:09,2.0,500,246000
20231228,13:31:13,2.0,6500,246000
20231228,13:31:17,2.0,2850,246000
20231228,13:31:28,1.95,1000,246000
20231228,13:31:35,1.95,2050,246000
20231228,13:32:54,1.95,250,246000
20231228,13:33:02,1.95,1500,246000
20231228,13:33:06,1.95,1300,246000
20231228,13:33:10,1.95,850,246000
20231228,13:34:30,2.0,850,269150
20231228,13:35:00,2.0,1000,269150
20231228,13:35:08,2.0,50,269150
20231228,13:36:32,2.0,100,268300
20231228,13:37:01,2.0,3000,268300
20231228,13:37:06,2.0,1000,268300
20231228,13:37:39,2.0,100,268300
20231228,13:37:57,2.0,50,268300
20231228,13:38:05,2.0,100,268300
20231228,13:38:19,2.0,150,268300
20231228,13:38:33,1.95,2750,268300
20231228,13:38:38,2.0,1750,268300
20231228,13:38:42,1.95,50,268300
20231228,13:39:10,1.95,800,268300
20231228,13:39:14,1.95,800,268300
20231228,13:39:35,1.95,1000,270450
20231228,13:40:22,1.95,800,270450
20231228,13:40:27,1.95,900,270450
20231228,13:40:51,1.9,3350,270450
20231228,13:40:56,1.95,100,270450
20231228,13:41:04,1.95,800,270450
20231228,13:41:07,1.9,2050,270450
20231228,13:41:20,1.95,100,270450
20231228,13:41:24,1.9,200,270450
20231228,13:42:36,1.95,400,270000
20231228,13:43:19,1.9,1000,270000
20231228,13:43:26,1.9,3550,270000
20231228,13:43:31,1.85,1350,270000
20231228,13:43:35,1.85,1000,270000
20231228,13:43:39,1.85,1000,270000
20231228,13:43:57,1.9,800,270000
20231228,13:44:11,1.9,250,270000
20231228,13:44:43,1.9,50,270000
20231228,13:45:11,1.9,200,270000
20231228,13:45:23,1.9,50,270000
20231228,13:45:36,1.85,1250,278400
20231228,13:45:41,1.85,1100,278400
20231228,13:45:53,1.85,300,278400
20231228,13:46:15,1.85,50,278400
20231228,13:46:26,1.9,4800,278400
20231228,13:46:31,1.9,700,278400
20231228,13:46:37,1.95,3150,278400
20231228,13:46:42,2.0,14000,278400
20231228,13:46:47,1.95,4800,278400
20231228,13:46:51,1.95,4650,278400
20231228,13:46:56,1.9,5250,278400
20231228,13:47:01,1.9,1850,278400
20231228,13:47:05,1.95,200,278400
20231228,13:47:28,1.95,100,278400
20231228,13:48:25,1.95,100,300650
20231228,13:48:34,1.9,700,300650
20231228,13:48:38,1.9,100,300650
20231228,13:48:45,1.9,250,300650
20231228,13:49:04,1.9,750,300650
20231228,13:49:12,1.9,700,300650
20231228,13:49:38,1.95,500,300650
20231228,13:50:11,1.9,50,300650
20231228,13:50:15,1.9,50,300650
20231228,13:50:19,1.9,400,300650
20231228,13:50:35,1.9,550,300650
20231228,13:50:39,1.9,3500,300650
20231228,13:50:43,1.85,1200,300650
20231228,13:50:47,1.9,50,300650
20231228,13:51:03,1.9,300,300650
20231228,13:51:39,1.9,100,305150
20231228,13:51:58,1.85,2100,305150
20231228,13:53:07,1.9,50,305150
20231228,13:53:18,1.9,50,305150
20231228,13:53:40,1.9,3000,305150
20231228,13:54:33,1.9,50,305150
20231228,13:55:06,1.9,750,305150
20231228,13:55:11,1.8,3500,305150
20231228,13:55:16,1.8,1000,305150
20231228,13:55:20,1.85,50,305150
20231228,13:55:30,1.85,50,305150
20231228,13:57:26,1.85,1050,305150
20231228,13:57:34,1.85,950,309650
20231228,13:57:54,1.85,200,309650
20231228,13:58:25,1.85,600,309650
20231228,13:59:06,1.85,200,309650
20231228,13:59:15,1.85,1150,309650
20231228,13:59:22,1.85,500,309650
20231228,13:59:28,1.85,550,309650
20231228,13:59:33,1.85,150,309650
20231228,13:59:58,1.85,50,309650
20231228,14:00:02,1.85,100,309650
20231228,14:00:12,1.85,50,309650
20231228,14:00:46,1.85,4850,312950
20231228,14:01:03,1.9,250,312950
20231228,14:01:31,1.9,200,312950
20231228,14:01:36,1.9,100,312950
20231228,14:01:40,1.9,50,312950
20231228,14:01:44,1.9,300,312950
20231228,14:01:49,1.9,150,312950
20231228,14:01:53,1.9,100,312950
20231228,14:01:57,1.9,100,312950
20231228,14:02:01,1.9,100,312950
20231228,14:02:06,1.9,1100,312950
20231228,14:02:10,1.9,50,312950
20231228,14:02:14,1.9,750,312950
20231228,14:02:18,1.85,500,312950
20231228,14:02:41,1.9,150,312950
20231228,14:02:46,1.9,100,312950
20231228,14:02:53,1.9,150,312950
20231228,14:02:59,1.85,2550,312950
20231228,14:03:05,1.85,2250,312950
20231228,14:03:12,1.85,50,312950
20231228,14:03:29,1.85,150,318150
20231228,14:03:35,1.8,900,318150
20231228,14:03:40,1.85,100,318150
20231228,14:03:45,1.8,1400,318150
20231228,14:04:01,1.85,200,318150
20231228,14:04:06,1.85,50,318150
20231228,14:04:28,1.85,3050,318150
20231228,14:04:34,1.8,2300,318150
20231228,14:04:39,1.85,150,318150
20231228,14:05:08,1.85,500,318150
20231228,14:05:20,1.85,100,318150
20231228,14:05:25,1.85,150,318150
20231228,14:06:01,1.85,150,318150
20231228,14:06:29,1.85,50,324250
20231228,14:06:57,1.85,150,324250
20231228,14:07:02,1.85,400,324250
20231228,14:07:07,1.9,1800,324250
20231228,14:07:12,1.8,11100,324250
20231228,14:07:26,1.9,7800,324250
20231228,14:07:30,1.9,12150,324250
20231228,14:07:46,1.8,1000,324250
20231228,14:07:50,1.8,500,324250
20231228,14:07:55,1.85,50,324250
20231228,14:07:59,1.8,2000,324250
20231228,14:08:05,1.9,4200,324250
20231228,14:08:10,1.85,5150,324250
20231228,14:08:15,1.8,1500,324250
20231228,14:08:20,1.9,5300,324250
20231228,14:08:26,1.9,200,324250
20231228,14:08:30,1.9,3800,324250
20231228,14:08:35,1.9,6750,324250
20231228,14:08:40,1.9,300,324250
20231228,14:08:45,1.9,800,324250
20231228,14:08:50,1.9,1400,324250
20231228,14:08:55,1.85,2550,324250
20231228,14:08:59,1.9,400,324250
20231228,14:09:04,1.9,600,324250
20231228,14:09:08,1.9,400,324250
20231228,14:09:12,1.9,1000,324250
20231228,14:09:17,1.9,1550,324250
20231228,14:09:23,1.9,3000,324250
20231228,14:09:29,1.9,800,374950
20231228,14:09:34,1.95,600,374950
20231228,14:09:39,1.95,450,374950
20231228,14:09:43,1.95,1200,374950
20231228,14:09:47,1.95,800,374950
20231228,14:09:51,1.95,100,374950
20231228,14:09:55,1.95,600,374950
20231228,14:09:59,1.95,600,374950
20231228,14:10:03,1.95,1750,374950
20231228,14:10:07,1.95,100,374950
20231228,14:10:12,1.95,550,374950
20231228,14:10:18,1.95,150,374950
20231228,14:10:23,1.95,50,374950
20231228,14:10:27,1.95,250,374950
20231228,14:10:37,1.9,2500,374950
20231228,14:10:46,1.95,150,374950
20231228,14:11:12,1.95,1700,374950
20231228,14:11:17,1.95,2800,374950
20231228,14:11:22,1.95,800,374950
20231228,14:11:27,1.95,100,374950
20231228,14:11:32,1.95,500,374950
20231228,14:11:36,1.95,300,374950
20231228,14:11:41,1.95,200,374950
20231228,14:11:45,1.9,2150,374950
20231228,14:11:50,1.95,850,374950
20231228,14:12:37,1.9,350,383450
20231228,14:12:42,1.9,250,383450
20231228,14:12:46,1.85,1150,383450
20231228,14:13:08,1.85,150,383450
20231228,14:14:26,1.9,200,383450
20231228,14:15:08,1.9,2200,383450
20231228,14:15:28,1.9,500,383450
20231228,14:15:33,1.9,1100,384100
20231228,14:15:37,1.9,150,384100
20231228,14:15:47,1.9,500,384100
20231228,14:15:56,1.85,500,384100
20231228,14:16:09,1.85,250,384100
20231228,14:16:18,1.85,1700,384100
20231228,14:16:23,1.9,50,384100
20231228,14:16:27,1.85,2800,384100
20231228,14:16:31,1.8,500,384100
20231228,14:16:36,1.85,150,384100
20231228,14:16:40,1.8,850,384100
20231228,14:16:57,1.85,1200,384100
20231228,14:17:01,1.8,350,384100
20231228,14:17:21,1.8,150,384100
20231228,14:18:04,1.85,900,384100
20231228,14:18:08,1.85,50,384100
20231228,14:18:17,1.85,100,384100
20231228,14:18:22,1.8,600,384100
20231228,14:18:27,1.8,100,384100
20231228,14:18:38,1.8,50,385100
20231228,14:18:48,1.8,150,385100
20231228,14:19:18,1.8,100,385100
20231228,14:19:23,1.8,250,385100
20231228,14:19:33,1.8,1400,385100
20231228,14:19:39,1.8,200,385100
20231228,14:19:43,1.8,500,385100
20231228,14:19:48,1.8,250,385100
20231228,14:19:53,1.8,200,385100
20231228,14:19:58,1.8,500,385100
20231228,14:20:03,1.75,2950,385100
20231228,14:20:09,1.8,2050,385100
20231228,14:20:13,1.8,100,385100
20231228,14:20:17,1.8,400,385100
20231228,14:20:21,1.8,300,385100
20231228,14:20:25,1.8,850,385100
20231228,14:20:29,1.8,200,385100
20231228,14:20:51,1.8,350,385100
20231228,14:20:56,1.85,950,385100
20231228,14:21:00,1.8,100,385100
20231228,14:21:09,1.8,1550,385100
20231228,14:21:13,1.75,400,385100
20231228,14:21:19,1.75,150,385100
20231228,14:21:24,1.8,450,385100
20231228,14:21:28,1.8,350,385100
20231228,14:21:32,1.8,100,383250
20231228,14:22:06,1.8,700,383250
20231228,14:22:15,1.85,50,383250
20231228,14:23:06,1.8,1300,383250
20231228,14:23:14,1.75,250,383250
20231228,14:23:19,1.75,700,383250
20231228,14:23:32,1.75,100,383250
20231228,14:23:41,1.75,250,383250
20231228,14:23:45,1.75,600,383250
20231228,14:23:50,1.75,200,383250
20231228,14:23:54,1.75,1700,383250
20231228,14:23:58,1.7,250,383250
20231228,14:24:03,1.7,500,383250
20231228,14:24:07,1.75,50,383250
20231228,14:24:15,1.75,150,383250
20231228,14:24:26,1.7,450,383250
20231228,14:25:03,1.7,50,383250
20231228,14:25:14,1.75,250,383250
20231228,14:25:35,1.75,1100,383250
20231228,14:25:43,1.7,950,383250
20231228,14:25:47,1.75,250,383250
20231228,14:25:50,1.7,850,383250
20231228,14:26:09,1.75,200,383250
20231228,14:26:13,1.75,50,383250
20231228,14:26:18,1.75,100,383250
20231228,14:26:26,1.75,700,383250
20231228,14:26:30,1.75,900,383250
20231228,14:26:43,1.75,1400,383250
20231228,14:26:47,1.7,900,383250
20231228,14:26:50,1.75,100,383250
20231228,14:26:54,1.75,600,383250
20231228,14:26:57,1.75,500,383250
20231228,14:27:04,1.75,500,383250
20231228,14:27:20,1.75,100,383250
20231228,14:27:24,1.8,500,383250
20231228,14:27:28,1.8,2000,383250
20231228,14:27:35,1.75,1500,383550
20231228,14:27:40,1.75,900,383550
20231228,14:27:44,1.75,150,383550
20231228,14:27:52,1.7,1050,383550
20231228,14:28:00,1.7,100,383550
20231228,14:28:08,1.75,250,383550
20231228,14:28:13,1.75,300,383550
20231228,14:28:17,1.75,250,383550
20231228,14:28:21,1.75,250,383550
20231228,14:28:29,1.7,3300,383550
20231228,14:28:43,1.7,1500,383550
20231228,14:29:10,1.7,400,383550
20231228,14:29:14,1.7,400,383550
20231228,14:29:19,1.7,700,383550
20231228,14:29:49,1.7,250,383550
20231228,14:29:58,1.7,500,383550
20231228,14:30:23,1.7,50,383550
20231228,14:30:32,1.7,250,383550
20231228,14:30:45,1.65,1600,383550
20231228,14:30:49,1.65,900,383550
20231228,14:30:53,1.65,1050,383550
20231228,14:31:09,1.65,50,383550
20231228,14:31:12,1.7,1800,383550
20231228,14:31:42,1.7,50,383550
20231228,14:31:54,1.7,1800,383550
20231228,14:32:02,1.7,1800,383550
20231228,14:32:10,1.75,5400,383550
20231228,14:32:25,1.75,150,383550
20231228,14:32:28,1.75,1800,383550
20231228,14:32:32,1.75,1800,383550
20231228,14:32:36,1.7,100,383550
20231228,14:32:51,1.7,900,383550
20231228,14:32:58,1.75,100,383550
20231228,14:33:05,1.75,100,383550
20231228,14:33:09,1.75,100,383550
20231228,14:33:14,1.7,400,383550
20231228,14:33:18,1.75,250,383550
20231228,14:33:25,1.7,650,383550
20231228,14:33:29,1.75,600,383550
20231228,14:33:32,1.75,300,387450
20231228,14:33:37,1.75,800,387450
20231228,14:33:41,1.75,650,387450
20231228,14:33:46,1.75,100,387450
20231228,14:33:50,1.75,750,387450
20231228,14:33:55,1.7,400,387450
20231228,14:33:59,1.75,100,387450
20231228,14:34:03,1.7,3400,387450
20231228,14:34:08,1.75,750,387450
20231228,14:34:12,1.75,100,387450
20231228,14:34:16,1.75,50,387450
20231228,14:34:23,1.7,1000,387450
20231228,14:34:28,1.7,100,387450
20231228,14:34:31,1.7,1000,387450
20231228,14:34:35,1.7,750,387450
20231228,14:34:39,1.7,3600,387450
20231228,14:34:47,1.7,600,387450
20231228,14:35:02,1.7,500,387450
20231228,14:35:06,1.7,50,387450
20231228,14:35:14,1.7,50,387450
20231228,14:35:27,1.75,1500,387450
20231228,14:35:31,1.7,550,387450
20231228,14:35:43,1.75,1800,387450
20231228,14:35:47,1.75,300,387450
20231228,14:35:59,1.7,250,387450
20231228,14:36:20,1.75,550,387450
20231228,14:36:28,1.75,9350,387450
20231228,14:36:40,1.75,5950,391200
20231228,14:36:49,1.75,1850,391200
20231228,14:37:31,1.75,100,391200
20231228,14:37:36,1.75,100,391200
20231228,14:37:40,1.75,100,391200
20231228,14:37:44,1.75,1100,391200
20231228,14:38:00,1.75,550,391200
20231228,14:38:04,1.75,100,391200
20231228,14:38:09,1.75,100,391200
20231228,14:38:13,1.75,100,391200
20231228,14:38:18,1.75,150,391200
20231228,14:38:22,1.75,350,391200
20231228,14:38:31,1.75,100,391200
20231228,14:38:36,1.75,400,391200
20231228,14:38:41,1.75,150,391200
20231228,14:38:46,1.75,1400,391200
20231228,14:38:55,1.75,50,391200
20231228,14:38:59,1.75,1000,391200
20231228,14:39:03,1.75,1000,391200
20231228,14:39:12,1.8,1000,391200
20231228,14:39:21,1.8,200,391200
20231228,14:39:33,1.85,2500,394950
20231228,14:39:56,1.8,100,394950
20231228,14:40:00,1.75,5000,394950
20231228,14:40:44,1.75,650,394950
20231228,14:40:50,1.75,50,394950
20231228,14:41:14,1.8,100,394950
20231228,14:41:38,1.8,1000,394950
20231228,14:42:07,1.8,200,394950
20231228,14:43:12,1.85,100,398550
20231228,14:43:26,1.85,5050,398550
20231228,14:43:31,1.85,12150,398550
20231228,14:43:36,1.85,13150,398550
20231228,14:43:41,1.9,2650,398550
20231228,14:43:46,1.9,900,398550
20231228,14:44:00,1.9,1800,398550
20231228,14:44:04,1.9,1800,398550
20231228,14:44:14,1.85,50,398550
20231228,14:44:29,1.85,1850,398550
20231228,14:44:33,1.9,2700,398550
20231228,14:44:42,1.85,50,398550
20231228,14:44:47,1.85,50,398550
20231228,14:44:51,1.85,150,398550
20231228,14:44:56,1.85,2150,398550
20231228,14:45:00,1.85,50,398550
20231228,14:45:09,1.9,100,398550
20231228,14:45:17,1.9,450,398550
20231228,14:45:31,1.85,450,398550
20231228,14:45:41,1.85,250,424700
20231228,14:45:50,1.85,400,424700
20231228,14:45:54,1.85,100,424700
20231228,14:46:02,1.85,850,424700
20231228,14:46:07,1.85,900,424700
20231228,14:46:30,1.85,400,424700
20231228,14:46:34,1.85,1000,424700
20231228,14:46:38,1.85,250,424700
20231228,14:46:48,1.85,250,424700
20231228,14:47:18,1.85,400,424700
20231228,14:47:27,1.85,8450,424700
20231228,14:47:31,1.8,3700,424700
20231228,14:48:10,1.85,100,424700
20231228,14:48:20,1.8,250,424700
20231228,14:48:47,1.8,500,438600
20231228,14:48:55,1.8,550,438600
20231228,14:49:04,1.8,5400,438600
20231228,14:49:39,1.8,3500,438600
20231228,14:49:44,1.75,1200,438600
20231228,14:49:57,1.75,250,438600
20231228,14:50:13,1.75,1800,438600
20231228,14:50:18,1.75,1100,438600
20231228,14:50:24,1.75,1550,438600
20231228,14:50:40,1.75,1300,438600
20231228,14:50:46,1.7,3600,438600
20231228,14:50:57,1.7,5400,438600
20231228,14:51:03,1.75,50,438600
20231228,14:51:08,1.7,350,438600
20231228,14:51:14,1.7,250,438600
20231228,14:51:19,1.7,250,438600
20231228,14:51:30,1.7,300,438600
20231228,14:51:40,1.7,1400,461700
20231228,14:51:45,1.7,2000,461700
20231228,14:51:50,1.7,250,461700
20231228,14:51:59,1.7,1150,461700
20231228,14:52:10,1.7,400,461700
20231228,14:52:16,1.7,400,461700
20231228,14:52:20,1.65,50,461700
20231228,14:52:30,1.65,13850,461700
20231228,14:52:35,1.65,200,461700
20231228,14:52:40,1.65,400,461700
20231228,14:52:50,1.65,1800,461700
20231228,14:53:09,1.65,300,461700
20231228,14:53:18,1.65,2000,461700
20231228,14:53:23,1.6,700,461700
20231228,14:53:46,1.65,150,461700
20231228,14:54:27,1.6,150,461700
20231228,14:54:32,1.6,250,461700
20231228,14:54:38,1.6,250,481250
20231228,14:54:58,1.6,250,481250
20231228,14:55:19,1.6,850,481250
20231228,14:55:26,1.6,250,481250
20231228,14:55:32,1.6,300,481250
20231228,14:55:48,1.6,1800,481250
20231228,14:56:08,1.6,550,481250
20231228,14:56:13,1.6,250,481250
20231228,14:56:19,1.6,250,481250
20231228,14:56:25,1.6,3650,481250
20231228,14:56:30,1.6,50,481250
20231228,14:56:59,1.6,3300,481250
20231228,14:57:05,1.65,1150,481250
20231228,14:57:15,1.6,50,481250
20231228,14:57:28,1.6,3350,481250
20231228,14:57:38,1.6,250,490100
20231228,14:57:44,1.6,700,490100
20231228,14:57:55,1.55,150,490100
20231228,14:58:00,1.55,2550,490100
20231228,14:58:05,1.55,50,490100
20231228,14:58:10,1.55,100,490100
20231228,14:58:36,1.55,50,490100
20231228,14:58:41,1.5,64300,490100
20231228,14:58:46,1.45,18600,490100
20231228,14:58:51,1.45,5900,490100
20231228,14:58:56,1.45,7500,490100
20231228,14:59:01,1.4,3850,490100
20231228,14:59:06,1.35,9000,490100
20231228,14:59:11,1.3,14900,490100
20231228,14:59:16,1.25,27800,490100
20231228,14:59:20,1.35,4550,490100
20231228,14:59:25,1.3,7900,490100
20231228,14:59:30,1.25,8050,490100
20231228,14:59:35,1.25,7200,490100
20231228,14:59:40,1.25,12600,490100
20231228,14:59:44,1.25,1800,490100
20231228,14:59:50,1.25,100,490100
20231228,14:59:54,1.25,3600,490100
20231228,15:00:04,1.3,9000,490100
20231228,15:00:09,1.25,5400,490100
20231228,15:00:14,1.25,25000,490100
20231228,15:00:20,1.3,29650,490100
20231228,15:00:27,1.3,10400,490100
20231228,15:00:32,1.3,11500,490100
20231228,15:00:38,1.35,8600,642200
20231228,15:00:44,1.35,9100,642200
20231228,15:00:51,1.3,8800,642200
20231228,15:00:57,1.35,8600,642200
20231228,15:01:03,1.35,12900,642200
20231228,15:01:08,1.3,9300,642200
20231228,15:01:14,1.3,3600,642200
20231228,15:01:19,1.3,4100,642200
20231228,15:01:25,1.3,3600,642200
20231228,15:01:30,1.35,14650,642200
20231228,15:01:36,1.4,4000,642200
20231228,15:01:41,1.35,3400,642200
20231228,15:01:46,1.35,50,642200
20231228,15:01:53,1.35,5800,642200
20231228,15:02:00,1.35,5650,642200
20231228,15:02:07,1.4,2850,642200
20231228,15:02:20,1.35,1950,642200
20231228,15:02:26,1.35,1800,642200
20231228,15:02:32,1.35,3600,642200
20231228,15:02:38,1.35,5400,642200
20231228,15:02:44,1.35,1800,642200
20231228,15:02:49,1.35,50,642200
20231228,15:02:55,1.35,600,642200
20231228,15:03:01,1.3,250,642200
20231228,15:03:06,1.3,1500,642200
20231228,15:03:11,1.3,5100,642200
20231228,15:03:16,1.3,5400,642200
20231228,15:03:21,1.35,7600,642200
20231228,15:03:26,1.35,12000,642200
20231228,15:03:31,1.35,2750,642200
20231228,15:03:37,1.35,300,642200
20231228,15:03:42,1.35,1350,721650
20231228,15:03:53,1.35,3600,721650
20231228,15:04:04,1.4,1300,721650
20231228,15:04:10,1.4,250,721650
20231228,15:04:15,1.35,4900,721650
20231228,15:04:20,1.4,1300,721650
20231228,15:04:26,1.35,1800,721650
20231228,15:04:36,1.35,1800,721650
20231228,15:04:41,1.4,1850,721650
20231228,15:04:47,1.4,4800,721650
20231228,15:04:52,1.4,3000,721650
20231228,15:04:57,1.4,8000,721650
20231228,15:05:02,1.4,1500,721650
20231228,15:05:07,1.45,9800,721650
20231228,15:05:13,1.45,450,721650
20231228,15:05:18,1.45,450,721650
20231228,15:05:25,1.4,2200,721650
20231228,15:05:44,1.45,11300,721650
20231228,15:05:49,1.55,8850,721650
20231228,15:05:54,1.5,5750,721650
20231228,15:05:59,1.45,3800,721650
20231228,15:06:05,1.5,5600,721650
20231228,15:06:10,1.5,1850,721650
20231228,15:06:15,1.5,3650,721650
20231228,15:06:20,1.5,6500,721650
20231228,15:06:30,1.45,5450,721650
20231228,15:06:35,1.45,300,721650
20231228,15:06:39,1.4,6400,754700
20231228,15:06:44,1.4,5850,754700
20231228,15:06:48,1.45,6700,754700
20231228,15:06:53,1.45,5200,754700
20231228,15:06:58,1.45,850,754700
20231228,15:07:03,1.45,6800,754700
20231228,15:07:08,1.45,50,754700
20231228,15:07:13,1.45,6600,754700
20231228,15:07:17,1.45,6800,754700
20231228,15:07:22,1.4,3600,754700
20231228,15:07:27,1.45,5100,754700
20231228,15:07:31,1.45,3550,754700
20231228,15:07:46,1.45,2200,754700
20231228,15:07:52,1.45,1550,754700
20231228,15:07:57,1.4,5600,754700
20231228,15:08:02,1.45,4350,754700
20231228,15:08:08,1.4,7200,754700
20231228,15:08:13,1.35,5150,754700
20231228,15:08:19,1.35,3600,754700
20231228,15:08:24,1.35,6950,754700
20231228,15:08:30,1.35,5650,754700
20231228,15:08:35,1.4,500,754700
20231228,15:08:41,1.35,9600,754700
20231228,15:08:46,1.35,3100,754700
20231228,15:08:51,1.35,2050,754700
20231228,15:08:56,1.35,1800,754700
20231228,15:09:01,1.35,2700,754700
20231228,15:09:07,1.35,750,754700
20231228,15:09:12,1.4,5150,754700
20231228,15:09:18,1.4,550,754700
20231228,15:09:50,1.4,500,834550
20231228,15:09:57,1.4,250,834550
20231228,15:10:04,1.4,1000,834550
20231228,15:10:11,1.35,500,834550
20231228,15:10:21,1.4,100,834550
20231228,15:10:36,1.4,250,834550
20231228,15:10:42,1.4,900,834550
20231228,15:10:47,1.4,900,834550
20231228,15:10:52,1.4,800,834550
20231228,15:10:57,1.4,200,834550
20231228,15:11:02,1.4,50,834550
20231228,15:11:07,1.4,3100,834550
20231228,15:11:12,1.4,8200,834550
20231228,15:11:16,1.4,3250,834550
20231228,15:11:21,1.45,100,834550
20231228,15:11:29,1.45,500,834550
20231228,15:11:34,1.4,1850,834550
20231228,15:11:39,1.4,1150,834550
20231228,15:11:48,1.4,250,834550
20231228,15:11:53,1.35,7200,834550
20231228,15:11:57,1.35,3250,834550
20231228,15:12:11,1.35,350,834550
20231228,15:12:16,1.35,500,834550
20231228,15:12:30,1.35,2500,834550
20231228,15:12:44,1.35,500,834550
20231228,15:12:53,1.4,8050,834550
20231228,15:12:58,1.45,11350,834550
20231228,15:13:02,1.45,1700,834550
20231228,15:13:07,1.4,1700,834550
20231228,15:13:17,1.4,4700,834550
20231228,15:13:21,1.4,550,834550
20231228,15:13:27,1.35,2500,834550
20231228,15:13:38,1.35,3750,834550
20231228,15:13:49,1.4,2250,834550
20231228,15:14:05,1.4,1650,834550
20231228,15:14:10,1.4,550,834550
20231228,15:14:17,1.4,250,834550
20231228,15:14:29,1.35,5850,834550
20231228,15:14:35,1.4,2050,834550
20231228,15:15:03,1.35,50,834550
20231228,15:15:08,1.4,3950,834550
20231228,15:15:27,1.4,100,834550
20231228,15:15:45,1.4,2850,837100
20231228,15:15:50,1.4,12900,837100
20231228,15:15:56,1.4,10600,837100
20231228,15:16:01,1.4,6200,837100
20231228,15:16:07,1.35,10100,837100
20231228,15:16:13,1.35,3600,837100
20231228,15:16:19,1.35,400,837100
20231228,15:16:24,1.35,250,837100
20231228,15:16:30,1.35,2150,837100
20231228,15:16:46,1.35,1000,837100
20231228,15:16:54,1.35,7750,837100
20231228,15:17:00,1.35,3550,837100
20231228,15:17:06,1.3,2850,837100
20231228,15:17:12,1.35,650,837100
20231228,15:17:23,1.3,24400,837100
20231228,15:17:40,1.3,3600,837100
20231228,15:17:46,1.3,2550,837100
20231228,15:17:52,1.3,750,837100
20231228,15:17:57,1.25,4100,837100
20231228,15:18:07,1.3,5400,837100
20231228,15:18:13,1.3,10400,837100
20231228,15:18:18,1.25,6200,837100
20231228,15:18:24,1.25,30450,837100
20231228,15:18:30,1.25,4500,837100
20231228,15:18:38,1.25,5300,933700
20231228,15:18:45,1.25,4300,933700
20231228,15:18:52,1.25,4850,933700
20231228,15:18:58,1.25,12450,933700
20231228,15:19:05,1.2,3400,933700
20231228,15:19:13,1.2,50,933700
20231228,15:19:20,1.25,22750,933700
20231228,15:19:26,1.2,4950,933700
20231228,15:19:32,1.2,4200,933700
20231228,15:19:37,1.2,42400,933700
20231228,15:19:43,1.2,3150,933700
20231228,15:19:49,1.2,3600,933700
20231228,15:20:00,1.2,3600,933700
20231228,15:20:08,1.2,3600,933700
20231228,15:20:15,1.2,1800,933700
20231228,15:20:23,1.2,4400,933700
20231228,15:20:31,1.25,1700,933700
20231228,15:20:41,1.2,700,933700
20231228,15:20:46,1.2,40000,933700
20231228,15:20:51,1.2,4650,933700
20231228,15:21:02,1.2,3700,933700
20231228,15:21:07,1.2,250,933700
20231228,15:21:12,1.2,3600,933700
20231228,15:21:19,1.15,47500,933700
20231228,15:21:26,1.15,2550,933700
20231228,15:21:33,1.2,12600,933700
20231228,15:21:50,1.15,1750,1085650
20231228,15:21:55,1.15,3300,1085650
20231228,15:22:07,1.2,32550,1085650
20231228,15:22:12,1.2,3550,1085650
20231228,15:22:19,1.2,14350,1085650
20231228,15:22:27,1.15,2700,1085650
20231228,15:22:33,1.2,1050,1085650
20231228,15:22:46,1.15,3450,1085650
20231228,15:22:54,1.15,7400,1085650
20231228,15:23:00,1.15,4350,1085650
20231228,15:23:05,1.15,7150,1085650
20231228,15:23:12,1.2,2850,1085650
20231228,15:23:19,1.15,2950,1085650
20231228,15:23:26,1.15,5650,1085650
20231228,15:23:33,1.2,1800,1085650
20231228,15:23:48,1.2,1050,1085650
20231228,15:23:55,1.2,1850,1085650
20231228,15:24:02,1.2,750,1085650
20231228,15:24:09,1.15,2350,1085650
20231228,15:24:16,1.15,3400,1085650
20231228,15:24:22,1.15,3850,1085650
20231228,15:24:30,1.15,3700,1085650
20231228,15:24:37,1.15,500,1085650
20231228,15:24:44,1.15,250,1081700
20231228,15:24:52,1.2,4300,1081700
20231228,15:24:59,1.2,3000,1081700
20231228,15:25:07,1.15,400,1081700
20231228,15:25:14,1.2,150,1081700
20231228,15:25:37,1.2,3550,1081700
20231228,15:25:43,1.2,4000,1081700
20231228,15:25:49,1.15,550,1081700
20231228,15:25:54,1.15,200,1081700
20231228,15:26:01,1.2,2900,1081700
20231228,15:26:08,1.15,50,1081700
20231228,15:26:16,1.2,10800,1081700
20231228,15:26:22,1.2,55100,1081700
20231228,15:26:27,1.25,22150,1081700
20231228,15:26:35,1.2,13950,1081700
20231228,15:26:43,1.25,4050,1081700
20231228,15:26:55,1.25,1400,1081700
20231228,15:27:00,1.55,127400,1081700
20231228,15:27:07,1.8,98700,1081700
20231228,15:27:14,1.75,23500,1081700
20231228,15:27:22,1.7,78850,1081700
20231228,15:27:28,1.6,3500,1081700
20231228,15:27:35,1.65,600,1081700
20231228,15:27:42,1.65,30350,922000
20231228,15:27:50,1.65,15300,922000
20231228,15:27:56,1.65,6900,922000
20231228,15:28:02,1.65,1000,922000
20231228,15:28:09,1.65,8000,922000
20231228,15:28:16,1.6,68150,922000
20231228,15:28:23,1.75,85650,922000
20231228,15:28:30,1.7,56550,922000
20231228,15:28:37,1.35,49850,922000
20231228,15:28:44,1.3,52850,922000
20231228,15:28:51,1.4,48000,922000
20231228,15:28:57,1.35,59550,922000
20231228,15:29:03,1.35,10100,922000
20231228,15:29:09,1.4,44150,922000
20231228,15:29:14,1.4,4750,922000
20231228,15:29:16,1.4,9500,922000
20231228,15:29:18,1.4,750,922000
20231228,15:29:20,1.35,4100,922000
20231228,15:29:22,1.45,4300,922000
20231228,15:29:23,1.4,1800,922000
20231228,15:29:25,1.4,1800,922000
20231228,15:29:27,1.4,3950,922000
20231228,15:29:28,1.4,600,922000
20231228,15:29:30,1.4,2750,922000
20231228,15:29:32,1.45,1550,922000
20231228,15:29:33,1.4,2850,922000
20231228,15:29:35,1.35,3050,922000
20231228,15:29:37,1.4,3700,922000
20231228,15:29:38,1.4,550,922000
20231228,15:29:40,1.45,4000,922000
20231228,15:29:45,1.45,4000,922000
20231228,15:29:47,1.4,1050,922000
20231228,15:29:48,1.35,42350,922000
20231228,15:29:50,1.25,1700,922000
20231228,15:29:53,1.35,1500,922000
20231228,15:29:55,1.3,2100,922000
20231228,15:29:58,1.3,1150,922000
20231228,15:30:00,1.3,1900,922000
20231229,09:15:00,1.6,1,1087900
20231229,09:15:00,2.4,1,1087900
20231229,09:15:00,1.3,1,1087900
20231229,09:15:00,1.35,2900,1087900
20231229,09:15:01,1.95,1900,1087900
20231229,09:15:02,1.5,7350,1087900
20231229,09:15:04,1.45,4950,1087900
20231229,09:15:05,1.5,5300,1087900
20231229,09:15:06,1.45,3650,1087900
20231229,09:15:07,1.5,2150,1087900
20231229,09:15:09,1.5,5550,1087900
20231229,09:15:10,1.5,1750,1087900
20231229,09:15:11,1.65,3500,1087900
20231229,09:15:12,1.65,3200,1087900
20231229,09:15:13,1.7,1750,1087900
20231229,09:15:14,1.6,4200,1087900
20231229,09:15:16,1.7,5700,1087900
20231229,09:15:17,1.7,2600,1087900
20231229,09:15:18,1.7,3600,1087900
20231229,09:15:19,1.7,3350,1087900
20231229,09:15:20,1.7,1700,1087900
20231229,09:15:22,1.7,800,1087900
20231229,09:15:23,1.7,3800,1087900
20231229,09:15:24,1.7,200,1087900
20231229,09:15:25,1.7,6800,1087900
20231229,09:15:26,1.7,2300,1087900
20231229,09:15:29,1.7,650,1087900
20231229,09:15:30,1.75,6000,1087900
20231229,09:15:31,1.7,10150,1087900
20231229,09:15:32,1.75,5350,1087900
20231229,09:15:33,1.75,3050,1087900
20231229,09:15:35,1.7,4800,1087900
20231229,09:15:36,1.75,6250,1087900
20231229,09:15:37,1.7,4100,1087900
20231229,09:15:38,1.7,900,1087900
20231229,09:15:39,1.7,2600,1087900
20231229,09:15:40,1.7,2350,1087900
20231229,09:15:42,1.75,350,1087900
20231229,09:15:43,1.7,4500,1087900
20231229,09:15:44,1.75,2100,1087900
20231229,09:15:45,1.75,2350,1087900
20231229,09:15:46,1.7,2300,1087900
20231229,09:15:48,1.7,3250,1087900
20231229,09:15:49,1.7,15250,1087900
20231229,09:15:51,1.7,400,1087900
20231229,09:15:52,1.7,7150,1087900
20231229,09:15:53,1.7,1050,1087900
20231229,09:15:55,1.65,250,1087900
20231229,09:15:56,1.65,10050,1087900
20231229,09:15:57,1.65,2550,1087900
20231229,09:15:58,1.6,200,1087900
20231229,09:15:59,1.6,650,1087900
20231229,09:16:00,1.6,350,1087900
20231229,09:16:01,1.55,700,1087900
20231229,09:16:03,1.55,100,1087900
20231229,09:16:04,1.55,1700,1087900
20231229,09:16:05,1.55,100,1087900
20231229,09:16:06,1.55,1900,1087900
20231229,09:16:08,1.55,13200,1087900
20231229,09:16:09,1.55,3650,1087900
20231229,09:16:10,1.5,1800,1087900
20231229,09:16:11,1.55,3650,1087900
20231229,09:16:12,1.55,3150,1087900
20231229,09:16:13,1.55,2000,1087900
20231229,09:16:15,1.55,300,1087900
20231229,09:16:16,1.55,2050,1087900
20231229,09:16:17,1.6,300,1087900
20231229,09:16:18,1.55,4100,1087900
20231229,09:16:19,1.6,4450,1087900
20231229,09:16:20,1.55,3600,1087900
20231229,09:16:22,1.6,5150,1087900
20231229,09:16:24,1.6,1500,1087900
20231229,09:16:25,1.6,9050,1087900
20231229,09:16:26,1.6,2250,1087900
20231229,09:16:27,1.6,1800,1087900
20231229,09:16:28,1.6,10100,1087900
20231229,09:16:31,1.6,8650,1087900
20231229,09:16:32,1.55,1800,1087900
20231229,09:16:33,1.55,1800,1087900
20231229,09:16:34,1.6,900,1087900
20231229,09:16:35,1.6,200,1087900
20231229,09:16:36,1.6,9350,1087900
20231229,09:16:38,1.6,7050,1087900
20231229,09:16:39,1.6,2500,1087900
20231229,09:16:40,1.65,750,1087900
20231229,09:16:41,1.65,2300,1087900
20231229,09:16:42,1.65,3300,1087900
20231229,09:16:43,1.6,3400,1087900
20231229,09:16:45,1.65,600,1087900
20231229,09:16:46,1.65,3900,1087900
20231229,09:16:47,1.65,39750,1087900
20231229,09:16:48,1.65,41550,1087900
20231229,09:16:49,1.65,10900,1087900
20231229,09:16:51,1.65,6850,1087900
20231229,09:16:52,1.65,650,1087900
20231229,09:16:53,1.65,16550,1087900
20231229,09:16:54,1.65,150,1087900
20231229,09:16:55,1.65,2350,1087900
20231229,09:16:56,1.65,950,1087900
20231229,09:16:57,1.7,20650,1087900
20231229,09:16:59,1.65,1000,1087900
20231229,09:17:00,1.65,7750,1087900
20231229,09:17:02,1.65,20750,1087900
20231229,09:17:03,1.65,3250,1087900
20231229,09:17:06,1.7,2750,1133750
20231229,09:17:08,1.7,1500,1133750
20231229,09:17:09,1.7,500,1133750
20231229,09:17:10,1.7,1500,1133750
20231229,09:17:11,1.7,16200,1133750
20231229,09:17:12,1.7,4650,1133750
20231229,09:17:13,1.7,3050,1133750
20231229,09:17:14,1.7,6050,1133750
20231229,09:17:15,1.7,500,1133750
20231229,09:17:16,1.7,100,1133750
20231229,09:17:18,1.7,2050,1133750
20231229,09:17:23,1.7,1400,1133750
20231229,09:17:25,1.65,400,1133750
20231229,09:17:30,1.65,750,1133750
20231229,09:17:31,1.7,1850,1133750
20231229,09:17:32,1.65,1050,1133750
20231229,09:17:33,1.7,2050,1133750
20231229,09:17:34,1.65,150,1133750
20231229,09:17:36,1.65,1900,1133750
20231229,09:17:37,1.7,150,1133750
20231229,09:17:38,1.7,300,1133750
20231229,09:17:39,1.7,800,1133750
20231229,09:17:40,1.7,850,1133750
20231229,09:17:41,1.7,150,1133750
20231229,09:17:42,1.7,2650,1133750
20231229,09:17:43,1.65,1850,1133750
20231229,09:17:45,1.7,150,1133750
20231229,09:17:46,1.7,1600,1133750
20231229,09:17:47,1.7,10950,1133750
20231229,09:17:49,1.7,400,1133750
20231229,09:17:50,1.7,200,1133750
20231229,09:17:51,1.7,250,1133750
20231229,09:17:52,1.7,2750,1133750
20231229,09:17:54,1.7,5100,1133750
20231229,09:17:56,1.7,3600,1133750
20231229,09:17:58,1.7,35400,1133750
20231229,09:17:59,1.65,39850,1133750
20231229,09:18:00,1.65,2900,1133750
20231229,09:18:02,1.7,2800,1133750
20231229,09:18:03,1.75,41300,1133750
20231229,09:18:05,1.7,14000,1133750
20231229,09:18:06,1.7,500,1133750
20231229,09:18:07,1.65,56750,1133750
20231229,09:18:09,1.65,11400,1133750
20231229,09:18:10,1.65,1350,1133750
20231229,09:18:11,1.65,1100,1133750
20231229,09:18:13,1.65,4200,1133750
20231229,09:18:14,1.7,1850,1133750
20231229,09:18:15,1.65,500,1133750
20231229,09:18:16,1.65,50,1133750
20231229,09:18:21,1.7,50,1133750
20231229,09:18:22,1.65,1200,1133750
20231229,09:18:23,1.65,2300,1133750
20231229,09:18:26,1.65,1500,1133750
20231229,09:18:27,1.65,22200,1133750
20231229,09:18:29,1.65,50,1133750
20231229,09:18:32,1.65,50,1133750
20231229,09:18:40,1.6,500,1133750
20231229,09:18:41,1.65,1000,1133750
20231229,09:18:43,1.6,6050,1133750
20231229,09:18:47,1.6,5600,1133750
20231229,09:18:49,1.6,50,1133750
20231229,09:18:52,1.65,100,1133750
20231229,09:18:53,1.6,8750,1133750
20231229,09:18:54,1.6,16050,1133750
20231229,09:18:55,1.6,22950,1133750
20231229,09:18:57,1.6,15650,1133750
20231229,09:18:59,1.6,1850,1133750
20231229,09:19:01,1.55,18450,1133750
20231229,09:19:02,1.55,7250,1133750
20231229,09:19:03,1.6,23100,1133750
20231229,09:19:04,1.55,3700,1133750
20231229,09:19:05,1.6,150,1133750
20231229,09:19:07,1.6,700,1133750
20231229,09:19:08,1.6,150,1133750
20231229,09:19:09,1.6,250,1133750
20231229,09:19:10,1.6,200,1133750
20231229,09:19:11,1.55,22250,1133750
20231229,09:19:12,1.55,550,1133750
20231229,09:19:16,1.55,50,1133750
20231229,09:19:18,1.55,11300,1133750
20231229,09:19:20,1.55,15000,1133750
20231229,09:19:21,1.55,1550,1133750
20231229,09:19:23,1.55,1850,1133750
20231229,09:19:24,1.55,1550,1133750
20231229,09:19:25,1.55,150,1133750
20231229,09:19:27,1.5,7950,1133750
20231229,09:19:28,1.5,25350,1133750
20231229,09:19:29,1.5,50,1133750
20231229,09:19:30,1.5,1800,1133750
20231229,09:19:32,1.5,1500,1133750
20231229,09:19:33,1.5,500,1133750
20231229,09:19:36,1.45,1800,1133750
20231229,09:19:37,1.45,150,1133750
20231229,09:19:40,1.45,2450,1133750
20231229,09:19:42,1.5,11600,1133750
20231229,09:19:43,1.45,14300,1133750
20231229,09:19:47,1.45,2650,1133750
20231229,09:19:49,1.5,150,1133750
20231229,09:19:51,1.5,50,1133750
20231229,09:19:53,1.45,2100,1133750
20231229,09:19:54,1.5,50,1133750
20231229,09:19:57,1.45,50,1133750
20231229,09:19:58,1.45,3900,1133750
20231229,09:19:59,1.45,18250,1133750
20231229,09:20:01,1.5,1800,1133750
20231229,09:20:02,1.45,700,1133750
20231229,09:20:05,1.5,50,1133750
20231229,09:20:06,1.45,1800,1133750
20231229,09:20:10,1.45,9500,1133500
20231229,09:20:11,1.45,3100,1133500
20231229,09:20:14,1.45,350,1133500
20231229,09:20:15,1.45,8850,1133500
20231229,09:20:16,1.45,2300,1133500
20231229,09:20:17,1.4,50,1133500
20231229,09:20:20,1.45,5950,1133500
20231229,09:20:22,1.45,1500,1133500
20231229,09:20:23,1.45,18050,1133500
20231229,09:20:26,1.45,15650,1133500
20231229,09:20:27,1.45,2800,1133500
20231229,09:20:34,1.45,100,1133500
20231229,09:20:37,1.5,350,1133500
20231229,09:20:38,1.45,900,1133500
20231229,09:20:39,1.45,900,1133500
20231229,09:20:40,1.45,1800,1133500
20231229,09:20:43,1.5,2550,1133500
20231229,09:20:44,1.45,900,1133500
20231229,09:20:45,1.45,17100,1133500
20231229,09:20:47,1.45,1100,1133500
20231229,09:20:48,1.45,600,1133500
20231229,09:20:49,1.45,900,1133500
20231229,09:20:51,1.45,450,1133500
20231229,09:20:52,1.5,500,1133500
20231229,09:20:53,1.5,50,1133500
20231229,09:20:55,1.5,200,1133500
20231229,09:20:56,1.5,50,1133500
20231229,09:20:57,1.45,1850,1133500
20231229,09:20:58,1.45,600,1133500
20231229,09:21:00,1.45,1150,1133500
20231229,09:21:01,1.45,21250,1133500
20231229,09:21:02,1.4,750,1133500
20231229,09:21:04,1.4,6900,1133500
20231229,09:21:06,1.4,500,1133500
20231229,09:21:07,1.4,900,1133500
20231229,09:21:13,1.45,50,1133500
20231229,09:21:17,1.45,50,1133500
20231229,09:21:25,1.45,150,1133500
20231229,09:21:26,1.45,550,1133500
20231229,09:21:31,1.45,100,1133500
20231229,09:21:32,1.45,1200,1133500
20231229,09:21:35,1.45,1800,1133500
20231229,09:21:36,1.45,1800,1133500
20231229,09:21:37,1.45,1600,1133500
20231229,09:21:44,1.4,10800,1133500
20231229,09:21:45,1.45,50,1133500
20231229,09:21:47,1.45,21050,1133500
20231229,09:21:48,1.4,19600,1133500
20231229,09:21:49,1.4,750,1133500
20231229,09:21:51,1.4,250,1133500
20231229,09:21:55,1.4,7350,1133500
20231229,09:21:57,1.35,50,1133500
20231229,09:22:00,1.4,11150,1133500
20231229,09:22:01,1.4,3600,1133500
20231229,09:22:02,1.4,3200,1133500
20231229,09:22:04,1.4,2050,1133500
20231229,09:22:07,1.4,19800,1133500
20231229,09:22:08,1.4,1100,1133500
20231229,09:22:08,1.4,250,1133500
20231229,09:22:15,1.4,300,1133500
20231229,09:22:17,1.45,150,1133500
20231229,09:22:18,1.45,200,1133500
20231229,09:22:19,1.45,1350,1133500
20231229,09:22:20,1.45,200,1133500
20231229,09:22:21,1.45,150,1133500
20231229,09:22:23,1.45,250,1133500
20231229,09:22:23,1.45,50,1133500
20231229,09:22:25,1.45,600,1133500
20231229,09:22:26,1.45,100,1133500
20231229,09:22:27,1.45,450,1133500
20231229,09:22:29,1.45,150,1133500
20231229,09:22:32,1.45,150,1133500
20231229,09:22:34,1.45,200,1133500
20231229,09:22:34,1.45,300,1133500
20231229,09:22:35,1.45,150,1133500
20231229,09:22:37,1.45,150,1133500
20231229,09:22:38,1.45,150,1133500
20231229,09:22:39,1.45,150,1133500
20231229,09:22:40,1.45,200,1133500
20231229,09:22:41,1.45,400,1133500
20231229,09:22:42,1.45,150,1133500
20231229,09:22:45,1.45,1550,1133500
20231229,09:22:47,1.45,50,1133500
20231229,09:22:47,1.45,100,1133500
20231229,09:22:48,1.45,150,1133500
20231229,09:22:50,1.45,200,1133500
20231229,09:22:51,1.45,150,1133500
20231229,09:22:52,1.45,150,1133500
20231229,09:22:53,1.45,150,1133500
20231229,09:22:55,1.45,1250,1133500
20231229,09:22:57,1.45,200,1133500
20231229,09:22:58,1.45,150,1133500
20231229,09:22:59,1.45,150,1133500
20231229,09:23:01,1.45,350,1133500
20231229,09:23:02,1.45,200,1133500
20231229,09:23:03,1.45,150,1133500
20231229,09:23:05,1.45,2500,1133500
20231229,09:23:06,1.45,100,1133500
20231229,09:23:07,1.4,3000,1137100
20231229,09:23:17,1.45,350,1137100
20231229,09:23:18,1.45,150,1137100
20231229,09:23:19,1.45,100,1137100
20231229,09:23:20,1.45,150,1137100
20231229,09:23:23,1.4,1800,1137100
20231229,09:23:24,1.45,350,1137100
20231229,09:23:25,1.45,200,1137100
20231229,09:23:26,1.45,100,1137100
20231229,09:23:30,1.4,1800,1137100
20231229,09:23:34,1.45,100,1137100
20231229,09:23:40,1.45,250,1137100
20231229,09:23:44,1.45,100,1137100
20231229,09:23:52,1.4,500,1137100
20231229,09:23:54,1.4,650,1137100
20231229,09:23:56,1.45,3750,1137100
20231229,09:24:01,1.4,5950,1137100
20231229,09:24:03,1.45,750,1137100
20231229,09:24:04,1.4,32600,1137100
20231229,09:24:04,1.4,250,1137100
20231229,09:24:12,1.4,600,1137100
20231229,09:24:13,1.4,50,1137100
20231229,09:24:22,1.4,200,1137100
20231229,09:24:23,1.35,400,1137100
20231229,09:24:27,1.4,50,1137100
20231229,09:24:30,1.35,1800,1137100
20231229,09:24:32,1.35,1800,1137100
20231229,09:24:33,1.35,1800,1137100
20231229,09:24:39,1.4,1500,1137100
20231229,09:24:41,1.4,50,1137100
20231229,09:24:45,1.4,50,1137100
20231229,09:24:47,1.4,50,1137100
20231229,09:24:48,1.35,6200,1137100
20231229,09:24:49,1.4,950,1137100
20231229,09:24:53,1.4,250,1137100
20231229,09:24:54,1.35,5900,1137100
20231229,09:24:55,1.35,600,1137100
20231229,09:24:56,1.35,550,1137100
20231229,09:24:59,1.4,50,1137100
20231229,09:25:00,1.35,350,1137100
20231229,09:25:02,1.35,100,1137100
20231229,09:25:04,1.35,500,1137100
20231229,09:25:05,1.35,50,1137100
20231229,09:25:07,1.35,500,1137100
20231229,09:25:08,1.35,12000,1137100
20231229,09:25:09,1.35,24300,1137100
20231229,09:25:10,1.35,6850,1137100
20231229,09:25:11,1.35,3600,1137100
20231229,09:25:12,1.35,1750,1137100
20231229,09:25:15,1.4,1000,1137100
20231229,09:25:16,1.35,100,1137100
20231229,09:25:21,1.35,300,1137100
20231229,09:25:36,1.35,550,1137100
20231229,09:25:37,1.4,1050,1137100
20231229,09:25:38,1.4,50,1137100
20231229,09:25:42,1.35,150,1137100
20231229,09:25:53,1.4,100,1137100
20231229,09:25:58,1.4,250,1137100
20231229,09:25:59,1.4,50,1137100
20231229,09:26:01,1.35,750,1137100
20231229,09:26:03,1.4,550,1137100
20231229,09:26:04,1.4,200,1137100
20231229,09:26:05,1.4,100,1137100
20231229,09:26:06,1.4,200,1137100
20231229,09:26:08,1.4,600,1140600
20231229,09:26:09,1.4,500,1140600
20231229,09:26:10,1.4,100,1140600
20231229,09:26:19,1.4,500,1140600
20231229,09:26:20,1.4,50,1140600
20231229,09:26:27,1.4,100,1140600
20231229,09:26:28,1.4,250,1140600
20231229,09:26:36,1.35,1000,1140600
20231229,09:26:37,1.4,900,1140600
20231229,09:26:41,1.35,1000,1140600
20231229,09:26:43,1.4,1500,1140600
20231229,09:26:45,1.35,1000,1140600
20231229,09:26:46,1.4,50,1140600
20231229,09:26:49,1.35,1650,1140600
20231229,09:26:50,1.4,1000,1140600
20231229,09:26:55,1.3,20200,1140600
20231229,09:27:01,1.35,50,1140600
20231229,09:27:04,1.35,50,1140600
20231229,09:27:05,1.35,50,1140600
20231229,09:27:12,1.35,150,1140600
20231229,09:27:14,1.35,800,1140600
20231229,09:27:15,1.35,550,1140600
20231229,09:27:17,1.35,1000,1140600
20231229,09:27:19,1.35,150,1140600
20231229,09:27:20,1.3,250,1140600
20231229,09:27:22,1.3,50,1140600
20231229,09:27:25,1.3,550,1140600
20231229,09:27:26,1.35,550,1140600
20231229,09:27:29,1.3,8150,1140600
20231229,09:27:30,1.3,700,1140600
20231229,09:27:31,1.3,6200,1140600
20231229,09:27:32,1.35,550,1140600
20231229,09:27:34,1.35,2150,1140600
20231229,09:27:35,1.35,1000,1140600
20231229,09:27:36,1.35,50,1140600
20231229,09:27:37,1.35,1200,1140600
20231229,09:27:38,1.35,1050,1140600
20231229,09:27:44,1.35,50,1140600
20231229,09:27:45,1.3,50,1140600
20231229,09:27:48,1.35,100,1140600
20231229,09:27:54,1.35,50,1140600
20231229,09:27:56,1.35,100,1140600
20231229,09:28:04,1.35,50,1140600
20231229,09:28:05,1.35,750,1140600
20231229,09:28:12,1.3,50,1140600
20231229,09:28:14,1.35,200,1140600
20231229,09:28:22,1.35,50,1140600
20231229,09:28:34,1.3,1250,1140600
20231229,09:28:36,1.35,100,1140600
20231229,09:28:42,1.3,250,1140600
20231229,09:28:43,1.35,150,1140600
20231229,09:28:44,1.35,150,1140600
20231229,09:28:55,1.3,250,1140600
20231229,09:29:02,1.35,200,1140600
20231229,09:29:03,1.3,400,1140600
20231229,09:29:04,1.35,100,1140600
20231229,09:29:05,1.35,300,1140600
20231229,09:29:06,1.35,700,1140600
20231229,09:29:08,1.35,100,1153750
20231229,09:29:10,1.3,200,1153750
20231229,09:29:13,1.35,650,1153750
20231229,09:29:21,1.3,100,1153750
20231229,09:29:22,1.3,2050,1153750
20231229,09:29:25,1.3,1500,1153750
20231229,09:29:26,1.3,200,1153750
20231229,09:29:29,1.3,3600,1153750
20231229,09:29:30,1.3,200,1153750
20231229,09:29:31,1.3,1500,1153750
20231229,09:29:32,1.3,8400,1153750
20231229,09:29:35,1.3,1500,1153750
20231229,09:29:41,1.35,1800,1153750
20231229,09:29:42,1.35,1800,1153750
20231229,09:29:43,1.35,150,1153750
20231229,09:29:46,1.3,50,1153750
20231229,09:29:57,1.35,50,1153750
20231229,09:29:59,1.35,50,1153750
20231229,09:30:03,1.35,500,1153750
20231229,09:30:04,1.3,200,1153750
20231229,09:30:07,1.35,50,1153750
20231229,09:30:09,1.3,1800,1153750
20231229,09:30:11,1.35,50,1153750
20231229,09:30:12,1.3,600,1153750
20231229,09:30:16,1.35,50,1153750
20231229,09:30:19,1.3,200,1153750
20231229,09:30:21,1.35,700,1153750
20231229,09:30:22,1.3,1800,1153750
20231229,09:30:24,1.3,100,1153750
20231229,09:30:25,1.3,50,1153750
20231229,09:30:27,1.3,50,1153750
20231229,09:30:30,1.3,50,1153750
20231229,09:30:32,1.3,300,1153750
20231229,09:30:36,1.3,200,1153750
20231229,09:30:40,1.3,1750,1153750
20231229,09:30:41,1.3,200,1153750
20231229,09:30:45,1.35,500,1153750
20231229,09:30:49,1.35,500,1153750
20231229,09:30:52,1.35,950,1153750
20231229,09:30:53,1.35,200,1153750
20231229,09:30:55,1.3,500,1153750
20231229,09:30:58,1.3,300,1153750
20231229,09:31:04,1.35,59450,1153750
20231229,09:31:05,1.35,650,1153750
20231229,09:31:11,1.35,27500,1153750
20231229,09:31:14,1.35,1800,1153750
20231229,09:31:15,1.35,2800,1153750
20231229,09:31:16,1.4,1850,1153750
20231229,09:31:18,1.35,3900,1153750
20231229,09:31:19,1.35,300,1153750
20231229,09:31:20,1.35,1800,1153750
20231229,09:31:22,1.35,1800,1153750
20231229,09:31:28,1.35,2000,1153750
20231229,09:31:30,1.35,200,1153750
20231229,09:31:33,1.35,1850,1153750
20231229,09:31:34,1.35,4300,1153750
20231229,09:31:36,1.35,1850,1153750
20231229,09:31:39,1.4,50,1153750
20231229,09:31:43,1.35,2200,1153750
20231229,09:31:47,1.4,50,1153750
20231229,09:31:47,1.35,400,1153750
20231229,09:31:49,1.4,200,1153750
20231229,09:31:50,1.4,50,1153750
20231229,09:31:52,1.4,1050,1153750
20231229,09:31:52,1.4,100,1153750
20231229,09:31:53,1.4,2300,1153750
20231229,09:31:54,1.4,2100,1153750
20231229,09:31:55,1.4,1850,1153750
20231229,09:31:56,1.4,1000,1153750
20231229,09:31:57,1.4,1900,1153750
20231229,09:31:58,1.4,3700,1153750
20231229,09:31:59,1.4,1900,1153750
20231229,09:32:00,1.4,2950,1153750
20231229,09:32:01,1.4,100,1153750
20231229,09:32:02,1.4,50,1153750
20231229,09:32:03,1.4,150,1153750
20231229,09:32:05,1.4,200,1153750
20231229,09:32:05,1.4,50,1153750
20231229,09:32:06,1.4,200,1153750
20231229,09:32:07,1.4,50,1153750
20231229,09:32:09,1.4,100,1143250
20231229,09:32:10,1.4,100,1143250
20231229,09:32:10,1.4,50,1143250
20231229,09:32:11,1.4,100,1143250
20231229,09:32:14,1.4,1000,1143250
20231229,09:32:14,1.4,300,1143250
20231229,09:32:24,1.4,100,1143250
20231229,09:32:28,1.4,1800,1143250
20231229,09:32:30,1.4,50,1143250
20231229,09:32:31,1.4,100,1143250
20231229,09:32:33,1.4,100,1143250
20231229,09:32:34,1.4,1850,1143250
20231229,09:32:35,1.4,100,1143250
20231229,09:32:36,1.4,100,1143250
20231229,09:32:37,1.35,150,1143250
20231229,09:32:38,1.4,50,1143250
20231229,09:32:40,1.35,1200,1143250
20231229,09:32:44,1.35,100,1143250
20231229,09:32:45,1.35,2350,1143250
20231229,09:32:46,1.4,100,1143250
20231229,09:32:49,1.4,1850,1143250
20231229,09:32:50,1.35,200,1143250
20231229,09:32:51,1.4,100,1143250
20231229,09:32:52,1.4,50,1143250
20231229,09:32:57,1.35,100,1143250
20231229,09:32:59,1.4,300,1143250
20231229,09:33:04,1.4,30450,1143250
20231229,09:33:04,1.4,22150,1143250
20231229,09:33:06,1.4,1700,1143250
20231229,09:33:06,1.35,1350,1143250
20231229,09:33:07,1.4,50,1143250
20231229,09:33:09,1.35,800,1143250
20231229,09:33:09,1.4,50,1143250
20231229,09:33:10,1.4,31500,1143250
20231229,09:33:11,1.4,36050,1143250
20231229,09:33:13,1.4,1800,1143250
20231229,09:33:15,1.4,16200,1143250
20231229,09:33:16,1.4,200,1143250
20231229,09:33:27,1.4,150,1143250
20231229,09:33:30,1.35,1000,1143250
20231229,09:33:36,1.4,250,1143250
20231229,09:33:38,1.4,300,1143250
20231229,09:33:39,1.4,50,1143250
20231229,09:33:40,1.4,100,1143250
20231229,09:33:41,1.4,100,1143250
20231229,09:33:42,1.4,100,1143250
20231229,09:33:43,1.35,3200,1143250
20231229,09:33:44,1.35,27550,1143250
20231229,09:33:45,1.35,50,1143250
20231229,09:33:51,1.35,50,1143250
20231229,09:33:53,1.35,50,1143250
20231229,09:33:54,1.35,100,1143250
20231229,09:33:55,1.35,100,1143250
20231229,09:33:57,1.35,50,1143250
20231229,09:33:58,1.35,150,1143250
20231229,09:34:00,1.35,150,1143250
20231229,09:34:01,1.35,1950,1143250
20231229,09:34:02,1.35,15150,1143250
20231229,09:34:10,1.4,3600,1143250
20231229,09:34:11,1.4,4200,1143250
20231229,09:34:12,1.4,3700,1143250
20231229,09:34:13,1.4,100,1143250
20231229,09:34:31,1.4,100,1143250
20231229,09:34:33,1.4,150,1143250
20231229,09:34:34,1.4,1950,1143250
20231229,09:34:35,1.4,100,1143250
20231229,09:34:37,1.4,150,1143250
20231229,09:34:38,1.4,150,1143250
20231229,09:34:39,1.4,100,1143250
20231229,09:34:41,1.4,150,1143250
20231229,09:34:42,1.4,150,1143250
20231229,09:34:43,1.4,50,1143250
20231229,09:34:44,1.4,50,1143250
20231229,09:34:46,1.4,100,1143250
20231229,09:34:47,1.4,100,1143250
20231229,09:34:48,1.4,100,1143250
20231229,09:34:49,1.4,50,1143250
20231229,09:34:50,1.4,50,1143250
20231229,09:34:51,1.4,3600,1143250
20231229,09:34:52,1.4,850,1143250
20231229,09:34:53,1.4,50,1143250
20231229,09:34:54,1.4,50,1143250
20231229,09:34:56,1.4,100,1143250
20231229,09:34:57,1.4,50,1143250
20231229,09:34:58,1.4,100,1143250
20231229,09:34:59,1.4,50,1143250
20231229,09:35:00,1.4,100,1143250
20231229,09:35:01,1.4,50,1143250
20231229,09:35:06,1.4,300,1143250
20231229,09:35:07,1.4,300,1143250
20231229,09:35:09,1.4,550,1135300
20231229,09:35:09,1.4,50,1135300
20231229,09:35:11,1.4,100,1135300
20231229,09:35:12,1.4,100,1135300
20231229,09:35:13,1.4,50,1135300
20231229,09:35:15,1.4,50,1135300
20231229,09:35:16,1.4,50,1135300
20231229,09:35:17,1.4,1850,1135300
20231229,09:35:18,1.4,100,1135300
20231229,09:35:19,1.4,50,1135300
20231229,09:35:21,1.4,50,1135300
20231229,09:35:22,1.35,8100,1135300
20231229,09:35:23,1.35,12050,1135300
20231229,09:35:24,1.35,61500,1135300
20231229,09:35:25,1.35,17750,1135300
20231229,09:35:26,1.35,12050,1135300
20231229,09:35:27,1.35,8050,1135300
20231229,09:35:28,1.35,12100,1135300
20231229,09:35:29,1.4,4050,1135300
20231229,09:35:30,1.35,4500,1135300
20231229,09:35:31,1.4,100,1135300
20231229,09:35:33,1.35,4000,1135300
20231229,09:35:34,1.4,50,1135300
20231229,09:35:35,1.35,1750,1135300
20231229,09:35:37,1.4,100,1135300
20231229,09:35:38,1.4,50,1135300
20231229,09:35:39,1.4,50,1135300
20231229,09:35:40,1.4,100,1135300
20231229,09:35:41,1.4,50,1135300
20231229,09:35:42,1.4,100,1135300
20231229,09:35:43,1.4,50,1135300
20231229,09:35:44,1.4,100,1135300
20231229,09:35:46,1.4,50,1135300
20231229,09:35:48,1.4,100,1135300
20231229,09:35:49,1.4,50,1135300
20231229,09:35:50,1.4,50,1135300
20231229,09:35:52,1.35,50,1135300
20231229,09:36:02,1.4,50,1135300
20231229,09:36:04,1.35,800,1135300
20231229,09:36:05,1.35,31800,1135300
20231229,09:36:06,1.35,750,1135300
20231229,09:36:07,1.35,750,1135300
20231229,09:36:08,1.35,1000,1135300
20231229,09:36:09,1.35,500,1135300
20231229,09:36:10,1.35,250,1135300
20231229,09:36:11,1.35,450,1135300
20231229,09:36:13,1.3,600,1135300
20231229,09:36:17,1.35,50,1135300
20231229,09:36:18,1.35,100,1135300
20231229,09:36:19,1.3,600,1135300
20231229,09:36:20,1.35,100,1135300
20231229,09:36:21,1.35,50,1135300
20231229,09:36:22,1.35,50,1135300
20231229,09:36:23,1.35,100,1135300
20231229,09:36:24,1.35,50,1135300
20231229,09:36:25,1.35,100,1135300
20231229,09:36:26,1.35,50,1135300
20231229,09:36:27,1.35,500,1135300
20231229,09:36:28,1.35,200,1135300
20231229,09:36:35,1.35,1200,1135300
20231229,09:36:44,1.3,50,1135300
20231229,09:36:45,1.3,250,1135300
20231229,09:36:48,1.35,100,1135300
20231229,09:37:18,1.35,100,1135300
20231229,09:37:19,1.35,100,1135300
20231229,09:37:20,1.35,100,1135300
20231229,09:37:21,1.35,50,1135300
20231229,09:37:22,1.35,50,1135300
20231229,09:37:23,1.35,100,1135300
20231229,09:37:24,1.35,50,1135300
20231229,09:37:25,1.35,50,1135300
20231229,09:37:26,1.35,50,1135300
20231229,09:37:27,1.35,100,1135300
20231229,09:37:28,1.35,50,1135300
20231229,09:37:29,1.35,50,1135300
20231229,09:37:31,1.35,50,1135300
20231229,09:37:32,1.35,50,1135300
20231229,09:37:33,1.35,50,1135300
20231229,09:37:34,1.35,300,1135300
20231229,09:37:35,1.35,3700,1135300
20231229,09:37:36,1.35,1850,1135300
20231229,09:37:37,1.35,3650,1135300
20231229,09:37:38,1.35,1850,1135300
20231229,09:37:39,1.35,1850,1135300
20231229,09:37:40,1.35,50,1135300
20231229,09:37:41,1.35,50,1135300
20231229,09:37:42,1.35,50,1135300
20231229,09:37:43,1.35,1850,1135300
20231229,09:37:44,1.35,3650,1135300
20231229,09:37:45,1.35,1850,1135300
20231229,09:37:46,1.35,50,1135300
20231229,09:37:47,1.35,1850,1135300
20231229,09:37:49,1.35,50,1135300
20231229,09:37:50,1.35,100,1135300
20231229,09:37:51,1.35,50,1135300
20231229,09:37:52,1.35,50,1135300
20231229,09:37:53,1.35,50,1135300
20231229,09:37:54,1.35,50,1135300
20231229,09:37:55,1.35,50,1135300
20231229,09:37:56,1.35,50,1135300
20231229,09:37:57,1.35,50,1135300
20231229,09:37:58,1.35,50,1135300
20231229,09:37:59,1.35,50,1135300
20231229,09:38:00,1.35,50,1135300
20231229,09:38:01,1.35,100,1135300
20231229,09:38:03,1.35,100,1135300
20231229,09:38:04,1.35,50,1135300
20231229,09:38:05,1.35,50,1135300
20231229,09:38:06,1.35,50,1135300
20231229,09:38:07,1.35,50,1135300
20231229,09:38:08,1.35,100,1135300
20231229,09:38:10,1.35,50,1154550
20231229,09:38:11,1.35,50,1154550
20231229,09:38:12,1.35,50,1154550
20231229,09:38:16,1.35,50,1154550
20231229,09:38:17,1.35,100,1154550
20231229,09:38:18,1.35,50,1154550
20231229,09:38:19,1.35,50,1154550
20231229,09:38:20,1.35,50,1154550
20231229,09:38:21,1.35,50,1154550
20231229,09:38:22,1.35,50,1154550
20231229,09:38:23,1.35,50,1154550
20231229,09:38:24,1.35,50,1154550
20231229,09:38:25,1.35,50,1154550
20231229,09:38:26,1.35,1050,1154550
20231229,09:38:27,1.35,50,1154550
20231229,09:38:28,1.35,50,1154550
20231229,09:38:31,1.35,50,1154550
20231229,09:38:32,1.35,500,1154550
20231229,09:38:34,1.35,1800,1154550
20231229,09:38:35,1.35,1800,1154550
20231229,09:38:37,1.35,1100,1154550
20231229,09:38:38,1.35,3700,1154550
20231229,09:38:39,1.35,1850,1154550
20231229,09:38:41,1.35,100,1154550
20231229,09:38:42,1.35,50,1154550
20231229,09:38:44,1.35,100,1154550
20231229,09:38:45,1.35,50,1154550
20231229,09:38:46,1.35,50,1154550
20231229,09:38:47,1.35,50,1154550
20231229,09:38:50,1.35,50,1154550
20231229,09:38:52,1.35,150,1154550
20231229,09:39:12,1.3,50,1154550
20231229,09:39:37,1.3,450,1154550
20231229,09:39:44,1.3,100,1154550
20231229,09:40:23,1.35,50,1154550
20231229,09:40:29,1.35,50,1154550
20231229,09:40:30,1.35,100,1154550
20231229,09:40:31,1.35,100,1154550
20231229,09:40:32,1.35,50,1154550
20231229,09:40:33,1.35,50,1154550
20231229,09:40:34,1.35,50,1154550
20231229,09:40:35,1.35,100,1154550
20231229,09:40:36,1.35,550,1154550
20231229,09:40:37,1.35,100,1154550
20231229,09:40:39,1.35,250,1154550
20231229,09:40:41,1.35,50,1154550
20231229,09:40:44,1.35,50,1154550
20231229,09:40:45,1.35,100,1154550
20231229,09:40:46,1.3,1900,1154550
20231229,09:40:53,1.3,1800,1154550
20231229,09:40:58,1.3,1800,1154550
20231229,09:41:00,1.3,1200,1154550
20231229,09:41:02,1.3,10200,1154550
20231229,09:41:03,1.3,9600,1154550
20231229,09:41:05,1.3,34550,1154550
20231229,09:41:07,1.3,1800,1154550
20231229,09:41:09,1.3,14800,1154550
20231229,09:41:09,1.3,1700,1154550
20231229,09:41:11,1.3,13400,1147850
20231229,09:41:13,1.25,1750,1147850
20231229,09:41:22,1.25,750,1147850
20231229,09:41:23,1.3,650,1147850
20231229,09:41:46,1.25,7200,1147850
20231229,09:41:57,1.3,50,1147850
20231229,09:42:07,1.3,1850,1147850
20231229,09:42:08,1.25,1800,1147850
20231229,09:42:13,1.25,150,1147850
20231229,09:42:21,1.3,750,1147850
20231229,09:42:22,1.3,900,1147850
20231229,09:42:23,1.25,150,1147850
20231229,09:42:26,1.25,50,1147850
20231229,09:42:30,1.25,100,1147850
20231229,09:42:45,1.25,200,1147850
20231229,09:42:45,1.3,500,1147850
20231229,09:42:47,1.25,100,1147850
20231229,09:42:53,1.25,300,1147850
20231229,09:42:58,1.25,500,1147850
20231229,09:43:03,1.25,300,1147850
20231229,09:43:05,1.3,250,1147850
20231229,09:43:06,1.3,500,1147850
20231229,09:43:08,1.3,250,1147850
20231229,09:43:12,1.3,250,1147850
20231229,09:43:13,1.3,250,1147850
20231229,09:43:15,1.3,250,1147850
20231229,09:43:19,1.25,1000,1147850
20231229,09:43:20,1.25,250,1147850
20231229,09:43:21,1.3,2750,1147850
20231229,09:43:22,1.3,450,1147850
20231229,09:43:23,1.3,750,1147850
20231229,09:43:24,1.3,800,1147850
20231229,09:43:25,1.3,3950,1147850
20231229,09:43:26,1.3,4650,1147850
20231229,09:43:27,1.3,1800,1147850
20231229,09:43:28,1.25,1000,1147850
20231229,09:43:29,1.3,350,1147850
20231229,09:43:30,1.3,800,1147850
20231229,09:43:31,1.3,1100,1147850
20231229,09:43:33,1.25,200,1147850
20231229,09:43:34,1.3,750,1147850
20231229,09:43:35,1.3,3550,1147850
20231229,09:43:36,1.3,74600,1147850
20231229,09:43:38,1.3,1500,1147850
20231229,09:43:41,1.35,1800,1147850
20231229,09:43:42,1.35,1800,1147850
20231229,09:43:46,1.35,50,1147850
20231229,09:43:47,1.35,50,1147850
20231229,09:43:48,1.35,50,1147850
20231229,09:43:52,1.3,5750,1147850
20231229,09:43:54,1.35,50,1147850
20231229,09:43:55,1.35,1800,1147850
20231229,09:43:56,1.35,2950,1147850
20231229,09:43:57,1.35,50,1147850
20231229,09:43:59,1.35,200,1147850
20231229,09:44:02,1.35,250,1147850
20231229,09:44:07,1.3,1050,1147850
20231229,09:44:08,1.35,50,1147850
20231229,09:44:09,1.35,100,1127900
20231229,09:44:11,1.3,200,1127900
20231229,09:44:15,1.3,1000,1127900
20231229,09:44:20,1.3,1050,1127900
20231229,09:44:21,1.3,50,1127900
20231229,09:44:39,1.3,150,1127900
20231229,09:44:41,1.35,50,1127900
20231229,09:44:49,1.35,100,1127900
20231229,09:44:51,1.35,100,1127900
20231229,09:44:51,1.35,50,1127900
20231229,09:44:53,1.35,300,1127900
20231229,09:45:05,1.35,1800,1127900
20231229,09:45:08,1.3,150,1127900
20231229,09:45:17,1.35,1500,1127900
20231229,09:45:17,1.35,1400,1127900
20231229,09:45:19,1.3,1000,1127900
20231229,09:45:22,1.3,200,1127900
20231229,09:45:23,1.3,500,1127900
20231229,09:45:24,1.3,150,1127900
20231229,09:45:27,1.3,250,1127900
20231229,09:45:28,1.35,150,1127900
20231229,09:45:36,1.3,250,1127900
20231229,09:45:41,1.35,1800,1127900
20231229,09:45:49,1.35,750,1127900
20231229,09:45:58,1.3,150,1127900
20231229,09:45:59,1.35,100,1127900
20231229,09:46:01,1.35,300,1127900
20231229,09:46:02,1.35,250,1127900
20231229,09:46:03,1.35,450,1127900
20231229,09:46:04,1.35,100,1127900
20231229,09:46:05,1.3,1750,1127900
20231229,09:46:06,1.3,150,1127900
20231229,09:46:07,1.35,150,1127900
20231229,09:46:14,1.35,50,1127900
20231229,09:46:16,1.35,150,1127900
20231229,09:46:16,1.3,250,1127900
20231229,09:46:18,1.35,18000,1127900
20231229,09:46:19,1.35,38850,1127900
20231229,09:46:20,1.35,1250,1127900
20231229,09:46:21,1.4,100,1127900
20231229,09:46:23,1.4,150,1127900
20231229,09:46:24,1.4,150,1127900
20231229,09:46:25,1.35,500,1127900
20231229,09:46:26,1.4,150,1127900
20231229,09:46:31,1.35,50,1127900
20231229,09:46:32,1.4,50,1127900
20231229,09:46:34,1.4,200,1127900
20231229,09:46:35,1.4,150,1127900
20231229,09:46:36,1.35,350,1127900
20231229,09:46:37,1.4,100,1127900
20231229,09:46:38,1.4,100,1127900
20231229,09:46:39,1.35,26950,1127900
20231229,09:46:40,1.35,500,1127900
20231229,09:46:41,1.35,250,1127900
20231229,09:46:42,1.35,1800,1127900
20231229,09:46:44,1.35,100,1127900
20231229,09:46:46,1.35,1800,1127900
20231229,09:46:47,1.35,150,1127900
20231229,09:46:48,1.35,1800,1127900
20231229,09:46:50,1.35,150,1127900
20231229,09:46:51,1.35,200,1127900
20231229,09:46:52,1.35,250,1127900
20231229,09:46:53,1.35,350,1127900
20231229,09:46:54,1.35,250,1127900
20231229,09:46:55,1.35,2050,1127900
20231229,09:46:56,1.35,2100,1127900
20231229,09:46:57,1.35,200,1127900
20231229,09:46:58,1.35,2050,1127900
20231229,09:46:59,1.35,300,1127900
20231229,09:47:00,1.35,2050,1127900
20231229,09:47:01,1.35,200,1127900
20231229,09:47:02,1.35,300,1127900
20231229,09:47:03,1.35,250,1127900
20231229,09:47:04,1.35,250,1127900
20231229,09:47:05,1.35,250,1127900
20231229,09:47:06,1.35,200,1127900
20231229,09:47:07,1.35,250,1127900
20231229,09:47:08,1.35,300,1127900
20231229,09:47:09,1.35,2000,1127900
20231229,09:47:10,1.35,250,1127900
20231229,09:47:11,1.35,200,1120150
20231229,09:47:12,1.35,400,1120150
20231229,09:47:13,1.35,250,1120150
20231229,09:47:14,1.35,50,1120150
20231229,09:47:19,1.3,50,1120150
20231229,09:47:26,1.35,100,1120150
20231229,09:47:28,1.35,50,1120150
20231229,09:47:29,1.35,150,1120150
20231229,09:47:30,1.35,250,1120150
20231229,09:47:31,1.35,100,1120150
20231229,09:47:32,1.35,250,1120150
20231229,09:47:33,1.35,200,1120150
20231229,09:47:34,1.35,700,1120150
20231229,09:47:35,1.35,350,1120150
20231229,09:47:36,1.35,200,1120150
20231229,09:47:37,1.35,250,1120150
20231229,09:47:38,1.35,800,1120150
20231229,09:47:39,1.35,300,1120150
20231229,09:47:40,1.35,50,1120150
20231229,09:47:41,1.35,50,1120150
20231229,09:47:42,1.35,50,1120150
20231229,09:47:43,1.35,50,1120150
20231229,09:47:44,1.35,50,1120150
20231229,09:47:45,1.35,50,1120150
20231229,09:47:46,1.35,150,1120150
20231229,09:47:47,1.35,200,1120150
20231229,09:47:48,1.35,300,1120150
20231229,09:47:49,1.35,50,1120150
20231229,09:47:50,1.35,50,1120150
20231229,09:47:51,1.35,1000,1120150
20231229,09:47:52,1.35,50,1120150
20231229,09:47:53,1.35,1000,1120150
20231229,09:47:54,1.35,50,1120150
20231229,09:47:55,1.35,1050,1120150
20231229,09:47:56,1.35,50,1120150
20231229,09:47:57,1.35,50,1120150
20231229,09:47:58,1.35,50,1120150
20231229,09:47:59,1.35,50,1120150
20231229,09:48:00,1.35,50,1120150
20231229,09:48:01,1.35,50,1120150
20231229,09:48:02,1.35,50,1120150
20231229,09:48:03,1.35,200,1120150
20231229,09:48:04,1.35,50,1120150
20231229,09:48:05,1.35,50,1120150
20231229,09:48:06,1.35,50,1120150
20231229,09:48:07,1.35,50,1120150
20231229,09:48:08,1.35,100,1120150
20231229,09:48:09,1.35,100,1120150
20231229,09:48:10,1.35,150,1120150
20231229,09:48:19,1.35,50,1120150
20231229,09:48:20,1.35,50,1120150
20231229,09:48:21,1.35,50,1120150
20231229,09:48:22,1.35,50,1120150
20231229,09:48:23,1.35,150,1120150
20231229,09:48:24,1.35,150,1120150
20231229,09:48:25,1.35,150,1120150
20231229,09:48:26,1.35,150,1120150
20231229,09:48:27,1.35,150,1120150
20231229,09:48:28,1.35,150,1120150
20231229,09:48:29,1.35,50,1120150
20231229,09:48:30,1.35,50,1120150
20231229,09:48:31,1.35,50,1120150
20231229,09:48:32,1.35,50,1120150
20231229,09:48:33,1.35,50,1120150
20231229,09:48:34,1.35,50,1120150
20231229,09:48:35,1.35,50,1120150
20231229,09:48:36,1.35,400,1120150
20231229,09:48:37,1.35,900,1120150
20231229,09:48:38,1.35,50,1120150
20231229,09:48:39,1.35,200,1120150
20231229,09:48:40,1.35,200,1120150
20231229,09:48:41,1.35,200,1120150
20231229,09:48:42,1.35,50,1120150
20231229,09:48:43,1.35,50,1120150
20231229,09:48:44,1.35,50,1120150
20231229,09:48:45,1.35,50,1120150
20231229,09:48:46,1.35,50,1120150
20231229,09:48:47,1.35,50,1120150
20231229,09:48:48,1.35,50,1120150
20231229,09:48:49,1.35,50,1120150
20231229,09:48:50,1.35,50,1120150
20231229,09:48:51,1.35,400,1120150
20231229,09:48:52,1.35,200,1120150
20231229,09:48:53,1.35,300,1120150
20231229,09:48:54,1.35,5200,1120150
20231229,09:48:55,1.35,250,1120150
20231229,09:48:56,1.35,250,1120150
20231229,09:48:57,1.35,500,1120150
20231229,09:48:58,1.35,150,1120150
20231229,09:48:59,1.35,650,1120150
20231229,09:49:00,1.35,300,1120150
20231229,09:49:01,1.35,200,1120150
20231229,09:49:02,1.35,200,1120150
20231229,09:49:05,1.35,50,1120150
20231229,09:49:08,1.35,200,1120150
20231229,09:49:10,1.35,50,1120150
20231229,09:49:11,1.35,1050,1120150
20231229,09:49:21,1.35,50,1120150
20231229,09:49:22,1.3,500,1120150
20231229,09:49:23,1.35,50,1120150
20231229,09:49:24,1.35,200,1120150
20231229,09:49:25,1.35,950,1120150
20231229,09:49:27,1.3,250,1120150
20231229,09:49:28,1.35,50,1120150
20231229,09:49:29,1.35,50,1120150
20231229,09:49:30,1.35,50,1120150
20231229,09:49:31,1.35,50,1120150
20231229,09:49:32,1.35,50,1120150
20231229,09:49:33,1.35,50,1120150
20231229,09:49:34,1.35,50,1120150
20231229,09:49:35,1.35,50,1120150
20231229,09:49:36,1.35,50,1120150
20231229,09:49:37,1.35,100,1120150
20231229,09:49:38,1.35,50,1120150
20231229,09:49:39,1.35,50,1120150
20231229,09:49:40,1.35,500,1120150
20231229,09:49:41,1.35,500,1120150
20231229,09:49:42,1.35,1850,1120150
20231229,09:49:43,1.35,50,1120150
20231229,09:49:44,1.35,16250,1120150
20231229,09:49:45,1.35,50,1120150
20231229,09:49:46,1.35,50,1120150
20231229,09:49:47,1.35,50,1120150
20231229,09:49:48,1.35,50,1120150
20231229,09:49:49,1.35,50,1120150
20231229,09:49:50,1.35,50,1120150
20231229,09:49:51,1.35,50,1120150
20231229,09:49:52,1.35,50,1120150
20231229,09:49:53,1.35,50,1120150
20231229,09:49:54,1.35,50,1120150
20231229,09:49:55,1.35,50,1120150
20231229,09:49:56,1.35,50,1120150
20231229,09:49:57,1.35,50,1120150
20231229,09:49:58,1.35,2050,1120150
20231229,09:49:59,1.35,850,1120150
20231229,09:50:00,1.35,4150,1120150
20231229,09:50:01,1.35,50,1120150
20231229,09:50:02,1.35,700,1120150
20231229,09:50:03,1.35,350,1120150
20231229,09:50:04,1.35,1850,1120150
20231229,09:50:05,1.35,50,1120150
20231229,09:50:06,1.35,50,1120150
20231229,09:50:09,1.35,50,1120150
20231229,09:50:10,1.3,50,1120150
20231229,09:50:20,1.35,1000,1120150
20231229,09:50:27,1.35,50,1124050
20231229,09:50:33,1.35,1800,1124050
20231229,09:50:59,1.35,50,1124050
20231229,09:51:02,1.3,200,1124050
20231229,09:51:03,1.35,50,1124050
20231229,09:51:04,1.35,50,1124050
20231229,09:51:05,1.35,50,1124050
20231229,09:51:06,1.35,4100,1124050
20231229,09:51:07,1.35,4100,1124050
20231229,09:51:08,1.35,4600,1124050
20231229,09:51:18,1.35,50,1124050
20231229,09:51:19,1.35,800,1124050
20231229,09:51:20,1.35,1400,1124050
20231229,09:51:21,1.35,950,1124050
20231229,09:51:22,1.35,2100,1124050
20231229,09:51:24,1.35,600,1124050
20231229,09:51:26,1.35,750,1124050
20231229,09:51:27,1.35,2450,1124050
20231229,09:51:28,1.35,3500,1124050
20231229,09:51:29,1.35,32250,1124050
20231229,09:51:32,1.35,8250,1124050
20231229,09:51:32,1.4,8150,1124050
20231229,09:51:33,1.35,14350,1124050
20231229,09:51:34,1.35,1500,1124050
20231229,09:51:35,1.35,250,1124050
20231229,09:51:39,1.35,1200,1124050
20231229,09:51:40,1.35,50,1124050
20231229,09:51:44,1.35,150,1124050
20231229,09:51:48,1.35,100,1124050
20231229,09:51:49,1.35,300,1124050
20231229,09:51:50,1.35,6000,1124050
20231229,09:51:53,1.3,250,1124050
20231229,09:51:53,1.35,1200,1124050
20231229,09:51:54,1.35,50,1124050
20231229,09:51:55,1.35,50,1124050
20231229,09:51:56,1.35,1550,1124050
20231229,09:51:57,1.35,11550,1124050
20231229,09:51:58,1.4,9700,1124050
20231229,09:51:59,1.4,200,1124050
20231229,09:52:00,1.35,15250,1124050
20231229,09:52:01,1.35,750,1124050
20231229,09:52:02,1.4,200,1124050
20231229,09:52:03,1.4,200,1124050
20231229,09:52:06,1.35,900,1124050
20231229,09:52:07,1.4,50,1124050
20231229,09:52:08,1.4,1550,1124050
20231229,09:52:09,1.4,50,1124050
20231229,09:52:10,1.4,50,1124050
20231229,09:52:11,1.4,150,1124050
20231229,09:52:12,1.4,50,1124050
20231229,09:52:13,1.4,950,1124050
20231229,09:52:14,1.4,100,1124050
20231229,09:52:15,1.4,50,1124050
20231229,09:52:16,1.4,50,1124050
20231229,09:52:17,1.4,50,1124050
20231229,09:52:18,1.35,300,1124050
20231229,09:52:19,1.4,50,1124050
20231229,09:52:20,1.35,100,1124050
20231229,09:52:21,1.4,50,1124050
20231229,09:52:22,1.4,50,1124050
20231229,09:52:23,1.4,50,1124050
20231229,09:52:24,1.4,50,1124050
20231229,09:52:26,1.4,50,1124050
20231229,09:52:27,1.4,50,1124050
20231229,09:52:28,1.4,50,1124050
20231229,09:52:29,1.4,50,1124050
20231229,09:52:30,1.4,2000,1124050
20231229,09:52:31,1.4,550,1124050
20231229,09:52:35,1.4,50,1124050
20231229,09:52:37,1.4,50,1124050
20231229,09:52:39,1.4,50,1124050
20231229,09:52:40,1.4,50,1124050
20231229,09:52:41,1.4,50,1124050
20231229,09:52:42,1.4,50,1124050
20231229,09:52:43,1.4,50,1124050
20231229,09:52:44,1.4,50,1124050
20231229,09:52:45,1.4,6500,1124050
20231229,09:52:46,1.4,50,1124050
20231229,09:52:47,1.4,50,1124050
20231229,09:52:48,1.4,50,1124050
20231229,09:52:55,1.4,50,1124050
20231229,09:52:56,1.4,6050,1124050
20231229,09:52:57,1.4,50,1124050
20231229,09:52:58,1.4,50,1124050
20231229,09:52:59,1.4,3500,1124050
20231229,09:53:00,1.4,500,1124050
20231229,09:53:01,1.4,32250,1124050
20231229,09:53:02,1.45,50,1124050
20231229,09:53:03,1.45,50,1124050
20231229,09:53:08,1.5,19700,1124050
20231229,09:53:09,1.5,9000,1124050
20231229,09:53:11,1.45,5150,1114200
20231229,09:53:12,1.5,150,1114200
20231229,09:53:13,1.45,5850,1114200
20231229,09:53:14,1.5,1100,1114200
20231229,09:53:15,1.45,7600,1114200
20231229,09:53:17,1.5,4850,1114200
20231229,09:53:19,1.45,5150,1114200
20231229,09:53:21,1.45,950,1114200
20231229,09:53:23,1.45,550,1114200
20231229,09:53:27,1.4,3950,1114200
20231229,09:53:33,1.45,11550,1114200
20231229,09:53:34,1.45,14000,1114200
20231229,09:53:35,1.45,500,1114200
20231229,09:53:36,1.45,1550,1114200
20231229,09:53:41,1.45,9900,1114200
20231229,09:53:44,1.5,150,1114200
20231229,09:53:45,1.45,250,1114200
20231229,09:53:46,1.45,2550,1114200
20231229,09:53:47,1.45,600,1114200
20231229,09:53:48,1.45,250,1114200
20231229,09:53:52,1.45,13800,1114200
20231229,09:53:53,1.45,250,1114200
20231229,09:53:55,1.45,250,1114200
20231229,09:53:56,1.45,100,1114200
20231229,09:53:57,1.45,250,1114200
20231229,09:53:59,1.45,250,1114200
20231229,09:54:01,1.45,500,1114200
20231229,09:54:03,1.45,250,1114200
20231229,09:54:04,1.5,7500,1114200
20231229,09:54:05,1.45,500,1114200
20231229,09:54:08,1.45,2500,1114200
20231229,09:54:10,1.5,4500,1114200
20231229,09:54:18,1.5,850,1114200
20231229,09:54:20,1.5,700,1114200
20231229,09:54:26,1.45,3250,1114200
20231229,09:54:28,1.5,400,1114200
20231229,09:54:41,1.45,350,1114200
20231229,09:54:41,1.45,5000,1114200
20231229,09:54:42,1.5,100,1114200
20231229,09:54:43,1.45,300,1114200
20231229,09:54:44,1.5,50,1114200
20231229,09:54:45,1.5,200,1114200
20231229,09:54:46,1.5,200,1114200
20231229,09:54:47,1.5,200,1114200
20231229,09:54:48,1.5,200,1114200
20231229,09:54:49,1.5,50,1114200
20231229,09:54:50,1.5,50,1114200
20231229,09:54:51,1.45,1100,1114200
20231229,09:54:52,1.5,50,1114200
20231229,09:54:53,1.5,50,1114200
20231229,09:54:54,1.45,300,1114200
20231229,09:54:55,1.5,50,1114200
20231229,09:54:56,1.5,50,1114200
20231229,09:54:57,1.5,50,1114200
20231229,09:54:58,1.5,50,1114200
20231229,09:54:59,1.45,450,1114200
20231229,09:55:00,1.45,450,1114200
20231229,09:55:01,1.5,200,1114200
20231229,09:55:02,1.45,600,1114200
20231229,09:55:03,1.5,50,1114200
20231229,09:55:04,1.5,300,1114200
20231229,09:55:05,1.5,600,1114200
20231229,09:55:06,1.5,1050,1114200
20231229,09:55:07,1.45,700,1114200
20231229,09:55:08,1.5,850,1114200
20231229,09:55:09,1.45,750,1114200
20231229,09:55:10,1.45,4050,1114200
20231229,09:55:11,1.45,1550,1114200
20231229,09:55:12,1.5,100,1114200
20231229,09:55:13,1.5,50,1114200
20231229,09:55:14,1.5,50,1114200
20231229,09:55:15,1.45,550,1114200
20231229,09:55:16,1.5,100,1114200
20231229,09:55:17,1.5,50,1114200
20231229,09:55:18,1.5,50,1114200
20231229,09:55:19,1.5,50,1114200
20231229,09:55:20,1.5,50,1114200
20231229,09:55:21,1.5,100,1114200
20231229,09:55:25,1.45,8100,1114200
20231229,09:55:26,1.45,1700,1114200
20231229,09:55:27,1.45,13100,1114200
20231229,09:55:29,1.4,3850,1114200
20231229,09:55:32,1.45,50,1114200
20231229,09:55:33,1.45,1200,1114200
20231229,09:55:34,1.45,150,1114200
20231229,09:55:36,1.45,350,1114200
20231229,09:55:36,1.45,4500,1114200
20231229,09:55:38,1.45,400,1114200
20231229,09:55:40,1.45,100,1114200
20231229,09:55:42,1.45,900,1114200
20231229,09:55:43,1.45,950,1114200
20231229,09:55:44,1.45,50,1114200
20231229,09:55:45,1.45,100,1114200
20231229,09:55:46,1.45,500,1114200
20231229,09:55:47,1.45,150,1114200
20231229,09:55:50,1.45,300,1114200
20231229,09:55:53,1.45,500,1114200
20231229,09:55:57,1.45,100,1114200
20231229,09:55:59,1.45,900,1114200
20231229,09:56:01,1.45,50,1114200
20231229,09:56:02,1.45,200,1114200
20231229,09:56:03,1.45,250,1114200
20231229,09:56:05,1.45,1300,1114200
20231229,09:56:05,1.45,200,1114200
20231229,09:56:07,1.45,300,1114200
20231229,09:56:07,1.45,600,1114200
20231229,09:56:08,1.45,300,1114200
20231229,09:56:14,1.45,6150,1146300
20231229,09:56:24,1.45,50,1146300
20231229,09:56:27,1.45,50,1146300
20231229,09:56:31,1.45,100,1146300
20231229,09:56:32,1.4,50,1146300
20231229,09:56:40,1.45,3250,1146300
20231229,09:56:47,1.45,50,1146300
20231229,09:56:50,1.4,1800,1146300
20231229,09:56:52,1.4,4150,1146300
20231229,09:56:53,1.4,1000,1146300
20231229,09:56:56,1.4,550,1146300
20231229,09:56:57,1.4,26000,1146300
20231229,09:56:58,1.4,650,1146300
20231229,09:56:58,1.4,250,1146300
20231229,09:56:59,1.4,1300,1146300
20231229,09:57:00,1.4,2250,1146300
20231229,09:57:01,1.4,3000,1146300
20231229,09:57:03,1.4,550,1146300
20231229,09:57:04,1.4,550,1146300
20231229,09:57:04,1.4,1800,1146300
20231229,09:57:05,1.4,100,1146300
20231229,09:57:06,1.4,600,1146300
20231229,09:57:08,1.4,650,1146300
20231229,09:57:09,1.4,10650,1146300
20231229,09:57:13,1.4,1900,1146300
20231229,09:57:14,1.4,21850,1146300
20231229,09:57:14,1.4,12400,1146300
20231229,09:57:16,1.35,450,1146300
20231229,09:57:18,1.35,1000,1146300
20231229,09:57:20,1.35,550,1146300
20231229,09:57:24,1.35,150,1146300
20231229,09:57:26,1.4,300,1146300
20231229,09:57:31,1.4,1350,1146300
20231229,09:57:32,1.35,50,1146300
20231229,09:57:33,1.4,4050,1146300
20231229,09:57:35,1.35,50,1146300
20231229,09:57:36,1.4,14450,1146300
20231229,09:57:37,1.4,7400,1146300
20231229,09:57:39,1.4,4700,1146300
20231229,09:57:40,1.4,100,1146300
20231229,09:57:42,1.4,150,1146300
20231229,09:57:45,1.4,100,1146300
20231229,09:57:47,1.4,100,1146300
20231229,09:57:48,1.4,550,1146300
20231229,09:57:50,1.4,100,1146300
20231229,09:57:52,1.4,550,1146300
20231229,09:57:53,1.4,50,1146300
20231229,09:57:54,1.35,50,1146300
20231229,09:57:55,1.4,100,1146300
20231229,09:57:56,1.35,50,1146300
20231229,09:57:57,1.4,50,1146300
20231229,09:57:58,1.4,1100,1146300
20231229,09:57:59,1.4,1500,1146300
20231229,09:58:00,1.4,2050,1146300
20231229,09:58:02,1.4,50,1146300
20231229,09:58:03,1.4,50,1146300
20231229,09:58:04,1.4,50,1146300
20231229,09:58:05,1.4,50,1146300
20231229,09:58:06,1.4,50,1146300
20231229,09:58:07,1.4,50,1146300
20231229,09:58:08,1.4,50,1146300
20231229,09:58:10,1.4,100,1146300
20231229,09:58:11,1.4,14950,1146300
20231229,09:58:15,1.4,6200,1146300
20231229,09:58:17,1.45,13500,1146300
20231229,09:58:18,1.45,34050,1146300
20231229,09:58:19,1.45,1200,1146300
20231229,09:58:20,1.45,36150,1146300
20231229,09:58:24,1.45,8550,1146300
20231229,09:58:32,1.4,1800,1146300
20231229,09:58:33,1.45,2850,1146300
20231229,09:58:36,1.45,1350,1146300
20231229,09:58:37,1.45,50,1146300
20231229,09:58:46,1.45,1500,1146300
20231229,09:58:47,1.4,500,1146300
20231229,09:58:48,1.4,400,1146300
20231229,09:58:49,1.4,1500,1146300
20231229,09:58:51,1.4,3900,1146300
20231229,09:58:52,1.4,250,1146300
20231229,09:58:53,1.4,1500,1146300
20231229,09:58:54,1.4,1500,1146300
20231229,09:58:55,1.4,1500,1146300
20231229,09:58:56,1.4,500,1146300
20231229,09:58:57,1.4,50,1146300
20231229,09:58:58,1.4,50,1146300
20231229,09:58:59,1.4,50,1146300
20231229,09:59:00,1.4,50,1146300
20231229,09:59:01,1.4,50,1146300
20231229,09:59:02,1.4,50,1146300
20231229,09:59:05,1.45,2550,1146300
20231229,09:59:06,1.45,1950,1146300
20231229,09:59:08,1.4,400,1146300
20231229,09:59:10,1.5,39750,1146300
20231229,09:59:11,1.45,9700,1146300
20231229,09:59:13,1.4,200,1210750
20231229,09:59:15,1.4,50,1210750
20231229,09:59:16,1.45,9050,1210750
20231229,09:59:17,1.45,8750,1210750
20231229,09:59:18,1.45,17600,1210750
20231229,09:59:19,1.45,7350,1210750
20231229,09:59:20,1.4,1900,1210750
20231229,09:59:21,1.4,1500,1210750
20231229,09:59:22,1.4,1500,1210750
20231229,09:59:23,1.4,1500,1210750
20231229,09:59:24,1.4,200,1210750
20231229,09:59:25,1.4,1500,1210750
