date,time,tick_price,volume,open_interest
20240131,12:06:22,3.05,150,150
20240131,13:02:13,3.05,150,150
20240131,13:30:31,3.05,100,300
20240131,15:26:35,3.05,500,400
20240131,15:27:53,3.05,500,900
20240201,09:15:17,3.45,1,1200
20240201,09:15:17,3.4,1,1200
20240201,09:15:17,3.55,500,1200
20240201,09:15:28,3.9,1050,1200
20240201,09:15:28,3.35,1050,1200
20240201,09:15:40,3.5,250,1200
20240201,09:16:20,3.6,300,1200
20240201,09:16:30,3.65,50,1200
20240201,09:16:40,3.65,250,1200
20240201,09:17:20,3.6,2450,1200
20240201,09:17:40,3.7,150,6050
20240201,09:17:49,3.75,800,6050
20240201,09:18:39,3.65,50,6050
20240201,09:18:49,3.85,50,6050
20240201,09:19:28,4.1,300,6050
20240201,09:19:38,3.9,450,6050
20240201,09:20:26,3.9,100,6050
20240201,09:21:13,3.7,50,7400
20240201,09:21:41,3.95,150,7400
20240201,09:21:50,3.9,100,7400
20240201,09:22:40,3.8,150,7400
20240201,09:22:50,3.7,50,7400
20240201,09:23:00,3.75,50,7400
20240201,09:23:10,3.8,150,7400
20240201,09:23:20,3.85,150,7400
20240201,09:24:12,3.75,50,7500
20240201,09:24:30,3.8,100,7500
20240201,09:24:47,3.7,100,7500
20240201,09:24:56,3.75,50,7500
20240201,09:25:14,3.75,50,7500
20240201,09:25:49,3.8,50,7500
20240201,09:25:57,3.8,50,7500
20240201,09:26:06,3.7,250,7500
20240201,09:26:33,3.7,100,7750
20240201,09:27:17,3.75,150,7750
20240201,09:27:26,3.75,50,7750
20240201,09:27:51,3.75,50,7750
20240201,09:28:19,3.8,350,7750
20240201,09:28:29,3.65,200,7750
20240201,09:28:38,3.65,50,7750
20240201,09:28:55,3.65,100,7750
20240201,09:29:33,3.55,50,7750
20240201,09:29:42,3.55,50,7950
20240201,09:29:59,3.5,50,7950
20240201,09:30:09,3.5,300,7950
20240201,09:30:26,3.45,100,7950
20240201,09:31:02,3.45,50,7950
20240201,09:32:12,3.45,50,7950
20240201,09:32:47,3.25,1850,7900
20240201,09:34:09,3.3,1300,7900
20240201,09:34:18,3.4,50,7900
20240201,09:34:26,3.4,50,7900
20240201,09:36:12,3.4,100,8900
20240201,09:37:00,3.3,100,8900
20240201,09:37:48,3.35,50,8900
20240201,09:38:13,3.4,100,8900
20240201,09:39:02,3.25,1800,8900
20240201,09:39:51,3.25,1800,8900
20240201,09:40:07,3.3,200,8900
20240201,09:40:33,3.35,50,8900
20240201,09:41:01,3.25,100,8900
20240201,09:41:09,3.3,100,8900
20240201,09:41:18,3.3,50,8900
20240201,09:41:40,3.35,100,9050
20240201,09:43:21,3.1,1800,9050
20240201,09:43:28,3.1,50,9050
20240201,09:44:20,3.3,250,9050
20240201,09:44:43,3.1,500,11200
20240201,09:44:51,3.1,50,11200
20240201,09:45:07,3.1,50,11200
20240201,09:45:55,3.15,150,11200
20240201,09:46:04,3.2,150,11200
20240201,09:46:13,3.1,50,11200
20240201,09:46:22,3.1,50,11200
20240201,09:46:53,3.15,150,11200
20240201,09:47:01,3.2,100,11200
20240201,09:47:43,3.2,100,11300
20240201,09:47:51,3.25,100,11300
20240201,09:48:29,3.25,250,11300
20240201,09:48:36,3.25,50,11300
20240201,09:48:45,3.35,2000,11300
20240201,09:50:37,3.35,50,11300
20240201,09:51:09,3.35,50,11200
20240201,09:51:17,3.35,200,11200
20240201,09:51:24,3.3,50,11200
20240201,09:51:32,3.35,50,11200
20240201,09:55:02,3.3,50,11300
20240201,09:57:33,3.2,100,11250
20240201,09:57:40,3.25,100,11250
20240201,09:58:11,3.2,50,11250
20240201,09:58:47,3.25,150,11250
20240201,10:00:18,3.4,500,11100
20240201,10:00:49,3.3,900,11100
20240201,10:02:49,3.35,350,11300
20240201,10:03:01,3.35,50,11300
20240201,10:03:08,4.2,1600,11300
20240201,10:03:17,3.3,50,11300
20240201,10:03:43,3.35,1000,11300
20240201,10:04:23,3.3,50,11300
20240201,10:04:52,3.3,50,11300
20240201,10:05:03,3.3,50,11300
20240201,10:05:37,3.3,50,11450
20240201,10:08:00,3.3,50,11450
20240201,10:10:14,3.25,50,11400
20240201,10:10:43,3.2,50,11400
20240201,10:11:23,3.25,50,11400
20240201,10:11:51,3.2,50,11400
20240201,10:14:55,3.2,600,11350
20240201,10:15:00,3.25,750,11350
20240201,10:17:05,3.35,50,11350
20240201,10:18:55,3.35,50,11500
20240201,10:22:00,3.35,150,11550
20240201,10:22:06,3.35,250,11550
20240201,10:22:12,3.35,100,11550
20240201,10:24:52,3.35,100,11100
20240201,10:24:58,3.35,250,11100
20240201,10:25:50,2.5,600,11100
20240201,10:27:11,3.25,50,10900
20240201,10:27:57,3.25,50,10900
20240201,10:28:14,2.4,2600,10900
20240201,10:29:11,3.25,250,10900
20240201,10:29:20,3.3,700,10900
20240201,10:29:44,3.3,500,10700
20240201,10:29:53,3.35,100,10700
20240201,10:30:34,3.3,100,10700
20240201,10:31:56,3.3,50,10700
20240201,10:34:29,3.35,550,10700
20240201,10:34:37,3.35,200,10700
20240201,10:34:44,3.3,50,10700
20240201,10:34:52,3.3,50,10700
20240201,10:36:34,3.35,100,10700
20240201,10:40:18,3.25,250,10700
20240201,10:45:56,3.2,50,10900
20240201,10:50:32,3.15,50,10900
20240201,10:54:26,3.15,50,10900
20240201,10:57:16,3.25,250,10900
20240201,11:00:00,3.2,100,10900
20240201,11:00:44,3.2,50,10900
20240201,11:05:35,3.5,650,10900
20240201,11:05:50,3.55,100,10900
20240201,11:07:36,3.5,550,10900
20240201,11:07:42,3.6,50,10900
20240201,11:08:03,3.5,250,10900
20240201,11:08:43,3.7,50,10900
20240201,11:09:16,3.45,200,10900
20240201,11:09:35,3.25,50,10900
20240201,11:09:46,3.45,550,10900
20240201,11:10:03,3.45,100,10900
20240201,11:10:16,3.5,150,10900
20240201,11:10:22,3.5,150,10900
20240201,11:10:27,3.4,250,10900
20240201,11:11:31,3.45,150,10900
20240201,11:12:05,3.45,50,10900
20240201,11:12:11,3.45,50,10900
20240201,11:12:27,3.45,50,10900
20240201,11:16:08,3.4,50,10900
20240201,11:16:20,3.45,100,10900
20240201,11:16:33,3.45,50,10900
20240201,11:16:46,3.5,500,10900
20240201,11:16:55,3.4,400,10900
20240201,11:17:04,3.4,200,10900
20240201,11:17:48,3.9,50,10900
20240201,11:17:56,3.75,150,11200
20240201,11:18:05,3.75,150,11200
20240201,11:18:22,3.95,650,11200
20240201,11:18:31,4.05,850,11200
20240201,11:18:40,3.85,200,11200
20240201,11:18:58,3.85,400,11200
20240201,11:19:06,3.8,100,11200
20240201,11:19:48,3.8,50,11200
20240201,11:20:13,3.9,500,11200
20240201,11:20:22,3.85,300,11200
20240201,11:20:46,3.8,100,12100
20240201,11:21:03,3.75,650,12100
20240201,11:21:12,3.7,100,12100
20240201,11:21:20,3.65,50,12100
20240201,11:21:28,3.65,150,12100
20240201,11:21:45,3.6,50,12100
20240201,11:22:26,3.65,150,12100
20240201,11:22:33,3.55,200,12100
20240201,11:22:48,3.5,200,12100
20240201,11:22:55,3.65,50,12100
20240201,11:23:17,3.55,50,12100
20240201,11:23:25,3.6,300,12100
20240201,11:23:33,3.55,50,12100
20240201,11:24:04,3.45,50,11350
20240201,11:25:25,3.4,50,11350
20240201,11:25:33,3.55,100,11350
20240201,11:26:36,3.65,800,11350
20240201,11:28:07,3.55,900,11900
20240201,11:29:59,3.55,50,11400
20240201,11:30:31,3.55,2200,11400
20240201,11:31:51,3.5,50,11400
20240201,11:34:19,3.4,50,13600
20240201,11:35:11,3.45,100,13600
20240201,11:35:18,3.45,200,13600
20240201,11:35:24,3.45,50,13600
20240201,11:37:09,3.35,50,13350
20240201,11:37:15,3.2,1850,13350
20240201,11:37:42,3.2,50,13350
20240201,11:37:50,3.15,100,13350
20240201,11:37:59,3.2,50,13350
20240201,11:39:47,3.1,1800,13250
20240201,11:40:47,3.15,50,13250
20240201,11:42:19,3.2,50,14500
20240201,11:43:23,3.15,450,14500
20240201,11:43:31,3.15,50,14500
20240201,11:43:38,3.15,50,14500
20240201,11:43:44,3.15,50,14500
20240201,11:44:41,3.05,1000,14500
20240201,11:44:47,3.1,50,14500
20240201,11:46:18,3.1,50,15900
20240201,11:46:24,3.15,50,15900
20240201,11:46:30,3.15,300,15900
20240201,11:46:50,3.05,100,15900
20240201,11:46:58,3.1,100,15900
20240201,11:50:09,3.0,200,16050
20240201,11:51:06,3.0,50,16000
20240201,11:51:13,3.0,50,16000
20240201,11:52:46,2.95,200,16000
20240201,11:52:55,2.95,300,16000
20240201,11:53:03,2.9,50,16000
20240201,11:53:11,2.95,150,16000
20240201,11:54:23,2.85,50,15750
20240201,11:55:46,2.85,100,15750
20240201,11:56:32,2.75,200,15750
20240201,11:56:40,2.75,100,15750
20240201,12:03:35,2.75,100,15800
20240201,12:04:15,2.45,200,15800
20240201,12:05:59,2.3,50,15800
20240201,12:08:56,2.3,100,15800
20240201,12:09:32,1.85,200,15800
20240201,12:09:40,1.85,150,15800
20240201,12:09:49,1.9,550,15800
20240201,12:09:57,1.9,1100,15800
20240201,12:10:06,1.8,50,15800
20240201,12:10:15,1.8,2200,15800
20240201,12:10:33,2.0,650,15800
20240201,12:11:00,2.05,450,15800
20240201,12:11:10,2.05,400,15800
20240201,12:11:20,2.2,2000,15800
20240201,12:11:29,2.1,200,15800
20240201,12:11:38,2.05,1300,15800
20240201,12:12:16,2.1,2000,15400
20240201,12:12:25,2.1,1900,15400
20240201,12:12:34,2.2,750,15400
20240201,12:12:43,2.2,200,15400
20240201,12:12:53,2.2,50,15400
20240201,12:13:03,2.1,100,15400
20240201,12:13:12,2.15,850,15400
20240201,12:13:22,2.15,350,15400
20240201,12:13:32,2.15,100,15400
20240201,12:13:52,2.15,50,15400
20240201,12:14:20,2.2,50,15400
20240201,12:14:40,2.15,1250,15400
20240201,12:16:49,2.05,200,14200
20240201,12:17:35,2.1,100,14200
20240201,12:17:52,2.15,100,14200
20240201,12:18:01,2.15,150,14200
20240201,12:18:18,2.1,50,14200
20240201,12:18:27,2.1,250,14200
20240201,12:19:04,2.1,100,14200
20240201,12:19:14,2.1,150,14200
20240201,12:21:26,2.15,50,14250
20240201,12:21:35,2.2,150,14250
20240201,12:22:19,2.25,150,14250
20240201,12:26:20,2.15,100,14400
20240201,12:26:46,2.1,400,14400
20240201,12:27:05,2.1,50,13950
20240201,12:27:33,2.1,50,13950
20240201,12:28:34,2.1,50,13950
20240201,12:28:59,2.15,100,13950
20240201,12:29:08,2.1,200,13950
20240201,12:29:43,2.15,100,13950
20240201,12:30:00,2.1,50,13600
20240201,12:30:16,2.1,50,13600
20240201,12:32:31,2.15,50,13600
20240201,12:32:40,2.15,100,13600
20240201,12:32:49,2.15,50,13600
20240201,12:33:26,2.15,50,13450
20240201,12:33:34,2.15,50,13450
20240201,12:34:16,2.1,150,13450
20240201,12:35:44,2.15,100,13450
20240201,12:35:52,2.1,50,13450
20240201,12:36:26,2.1,200,13150
20240201,12:36:53,2.15,100,13150
20240201,12:37:02,2.1,50,13150
20240201,12:37:21,2.1,50,13150
20240201,12:37:41,2.1,300,13150
20240201,12:37:51,2.0,200,13150
20240201,12:38:00,2.05,50,13150
20240201,12:38:25,2.0,150,13150
20240201,12:38:34,2.0,50,13150
20240201,12:40:14,2.0,100,12900
20240201,12:40:32,2.0,50,12900
20240201,12:44:20,2.0,50,12750
20240201,12:44:27,2.0,50,12750
20240201,12:45:14,2.0,200,12650
20240201,12:55:11,2.1,50,12650
20240201,12:55:21,2.0,250,12650
20240201,13:00:35,1.95,200,12900
20240201,13:00:53,1.95,250,12900
20240201,13:01:03,2.0,100,12900
20240201,13:02:01,1.9,300,12900
20240201,13:02:30,1.85,50,12900
20240201,13:03:12,1.9,250,12550
20240201,13:06:07,1.9,100,12700
20240201,13:07:56,1.9,50,12700
20240201,13:20:22,1.9,50,12750
20240201,13:21:58,1.15,500,12800
20240201,13:22:13,1.15,100,12800
20240201,13:22:52,1.75,50,12800
20240201,13:22:59,1.75,50,12800
20240201,13:25:22,1.7,100,12550
20240201,13:28:48,1.8,100,12450
20240201,13:29:40,1.6,100,12450
20240201,13:30:22,1.8,750,12400
20240201,13:30:29,1.75,50,12400
20240201,13:33:28,1.75,200,12650
20240201,13:38:34,1.85,50,12450
20240201,13:39:15,1.9,1700,12400
20240201,13:39:28,1.95,1200,12400
20240201,13:40:13,1.7,1500,12400
20240201,13:41:06,2.0,150,12400
20240201,13:41:21,1.95,750,12400
20240201,13:42:55,1.95,300,13300
20240201,13:45:59,1.85,150,13350
20240201,13:46:32,1.95,550,13350
20240201,13:46:39,1.9,50,13350
20240201,13:49:43,1.85,50,13800
20240201,13:49:50,1.95,50,13800
20240201,13:54:08,1.8,50,13900
20240201,13:55:21,1.75,50,13900
20240201,13:55:28,1.65,100,13900
20240201,13:55:50,1.8,450,13900
20240201,13:55:57,1.75,50,13900
20240201,13:57:14,1.65,50,13700
20240201,13:57:36,1.65,50,13700
20240201,13:58:34,1.75,250,13700
20240201,13:59:43,1.8,1300,13700
20240201,13:59:51,1.8,100,13700
20240201,14:00:28,1.85,500,14200
20240201,14:01:56,1.75,750,14200
20240201,14:02:10,1.25,1000,14200
20240201,14:05:30,1.65,100,13100
20240201,14:08:14,1.75,600,13000
20240201,14:08:51,1.75,100,13000
20240201,14:09:34,1.7,350,13000
20240201,14:09:41,1.7,250,13000
20240201,14:12:26,1.7,100,12550
20240201,14:13:26,1.85,50,12550
20240201,14:13:34,1.75,200,12550
20240201,14:14:11,1.75,50,12550
20240201,14:14:33,1.75,200,12550
20240201,14:15:24,1.75,50,12500
20240201,14:21:54,1.5,50,12450
20240201,14:22:06,1.55,100,12450
20240201,14:28:20,1.8,50,12350
20240201,14:37:21,1.55,100,12350
20240201,14:37:42,1.55,50,12350
20240201,14:37:49,1.6,50,12350
20240201,14:39:37,1.5,150,12300
20240201,14:40:58,1.45,350,12300
20240201,14:41:35,1.6,300,12300
20240201,14:42:33,1.55,150,12000
20240201,14:44:39,1.4,250,12000
20240201,14:44:47,1.55,300,12000
20240201,14:48:12,1.4,50,11500
20240201,14:51:22,1.55,500,11500
20240201,14:54:43,1.5,100,11000
20240201,14:54:52,1.5,50,11000
20240201,14:54:59,1.6,100,11000
20240201,14:56:04,1.55,100,11000
20240201,14:56:21,1.55,250,11000
20240201,14:59:12,1.65,50,11000
20240201,15:00:12,1.6,50,11000
20240201,15:00:35,1.55,300,11000
20240201,15:01:27,1.7,50,11000
20240201,15:03:57,1.7,50,11000
20240201,15:08:18,1.5,650,11000
20240201,15:10:50,1.7,250,10950
20240201,15:24:44,1.55,50,10700
20240201,15:28:18,1.5,50,10700
20240201,15:29:06,1.25,350,10700
20240201,15:29:44,1.55,250,10700
20240202,09:15:02,1.5,1,10550
20240202,09:15:02,1.55,100,10550
20240202,09:15:06,2.35,50,10550
20240202,09:15:07,2.35,50,10550
20240202,09:15:08,1.6,50,10550
20240202,09:15:14,1.65,150,10550
20240202,09:15:15,1.6,100,10550
20240202,09:15:31,1.6,350,10550
20240202,09:15:32,1.6,400,10550
20240202,09:15:33,1.6,50,10550
20240202,09:15:51,1.5,800,10550
20240202,09:15:56,1.55,100,10550
20240202,09:16:02,1.45,100,10550
20240202,09:16:20,1.45,300,10550
20240202,09:16:30,1.45,50,10550
20240202,09:16:46,1.45,100,10550
20240202,09:16:47,1.5,50,10550
20240202,09:17:02,1.5,350,10550
20240202,09:17:05,1.5,50,10550
20240202,09:17:06,1.5,50,10550
20240202,09:17:19,1.5,50,12450
20240202,09:17:23,1.5,350,12450
20240202,09:18:01,1.45,50,12450
20240202,09:18:14,1.5,50,12450
20240202,09:18:23,1.5,50,12450
20240202,09:18:53,1.5,50,12450
20240202,09:19:32,1.45,50,12450
20240202,09:19:38,1.45,50,12450
20240202,09:19:49,1.5,550,12450
20240202,09:20:33,1.45,200,13200
20240202,09:20:43,1.45,600,13200
20240202,09:22:41,1.45,100,13200
20240202,09:23:00,1.45,50,13200
20240202,09:23:39,1.4,50,13350
20240202,09:24:48,1.4,250,13350
20240202,09:25:21,1.4,800,13350
20240202,09:25:25,1.4,600,13350
20240202,09:25:47,1.45,50,13350
20240202,09:25:51,1.5,50,13350
20240202,09:25:53,1.5,50,13350
20240202,09:26:12,1.5,50,13350
20240202,09:26:14,1.5,50,13350
20240202,09:27:01,1.5,50,13850
20240202,09:27:25,1.45,150,13850
20240202,09:27:31,1.5,50,13850
20240202,09:27:33,1.5,200,13850
20240202,09:28:15,1.5,1250,13850
20240202,09:28:35,1.5,50,13850
20240202,09:29:11,1.5,50,13850
20240202,09:29:13,1.5,50,13850
20240202,09:29:16,1.5,250,13850
20240202,09:29:34,1.5,200,15200
20240202,09:29:37,1.45,50,15200
20240202,09:29:53,1.5,100,15200
20240202,09:30:11,1.5,50,15200
20240202,09:30:25,1.45,50,15200
20240202,09:30:52,1.5,1100,15200
20240202,09:30:54,1.5,150,15200
20240202,09:30:54,1.45,1850,15200
20240202,09:30:57,1.55,350,15200
20240202,09:31:05,1.65,1000,15200
20240202,09:31:07,1.6,50,15200
20240202,09:31:08,1.6,50,15200
20240202,09:31:10,1.6,150,15200
20240202,09:31:36,1.6,150,15200
20240202,09:31:52,1.55,100,15200
20240202,09:31:54,1.6,50,15200
20240202,09:32:19,1.55,100,15200
20240202,09:32:24,1.55,50,19000
20240202,09:33:41,1.6,50,19000
20240202,09:33:47,1.55,50,19000
20240202,09:34:01,1.55,200,19000
20240202,09:34:27,1.55,250,19000
20240202,09:35:20,1.6,100,19000
20240202,09:35:21,1.6,50,18600
20240202,09:35:21,1.6,150,18600
20240202,09:35:22,1.65,400,18600
20240202,09:35:25,1.65,150,18600
20240202,09:35:26,1.65,250,18600
20240202,09:35:27,1.65,200,18600
20240202,09:35:28,1.6,250,18600
20240202,09:35:39,1.6,300,18600
20240202,09:35:41,1.6,1350,18600
20240202,09:35:52,1.55,100,18600
20240202,09:36:13,1.6,50,18600
20240202,09:36:41,1.55,550,18600
20240202,09:36:44,1.6,50,18600
20240202,09:37:06,1.6,150,18600
20240202,09:37:23,1.6,150,18600
20240202,09:38:07,1.6,850,18600
20240202,09:38:08,1.6,200,18600
20240202,09:38:12,1.6,700,18600
20240202,09:38:14,1.65,50,18600
20240202,09:38:20,1.6,100,21200
20240202,09:39:05,1.6,300,21200
20240202,09:39:33,1.6,50,21200
20240202,09:39:41,1.55,150,21200
20240202,09:39:53,1.55,50,21200
20240202,09:40:08,1.55,50,21200
20240202,09:40:27,1.55,50,21200
20240202,09:40:28,1.6,1850,21200
20240202,09:40:32,1.6,300,21200
20240202,09:40:40,1.65,50,21200
20240202,09:41:11,1.65,500,21200
20240202,09:41:12,1.65,200,21200
20240202,09:41:18,1.6,50,21200
20240202,09:41:29,1.6,700,23750
20240202,09:41:43,1.65,600,23750
20240202,09:41:48,1.65,100,23750
20240202,09:42:03,1.6,50,23750
20240202,09:42:06,1.65,2150,23750
20240202,09:42:09,1.65,300,23750
20240202,09:42:19,1.6,250,23750
20240202,09:42:27,1.65,200,23750
20240202,09:42:29,1.7,50,23750
20240202,09:42:31,1.6,500,23750
20240202,09:42:33,1.7,1800,23750
20240202,09:42:43,1.6,1200,23750
20240202,09:42:45,1.6,800,23750
20240202,09:42:51,1.75,5100,23750
20240202,09:42:53,1.8,550,23750
20240202,09:42:58,1.65,1800,23750
20240202,09:43:14,1.65,50,23750
20240202,09:43:23,1.75,2050,23750
20240202,09:43:25,1.8,50,23750
20240202,09:43:43,1.8,3200,23750
20240202,09:43:46,1.75,1200,23750
20240202,09:43:55,1.75,1800,23750
20240202,09:44:06,1.75,150,23750
20240202,09:44:17,1.7,1200,23750
20240202,09:44:21,1.7,1800,37800
20240202,09:44:22,1.75,3600,37800
20240202,09:44:37,1.75,1800,37800
20240202,09:44:42,1.65,1950,37800
20240202,09:44:43,1.75,50,37800
20240202,09:45:01,1.75,50,37800
20240202,09:45:07,1.75,250,37800
20240202,09:45:12,1.75,1800,37800
20240202,09:45:13,1.8,5300,37800
20240202,09:45:19,1.75,500,37800
20240202,09:45:22,1.85,500,37800
20240202,09:45:26,1.75,1000,37800
20240202,09:45:34,1.75,550,37800
20240202,09:45:58,1.75,2750,37800
20240202,09:45:59,1.8,1800,37800
20240202,09:46:01,1.8,50,37800
20240202,09:46:02,1.85,1800,37800
20240202,09:46:04,1.85,50,37800
20240202,09:46:06,1.8,2000,37800
20240202,09:46:11,1.8,50,37800
20240202,09:46:12,1.8,50,37800
20240202,09:46:26,1.75,500,37800
20240202,09:46:29,1.75,1800,37800
20240202,09:46:30,1.75,2200,37800
20240202,09:46:34,1.75,1100,37800
20240202,09:46:36,1.75,500,37800
20240202,09:46:37,1.7,7200,37800
20240202,09:46:41,1.7,50,37800
20240202,09:47:06,1.8,50,37800
20240202,09:47:08,1.7,1800,37800
20240202,09:47:10,1.7,200,37800
20240202,09:47:11,1.7,2700,37800
20240202,09:47:14,1.7,500,37800
20240202,09:47:17,1.65,1800,37800
20240202,09:47:19,1.65,3550,69400
20240202,09:47:21,1.65,500,69400
20240202,09:47:25,1.6,50,69400
20240202,09:47:45,1.6,50,69400
20240202,09:47:50,1.6,10600,69400
20240202,09:47:51,1.6,450,69400
20240202,09:48:00,1.6,500,69400
20240202,09:48:08,1.6,50,69400
20240202,09:48:52,1.65,50,69400
20240202,09:49:01,1.65,100,69400
20240202,09:49:49,1.65,50,69400
20240202,09:50:06,1.7,3600,69400
20240202,09:50:07,1.65,250,69400
20240202,09:50:08,1.7,1800,69400
20240202,09:50:09,1.7,500,69400
20240202,09:50:12,1.7,50,69400
20240202,09:50:17,1.65,1800,69400
20240202,09:50:55,1.65,100,69400
20240202,09:51:00,1.65,50,65700
20240202,09:52:46,1.7,3450,65700
20240202,09:52:58,1.7,500,65700
20240202,09:53:07,1.65,50,65700
20240202,09:53:29,1.65,15100,65700
20240202,09:53:30,1.7,3600,63250
20240202,09:53:43,1.65,500,63250
20240202,09:53:44,1.65,300,63250
20240202,09:53:46,1.65,50,63250
20240202,09:53:50,1.7,200,63250
20240202,09:53:59,1.65,50,63250
20240202,09:54:00,1.65,50,63250
20240202,09:54:01,1.65,50,63250
20240202,09:55:50,1.7,50,63250
20240202,09:55:55,1.65,1500,63250
20240202,09:55:56,1.65,1500,63250
20240202,09:56:00,1.65,500,63250
20240202,09:56:01,1.65,300,63250
20240202,09:56:04,1.7,50,63250
20240202,09:56:24,1.65,1000,63250
20240202,09:56:51,1.7,100,70300
20240202,09:57:01,1.65,50,70300
20240202,09:57:10,1.65,3450,70300
20240202,09:57:11,1.6,750,70300
20240202,09:57:15,1.65,50,70300
20240202,09:57:47,1.65,200,70300
20240202,09:58:01,1.65,50,70300
20240202,09:58:06,1.65,50,70300
20240202,09:58:13,1.6,350,70300
20240202,09:58:24,1.6,1050,70300
20240202,09:58:43,1.6,2200,70300
20240202,09:58:52,1.6,1200,70300
20240202,09:59:09,1.55,600,70300
20240202,09:59:14,1.55,50,70300
20240202,09:59:34,1.55,50,70300
20240202,09:59:48,1.55,400,80100
20240202,09:59:50,1.55,700,80100
20240202,09:59:58,1.6,50,80100
20240202,10:00:14,1.6,1850,80100
20240202,10:00:34,1.6,50,80100
20240202,10:01:05,1.6,250,80100
20240202,10:01:07,1.6,200,80100
20240202,10:01:09,1.6,50,80100
20240202,10:01:10,1.55,1650,80100
20240202,10:01:15,1.6,50,80100
20240202,10:01:47,1.6,1450,80100
20240202,10:02:02,1.6,1650,80100
20240202,10:02:03,1.6,50,80100
20240202,10:02:21,1.65,1950,80100
20240202,10:02:22,1.65,1800,79900
20240202,10:02:24,1.6,900,79900
20240202,10:02:42,1.65,150,79900
20240202,10:02:45,1.7,2100,79900
20240202,10:02:47,1.6,50,79900
20240202,10:02:50,1.7,100,79900
20240202,10:02:58,1.7,50,79900
20240202,10:03:08,1.7,50,79900
20240202,10:03:11,1.7,100,79900
20240202,10:03:23,1.65,1800,79900
20240202,10:03:56,1.65,50,79900
20240202,10:04:02,1.65,50,79900
20240202,10:04:11,1.6,2800,79900
20240202,10:04:35,1.6,100,79900
20240202,10:04:36,1.55,250,79900
20240202,10:04:46,1.6,50,79900
20240202,10:05:20,1.6,50,80700
20240202,10:06:47,1.6,50,80700
20240202,10:07:16,1.6,1000,80700
20240202,10:08:11,1.6,350,80700
20240202,10:09:33,1.6,100,80700
20240202,10:11:22,1.55,900,80700
20240202,10:12:20,1.6,50,80700
20240202,10:12:24,1.6,1200,80700
20240202,10:12:30,1.6,1750,80700
20240202,10:13:45,1.6,100,80700
20240202,10:13:59,1.6,1500,80700
20240202,10:14:33,1.55,50,80750
20240202,10:15:11,1.6,100,80750
20240202,10:15:53,1.55,50,80750
20240202,10:15:58,1.6,950,80750
20240202,10:16:30,1.6,500,80750
20240202,10:17:00,1.6,50,80750
20240202,10:17:13,1.6,200,80750
20240202,10:17:19,1.6,50,80750
20240202,10:17:43,1.6,250,80750
20240202,10:18:12,1.6,250,81500
20240202,10:18:13,1.55,900,81500
20240202,10:18:31,1.55,50,81500
20240202,10:19:16,1.55,100,81500
20240202,10:19:34,1.6,50,81500
20240202,10:21:05,1.55,1800,81000
20240202,10:21:28,1.5,50,81000
20240202,10:21:29,1.55,1400,81000
20240202,10:21:32,1.55,200,81000
20240202,10:21:34,1.6,400,81000
20240202,10:21:57,1.6,50,81000
20240202,10:22:45,1.5,5000,81000
20240202,10:22:46,1.6,500,81000
20240202,10:22:49,1.5,1000,81000
20240202,10:22:51,1.5,500,81000
20240202,10:22:53,1.5,500,81000
20240202,10:24:03,1.5,50,81000
20240202,10:24:10,1.5,1000,83250
20240202,10:24:11,1.5,3000,83250
20240202,10:24:12,1.5,550,83250
20240202,10:25:13,1.45,250,83250
20240202,10:25:56,1.5,200,83250
20240202,10:26:51,1.5,50,85200
20240202,10:26:55,1.45,1800,85200
20240202,10:27:23,1.45,50,85200
20240202,10:27:33,1.5,50,85200
20240202,10:27:39,1.45,50,85200
20240202,10:28:06,1.45,1200,85200
20240202,10:28:51,1.4,3000,85200
20240202,10:28:52,1.4,2000,85200
20240202,10:28:53,1.4,1500,85200
20240202,10:28:55,1.45,1800,85200
20240202,10:30:34,1.4,150,90250
20240202,10:31:04,1.4,50,90250
20240202,10:32:24,1.45,200,90050
20240202,10:32:30,1.4,50,90050
20240202,10:32:45,1.35,6750,90050
20240202,10:32:46,1.35,1000,90050
20240202,10:33:02,1.35,1350,90050
20240202,10:33:05,1.4,250,90050
20240202,10:34:29,1.45,50,90050
20240202,10:35:23,1.45,500,85600
20240202,10:35:29,1.45,1600,85600
20240202,10:35:32,1.45,50,85600
20240202,10:37:43,1.45,250,85600
20240202,10:38:37,1.45,500,85600
20240202,10:39:00,1.45,300,83450
20240202,10:41:11,1.45,300,83450
20240202,10:42:44,1.4,250,83200
20240202,10:45:24,1.45,250,83200
20240202,10:46:12,1.4,50,83200
20240202,10:46:27,1.45,250,83200
20240202,10:47:47,1.4,1000,83200
20240202,10:48:05,1.4,1200,82750
20240202,10:48:07,1.4,200,82750
20240202,10:48:15,1.4,1000,82750
20240202,10:48:15,1.4,1750,82750
20240202,10:48:16,1.35,550,82750
20240202,10:49:22,1.4,50,82750
20240202,10:49:40,1.4,100,82750
20240202,10:52:57,1.35,50,85350
20240202,11:00:00,1.4,50,85350
20240202,11:00:14,1.4,500,85350
20240202,11:00:46,1.4,350,85350
20240202,11:01:17,1.4,50,85350
20240202,11:01:26,1.4,50,85350
20240202,11:01:40,1.4,450,85350
20240202,11:01:41,1.4,50,85350
20240202,11:03:51,1.4,250,85200
20240202,11:04:01,1.4,250,85200
20240202,11:07:41,1.4,50,84700
20240202,11:08:27,1.35,50,84700
20240202,11:10:06,1.4,50,84700
20240202,11:10:17,1.35,50,84700
20240202,11:10:18,1.35,50,84700
20240202,11:10:22,1.35,50,84700
20240202,11:10:25,1.35,50,84700
20240202,11:10:37,1.35,50,84700
20240202,11:10:42,1.35,450,84700
20240202,11:10:50,1.35,50,84700
20240202,11:12:29,1.35,50,84800
20240202,11:12:48,1.35,50,84800
20240202,11:13:38,1.35,900,84800
20240202,11:14:31,1.4,400,84800
20240202,11:15:12,1.35,500,84200
20240202,11:16:23,1.4,50,84200
20240202,11:16:30,1.4,50,84200
20240202,11:16:52,1.45,150,84200
20240202,11:18:47,1.45,800,83450
20240202,11:19:15,1.45,300,83450
20240202,11:19:16,1.45,250,83450
20240202,11:19:42,1.45,100,83450
20240202,11:20:00,1.45,250,83450
20240202,11:20:15,1.45,250,83450
20240202,11:21:18,1.45,250,82400
20240202,11:21:19,1.45,300,82400
20240202,11:21:26,1.45,650,82400
20240202,11:21:28,1.5,250,82400
20240202,11:21:50,1.5,250,82400
20240202,11:21:53,1.5,900,82400
20240202,11:22:00,1.5,250,82400
20240202,11:22:07,1.5,50,82400
20240202,11:22:19,1.5,250,82400
20240202,11:22:23,1.5,100,82400
20240202,11:22:30,1.5,300,82400
20240202,11:22:33,1.5,1250,82400
20240202,11:22:53,1.5,1800,82400
20240202,11:22:54,1.5,2050,82400
20240202,11:22:55,1.5,250,82400
20240202,11:22:56,1.5,1250,82400
20240202,11:23:07,1.55,50,82400
20240202,11:23:53,1.55,1200,78800
20240202,11:24:07,1.55,300,78800
20240202,11:24:12,1.55,50,78800
20240202,11:24:49,1.55,750,78800
20240202,11:25:04,1.5,750,78800
20240202,11:25:15,1.5,300,78800
20240202,11:25:42,1.55,250,78800
20240202,11:26:24,1.55,50,78800
20240202,11:27:14,1.55,200,78400
20240202,11:27:22,1.5,250,78400
20240202,11:27:55,1.45,1800,78400
20240202,11:27:58,1.45,200,78400
20240202,11:28:19,1.5,3900,78400
20240202,11:28:28,1.5,700,78400
20240202,11:29:07,1.45,1500,78400
20240202,11:29:16,1.45,3600,78400
20240202,11:29:36,1.45,100,78100
20240202,11:29:40,1.45,100,78100
20240202,11:31:23,1.5,50,78100
20240202,11:31:58,1.45,100,78100
20240202,11:31:59,1.45,50,78100
20240202,11:32:00,1.45,100,78100
20240202,11:32:01,1.45,50,78100
20240202,11:32:03,1.45,50,78100
20240202,11:32:04,1.45,50,78100
20240202,11:32:05,1.45,50,78100
20240202,11:32:06,1.45,50,78100
20240202,11:32:11,1.45,50,78100
20240202,11:32:12,1.45,50,78100
20240202,11:32:13,1.45,50,78100
20240202,11:32:14,1.45,50,78100
20240202,11:33:36,1.5,3050,78100
20240202,11:33:58,1.5,3150,77950
20240202,11:33:58,1.5,50,77950
20240202,11:34:00,1.5,300,77950
20240202,11:34:19,1.5,1500,77950
20240202,11:34:39,1.45,50,77950
20240202,11:36:07,1.45,1800,74450
20240202,11:36:51,1.5,950,74450
20240202,11:37:11,1.55,50,74450
20240202,11:37:21,1.55,50,74450
20240202,11:37:40,1.5,50,74450
20240202,11:38:29,1.5,3700,74450
20240202,11:38:47,1.5,50,75500
20240202,11:39:13,1.55,1800,75500
20240202,11:39:19,1.55,250,75500
20240202,11:39:24,1.6,200,75500
20240202,11:39:28,1.6,1800,75500
20240202,11:39:30,1.6,100,75500
20240202,11:39:31,1.6,150,75500
20240202,11:40:01,1.65,50,75500
20240202,11:40:20,1.6,250,75500
20240202,11:40:34,1.6,50,75500
20240202,11:40:37,1.6,1800,75500
20240202,11:40:45,1.6,100,75500
20240202,11:40:54,1.6,1800,75500
20240202,11:41:04,1.6,900,75500
20240202,11:41:08,1.6,50,75500
20240202,11:41:18,1.65,1300,75500
20240202,11:41:42,1.65,1000,75500
20240202,11:41:45,1.6,100,71950
20240202,11:42:10,1.6,50,71950
20240202,11:42:11,1.6,100,71950
20240202,11:42:12,1.6,1800,71950
20240202,11:43:55,1.65,50,71950
20240202,11:43:56,1.6,150,71950
20240202,11:43:57,1.6,1450,71950
20240202,11:44:06,1.55,350,71950
20240202,11:44:10,1.55,150,71950
20240202,11:44:28,1.55,50,71950
20240202,11:46:12,1.6,700,71950
20240202,11:46:28,1.55,50,70400
20240202,11:46:32,1.55,250,70400
20240202,11:46:44,1.6,50,70400
20240202,11:47:01,1.6,50,70400
20240202,11:47:08,1.55,750,70400
20240202,11:47:13,1.6,2150,70400
20240202,11:47:30,1.65,50,70400
20240202,11:47:53,1.6,100,68750
20240202,11:47:56,1.65,50,68750
20240202,11:49:38,1.6,50,68750
20240202,11:49:50,1.65,50,68750
20240202,11:50:07,1.6,50,68750
20240202,11:50:08,1.6,50,68750
20240202,11:50:15,1.65,100,68750
20240202,11:50:34,1.65,50,68700
20240202,11:50:41,1.65,50,68700
20240202,11:51:08,1.6,150,68700
20240202,11:51:15,1.65,1000,68700
20240202,11:51:16,1.65,50,68700
20240202,11:51:19,1.6,500,68700
20240202,11:52:03,1.55,50,68700
20240202,11:52:11,1.6,1150,68700
20240202,11:52:16,1.6,600,68700
20240202,11:52:17,1.6,50,68700
20240202,11:52:18,1.55,50,68700
20240202,11:52:23,1.55,2500,68700
20240202,11:52:35,1.6,50,68700
20240202,11:52:49,1.55,100,68700
20240202,11:53:02,1.6,50,68700
20240202,11:53:14,1.6,50,68700
20240202,11:53:28,1.6,50,68700
20240202,11:53:39,1.6,50,68700
20240202,11:53:47,1.6,50,73200
20240202,11:53:48,1.6,50,73200
20240202,11:53:52,1.55,1100,73200
20240202,11:54:01,1.55,250,73200
20240202,11:54:02,1.6,150,73200
20240202,11:54:09,1.55,50,73200
20240202,11:54:26,1.6,50,73200
20240202,11:54:28,1.6,50,73200
20240202,11:54:37,1.55,50,73200
20240202,11:54:43,1.6,50,73200
20240202,11:54:46,1.6,50,73200
20240202,11:55:15,1.6,250,73200
20240202,11:55:29,1.55,50,73200
20240202,11:55:33,1.6,100,73200
20240202,11:55:38,1.6,1800,73200
20240202,11:56:04,1.6,100,73200
20240202,11:56:20,1.6,50,73200
20240202,11:56:49,1.55,150,76200
20240202,11:57:16,1.6,50,76200
20240202,11:57:22,1.55,50,76200
20240202,11:57:44,1.55,50,76200
20240202,11:58:57,1.55,450,76200
20240202,12:00:02,1.6,50,76350
20240202,12:00:06,1.55,50,76350
20240202,12:00:37,1.6,200,76350
20240202,12:00:50,1.55,50,76350
20240202,12:01:06,1.55,450,76350
20240202,12:01:59,1.55,100,76350
20240202,12:03:04,1.6,100,76400
20240202,12:04:05,1.6,250,76400
20240202,12:04:12,1.6,50,76400
20240202,12:04:36,1.6,50,76400
20240202,12:04:45,1.6,50,76400
20240202,12:05:04,1.6,100,76400
20240202,12:05:05,1.55,350,76400
20240202,12:05:44,1.6,50,76400
20240202,12:05:50,1.6,100,76500
20240202,12:06:40,1.55,50,76500
20240202,12:07:01,1.6,50,76500
20240202,12:07:28,1.6,50,76500
20240202,12:07:38,1.6,50,76500
20240202,12:07:50,1.6,50,76500
20240202,12:08:44,1.6,100,76500
20240202,12:09:00,1.55,250,76500
20240202,12:09:20,1.55,50,76500
20240202,12:09:27,1.55,50,76500
20240202,12:10:13,1.55,100,76500
20240202,12:10:23,1.55,50,76500
20240202,12:11:00,1.6,250,76500
20240202,12:11:31,1.6,50,76500
20240202,12:12:56,1.6,50,76550
20240202,12:13:01,1.6,50,76550
20240202,12:13:21,1.6,450,76550
20240202,12:13:28,1.6,100,76550
20240202,12:13:57,1.6,50,76550
20240202,12:14:07,1.55,250,76550
20240202,12:14:08,1.55,1800,76550
20240202,12:14:09,1.55,450,76550
20240202,12:14:15,1.6,50,76550
20240202,12:14:27,1.5,2650,76550
20240202,12:14:29,1.55,50,76550
20240202,12:14:47,1.5,50,74250
20240202,12:14:58,1.5,350,74250
20240202,12:14:59,1.45,3600,74250
20240202,12:15:00,1.5,1900,74250
20240202,12:15:05,1.5,50,74250
20240202,12:15:11,1.45,150,74250
20240202,12:15:12,1.45,50,74250
20240202,12:15:16,1.45,2050,74250
20240202,12:15:21,1.4,50,74250
20240202,12:15:22,1.45,100,74250
20240202,12:15:23,1.45,250,74250
20240202,12:15:50,1.4,1800,74250
20240202,12:15:51,1.45,250,74250
20240202,12:15:52,1.4,50,74250
20240202,12:16:18,1.4,250,74250
20240202,12:16:19,1.4,2700,74250
20240202,12:16:21,1.4,50,74250
20240202,12:16:24,1.4,50,74250
20240202,12:16:36,1.35,50,74250
20240202,12:16:38,1.35,50,74250
20240202,12:16:42,1.4,50,74250
20240202,12:17:00,1.35,50,74250
20240202,12:17:05,1.35,2700,74250
20240202,12:17:10,1.35,1150,74250
20240202,12:18:00,1.3,3900,72400
20240202,12:18:21,1.3,50,72400
20240202,12:18:24,1.35,50,72400
20240202,12:18:43,1.3,3200,72400
20240202,12:18:50,1.25,2550,72400
20240202,12:18:59,1.25,50,72400
20240202,12:19:00,1.2,50,72400
20240202,12:19:01,1.2,50,72400
20240202,12:20:24,1.2,1650,72400
20240202,12:20:32,1.25,600,72400
20240202,12:21:03,1.3,1850,69650
20240202,12:21:07,1.25,250,69650
20240202,12:21:55,1.25,2400,69650
20240202,12:21:56,1.2,1800,69650
20240202,12:21:58,1.25,50,69650
20240202,12:22:08,1.2,50,69650
20240202,12:22:27,1.2,1800,69650
20240202,12:22:27,1.15,3950,69650
20240202,12:22:54,1.15,50,69650
20240202,12:22:57,1.25,1950,69650
20240202,12:22:58,1.2,2100,69650
20240202,12:23:10,1.15,200,69650
20240202,12:23:13,1.2,5750,69650
20240202,12:23:17,1.2,2250,69650
20240202,12:23:38,1.2,6300,65550
20240202,12:23:39,1.15,1550,65550
20240202,12:23:41,1.15,1850,65550
20240202,12:23:48,1.15,500,65550
20240202,12:24:05,1.15,50,65550
20240202,12:24:06,1.15,50,65550
20240202,12:24:07,1.15,50,65550
20240202,12:24:25,1.15,1700,65550
20240202,12:24:27,1.2,250,65550
20240202,12:24:31,1.2,2200,65550
20240202,12:24:32,1.2,100,65550
20240202,12:24:33,1.15,400,65550
20240202,12:24:42,1.15,250,65550
20240202,12:24:48,1.2,100,65550
20240202,12:24:51,1.1,1000,65550
20240202,12:24:54,1.1,1350,65550
20240202,12:24:56,1.2,3600,65550
20240202,12:25:08,1.15,1950,65550
20240202,12:25:36,1.1,150,65550
20240202,12:26:30,1.15,250,65550
20240202,12:26:44,1.1,50,65550
20240202,12:27:13,1.15,350,70250
20240202,12:27:16,1.15,3100,70250
20240202,12:27:18,1.15,2250,70250
20240202,12:27:24,1.15,250,70250
20240202,12:27:24,1.15,500,70250
20240202,12:27:49,1.15,950,70250
20240202,12:27:50,1.15,50,70250
20240202,12:27:53,1.15,300,70250
20240202,12:28:08,1.1,3600,70250
20240202,12:28:09,1.1,2800,70250
20240202,12:28:12,1.1,300,70250
20240202,12:28:13,1.1,250,70250
20240202,12:28:17,1.1,1800,70250
20240202,12:28:34,1.15,550,70250
20240202,12:28:42,1.1,50,70250
20240202,12:28:45,1.1,50,70250
20240202,12:28:47,1.1,50,70250
20240202,12:28:52,1.1,50,70250
20240202,12:28:54,1.15,250,70250
20240202,12:29:12,1.15,250,70250
20240202,12:29:17,1.1,1850,70250
20240202,12:29:19,1.1,50,70250
20240202,12:29:23,1.1,50,70250
20240202,12:29:29,1.15,250,70250
20240202,12:29:38,1.1,50,70250
20240202,12:29:41,1.1,1300,70250
20240202,12:29:42,1.1,1850,74800
20240202,12:29:47,1.15,50,74800
20240202,12:29:49,1.1,2900,74800
20240202,12:30:33,1.1,2800,74800
20240202,12:30:35,1.1,250,74800
20240202,12:30:36,1.05,300,74800
20240202,12:30:49,1.05,250,74800
20240202,12:31:06,1.05,2300,74800
20240202,12:31:16,1.05,2900,74800
20240202,12:31:17,1.05,350,74800
20240202,12:31:23,1.05,200,74800
20240202,12:31:27,1.0,250,74800
20240202,12:31:29,1.0,250,74800
20240202,12:31:41,1.0,150,74800
20240202,12:31:55,1.05,50,74800
20240202,12:32:00,1.0,3000,74800
20240202,12:32:03,1.0,50,74800
20240202,12:32:04,1.0,100,74800
20240202,12:32:05,1.0,100,74800
20240202,12:32:06,1.0,100,74800
20240202,12:32:07,1.0,1350,74800
20240202,12:32:08,0.95,50,74800
20240202,12:32:09,0.95,1900,74800
20240202,12:32:17,0.95,250,74800
20240202,12:32:29,0.95,50,74800
20240202,12:32:30,0.95,50,74800
20240202,12:32:31,0.95,5800,74800
20240202,12:32:33,0.95,2100,74800
20240202,12:32:34,0.95,1250,74800
20240202,12:32:40,1.0,250,74800
20240202,12:32:42,0.9,2800,87250
20240202,12:32:43,0.95,250,87250
20240202,12:32:49,1.0,50,87250
20240202,12:32:53,0.95,1150,87250
20240202,12:32:55,0.95,3600,87250
20240202,12:32:56,1.0,50,87250
20240202,12:33:13,0.95,400,87250
20240202,12:33:14,0.95,300,87250
20240202,12:33:16,1.0,250,87250
20240202,12:34:02,0.95,1800,87250
20240202,12:34:06,0.95,350,87250
20240202,12:34:07,0.95,1500,87250
20240202,12:34:09,0.95,350,87250
20240202,12:34:10,0.95,1200,87250
20240202,12:34:12,0.9,1850,87250
20240202,12:34:13,0.95,200,87250
20240202,12:34:14,0.95,50,87250
20240202,12:34:18,0.95,250,87250
20240202,12:34:21,0.95,50,87250
20240202,12:34:27,1.0,2650,87250
20240202,12:34:38,0.95,2950,87250
20240202,12:34:47,0.9,1800,87250
20240202,12:34:49,1.0,50,87250
20240202,12:34:52,0.9,100,87250
20240202,12:34:54,0.95,100,87250
20240202,12:35:21,0.9,50,87250
20240202,12:35:53,0.9,250,95900
20240202,12:35:54,0.9,50,95900
20240202,12:35:57,0.9,50,95900
20240202,12:36:01,0.9,300,95900
20240202,12:36:02,0.9,50,95900
20240202,12:36:12,0.9,50,95900
20240202,12:36:15,0.9,50,95900
20240202,12:36:22,0.9,50,95900
20240202,12:36:36,0.95,100,95900
20240202,12:36:47,0.95,50,95900
20240202,12:37:22,0.9,50,95900
20240202,12:37:25,0.9,50,95900
20240202,12:37:32,0.9,50,95900
20240202,12:37:49,0.95,200,95900
20240202,12:37:59,0.95,4600,95900
20240202,12:38:02,0.95,14850,95900
20240202,12:38:04,0.95,250,95900
20240202,12:38:05,0.95,50,95900
20240202,12:38:10,0.95,1500,95900
20240202,12:38:11,0.95,1500,95900
20240202,12:38:13,0.95,2150,95900
20240202,12:38:18,0.95,2100,95900
20240202,12:38:20,1.0,450,95900
20240202,12:38:25,0.95,450,95900
20240202,12:38:28,0.95,200,95900
20240202,12:38:32,0.95,100,95900
20240202,12:38:40,0.9,50,95900
20240202,12:38:42,0.95,200,77950
20240202,12:39:15,0.9,100,77950
20240202,12:39:19,0.95,2600,77950
20240202,12:39:20,0.95,200,77950
20240202,12:39:22,0.95,50,77950
20240202,12:39:25,1.0,50,77950
20240202,12:39:28,0.95,50,77950
20240202,12:39:36,1.0,400,77950
20240202,12:39:41,1.0,200,77950
20240202,12:39:45,1.0,200,77950
20240202,12:39:46,1.0,200,77950
20240202,12:39:47,1.0,400,77950
20240202,12:39:49,1.0,200,77950
20240202,12:39:50,1.0,400,77950
20240202,12:39:52,1.0,400,77950
20240202,12:39:58,1.0,50,77950
20240202,12:40:02,1.05,1800,77950
20240202,12:40:05,1.0,2250,77950
20240202,12:40:07,1.0,1200,77950
20240202,12:40:15,1.0,550,77950
20240202,12:40:28,1.0,1550,77950
20240202,12:40:46,1.0,150,77950
20240202,12:40:49,1.0,50,77950
20240202,12:40:52,1.0,250,77950
20240202,12:41:07,1.05,2200,77950
20240202,12:41:22,1.05,50,77950
20240202,12:41:32,1.05,400,77950
20240202,12:41:33,1.05,1200,77950
20240202,12:42:43,1.05,50,68550
20240202,12:42:51,1.0,1950,68550
20240202,12:42:52,1.0,1450,68550
20240202,12:42:54,0.95,250,68550
20240202,12:42:58,1.0,550,68550
20240202,12:43:05,0.95,1650,68550
20240202,12:43:29,0.95,50,68550
20240202,12:45:00,0.95,750,67800
20240202,12:45:41,0.95,350,67800
20240202,12:46:29,0.95,50,67800
20240202,12:49:59,0.95,550,67800
20240202,12:51:02,1.0,50,67800
20240202,12:51:06,1.0,250,67800
20240202,12:51:13,1.0,50,67800
20240202,12:51:14,1.0,50,67800
20240202,12:51:25,0.95,700,67800
20240202,12:51:33,1.0,1800,67800
20240202,12:51:36,1.0,1800,67800
20240202,12:51:39,1.0,1000,67800
20240202,12:51:40,1.05,50,67800
20240202,12:51:41,1.05,50,67800
20240202,12:51:49,1.0,1500,67800
20240202,12:51:52,1.05,50,67800
20240202,12:52:01,1.0,50,67800
20240202,12:52:13,0.95,650,67800
20240202,12:52:25,0.95,1450,67800
20240202,12:53:12,1.0,50,67800
20240202,12:53:29,1.0,500,67800
20240202,12:53:47,1.0,1000,69200
20240202,12:53:49,0.95,50,69200
20240202,12:53:59,0.95,1000,69200
20240202,12:54:31,0.95,400,69200
20240202,12:54:35,0.95,500,69200
20240202,12:54:54,1.0,250,69200
20240202,12:56:12,1.0,50,69200
20240202,12:57:06,1.0,50,69200
20240202,12:57:18,1.0,50,68650
20240202,12:57:24,0.95,50,68650
20240202,13:00:35,1.0,50,68650
20240202,13:00:53,0.95,50,68650
20240202,13:02:11,1.0,50,68650
20240202,13:02:36,0.95,50,68650
20240202,13:03:30,1.0,1800,68600
20240202,13:03:41,0.95,1200,68600
20240202,13:03:46,1.0,1800,68600
20240202,13:03:58,0.95,900,68600
20240202,13:03:59,0.95,350,68600
20240202,13:04:43,0.95,50,68600
20240202,13:06:47,1.0,1800,64150
20240202,13:06:49,1.0,2050,64150
20240202,13:06:51,1.0,2500,64150
20240202,13:07:00,1.05,50,64150
20240202,13:09:27,1.0,50,61500
20240202,13:09:57,1.0,100,61500
20240202,13:09:58,1.0,50,61500
20240202,13:10:53,1.0,50,61500
20240202,13:11:19,1.0,50,61500
20240202,13:11:36,1.0,50,61500
20240202,13:11:52,1.0,250,61500
20240202,13:11:58,1.0,50,61750
20240202,13:12:09,1.0,50,61750
20240202,13:12:57,1.05,50,61750
20240202,13:13:00,1.0,50,61750
20240202,13:13:23,1.0,250,61750
20240202,13:13:56,1.0,250,61750
20240202,13:15:19,1.0,250,61350
20240202,13:15:33,1.0,250,61350
20240202,13:16:12,1.0,1150,61350
20240202,13:16:26,1.05,50,61350
20240202,13:18:02,1.0,250,61400
20240202,13:18:23,0.95,4050,61400
20240202,13:18:49,0.95,250,61400
20240202,13:22:12,0.95,200,61350
20240202,13:23:13,0.95,50,61350
20240202,13:24:11,0.95,700,61350
20240202,13:24:12,0.95,5150,61350
20240202,13:24:23,0.95,50,61350
20240202,13:24:24,0.95,250,61350
20240202,13:24:40,0.95,2000,61350
20240202,13:24:43,0.95,150,61350
20240202,13:25:31,0.95,50,61350
20240202,13:25:43,1.0,50,61350
20240202,13:26:04,0.95,1050,61350
20240202,13:26:24,0.95,50,61350
20240202,13:26:58,0.9,50,61350
20240202,13:28:08,0.95,50,59050
20240202,13:28:57,0.95,50,59050
20240202,13:29:08,0.95,50,59050
20240202,13:29:10,0.9,50,59050
20240202,13:29:40,0.95,50,59050
20240202,13:29:49,0.95,50,58850
20240202,13:30:07,0.95,50,58850
20240202,13:30:14,0.95,1000,58850
20240202,13:30:49,0.95,50,58850
20240202,13:30:56,0.95,50,58850
20240202,13:30:58,0.95,950,58850
20240202,13:32:19,1.0,1800,58850
20240202,13:32:31,1.0,1800,58850
20240202,13:32:34,1.0,1200,58850
20240202,13:32:35,1.0,1750,58850
20240202,13:33:08,1.0,50,58850
20240202,13:33:22,1.0,1500,58750
20240202,13:33:28,1.0,2350,58750
20240202,13:33:29,1.0,2100,58750
20240202,13:34:38,1.05,50,58750
20240202,13:34:45,1.0,500,58750
20240202,13:35:08,0.95,1250,58750
20240202,13:35:18,1.05,600,58750
20240202,13:36:57,1.05,3000,61800
20240202,13:37:07,1.0,2650,61800
20240202,13:37:47,1.05,50,61800
20240202,13:38:10,1.05,50,61800
20240202,13:38:30,1.0,300,61800
20240202,13:38:31,1.0,50,61800
20240202,13:38:34,0.95,250,61800
20240202,13:38:44,0.95,300,61800
20240202,13:38:45,0.95,300,61800
20240202,13:38:47,0.95,2550,61800
20240202,13:39:00,1.0,50,60250
20240202,13:39:13,1.0,50,60250
20240202,13:39:28,0.9,50,60250
20240202,13:40:24,0.95,1000,60250
20240202,13:40:27,0.9,250,60250
20240202,13:40:41,0.95,850,60250
20240202,13:40:56,0.9,600,60250
20240202,13:41:12,0.9,250,60250
20240202,13:45:12,0.95,50,59150
20240202,13:45:16,0.95,50,59150
20240202,13:45:34,0.95,50,59150
20240202,13:45:39,0.95,50,59150
20240202,13:47:23,0.95,150,59150
20240202,13:53:27,0.95,50,59150
20240202,13:54:02,0.95,50,59100
20240202,13:54:50,0.9,50,59100
20240202,13:55:16,0.95,50,59100
20240202,13:55:26,0.95,50,59100
20240202,14:00:08,0.9,700,59100
20240202,14:00:13,0.9,100,59100
20240202,14:00:31,0.9,250,59100
20240202,14:09:36,0.95,4500,59700
20240202,14:10:24,0.95,1000,59700
20240202,14:10:39,0.95,250,59700
20240202,14:10:43,0.95,650,59700
20240202,14:11:06,0.95,2000,59700
20240202,14:11:08,0.95,800,59700
20240202,14:11:45,0.95,50,59700
20240202,14:11:55,0.9,2000,59700
20240202,14:14:42,0.95,300,60650
20240202,14:15:16,0.9,50,60650
20240202,14:15:31,0.95,50,60400
20240202,14:17:40,0.95,2000,60400
20240202,14:20:29,0.95,50,58400
20240202,14:21:13,0.9,250,58400
20240202,14:25:52,0.9,900,58650
20240202,14:26:25,0.9,100,58650
20240202,14:27:48,0.9,50,58650
20240202,14:28:04,0.9,50,58650
20240202,14:29:44,0.9,50,58650
20240202,14:31:09,0.85,50,58650
20240202,14:34:48,0.85,550,58650
20240202,14:41:18,0.85,100,58650
20240202,14:42:05,0.85,1800,58650
20240202,14:42:49,0.85,2250,58650
20240202,14:43:00,0.85,250,58650
20240202,14:43:42,0.85,50,58650
20240202,14:44:33,0.85,50,58650
20240202,14:44:38,0.8,1800,58650
20240202,14:44:48,0.8,200,58650
20240202,14:44:51,0.8,50,58650
20240202,14:44:56,0.85,50,58650
20240202,14:45:27,0.8,50,66300
20240202,14:45:28,0.85,3200,66300
20240202,14:45:28,0.85,1800,66300
20240202,14:46:41,0.8,50,66300
20240202,14:46:55,0.85,50,66300
20240202,14:47:09,0.8,1800,66300
20240202,14:47:22,0.8,2000,66300
20240202,14:47:24,0.8,1350,66300
20240202,14:48:03,0.8,50,66000
20240202,14:48:04,0.75,50,66000
20240202,14:48:09,0.75,1800,66000
20240202,14:48:21,0.75,50,66000
20240202,14:49:09,0.75,1800,66000
20240202,14:49:41,0.75,1800,66000
20240202,14:50:44,0.8,2300,66000
20240202,14:50:45,0.75,1800,66000
20240202,14:50:53,0.8,1250,66000
20240202,14:51:18,0.8,450,66000
20240202,14:51:20,0.75,1800,73200
20240202,14:51:21,0.75,1800,73200
20240202,14:51:24,0.75,1200,73200
20240202,14:51:28,0.75,600,73200
20240202,14:51:29,0.75,1800,73200
20240202,14:51:30,0.75,1050,73200
20240202,14:51:51,0.75,750,73200
20240202,14:52:51,0.75,50,73200
20240202,14:54:52,0.75,50,76800
20240202,14:55:07,0.7,1800,76800
20240202,14:55:32,0.7,50,76800
20240202,14:55:49,0.7,1500,76800
20240202,14:56:32,0.7,800,76800
20240202,14:56:34,0.7,50,76800
20240202,14:58:10,0.75,50,78600
20240202,14:58:31,0.75,150,78600
20240202,14:58:58,0.7,50,78600
20240202,14:59:24,0.7,50,78600
20240202,14:59:40,0.75,50,78600
20240202,14:59:45,0.7,50,78600
20240202,15:00:04,0.7,1800,78600
20240202,15:00:06,0.75,250,78600
20240202,15:00:18,0.7,500,78600
20240202,15:00:27,0.7,250,78600
20240202,15:00:28,0.7,700,78600
20240202,15:00:30,0.7,500,78600
20240202,15:00:33,0.7,100,78600
20240202,15:00:39,0.7,1150,78600
20240202,15:00:40,0.7,50,78600
20240202,15:01:05,0.7,450,78600
20240202,15:02:37,0.7,550,78600
20240202,15:02:41,0.75,1800,78600
20240202,15:02:42,0.75,1800,78600
20240202,15:02:43,0.75,1800,78600
20240202,15:02:44,0.75,1800,78600
20240202,15:02:45,0.75,1800,78600
20240202,15:02:46,0.7,3850,78600
20240202,15:02:48,0.75,1800,78600
20240202,15:02:49,0.75,1800,78600
20240202,15:02:50,0.75,1800,78600
20240202,15:02:54,0.75,2200,78600
20240202,15:03:45,0.8,2500,78600
20240202,15:03:54,0.75,950,80800
20240202,15:04:54,0.75,50,80800
20240202,15:05:04,0.75,50,80800
20240202,15:05:23,0.75,100,80800
20240202,15:06:20,0.75,5000,78400
20240202,15:06:25,0.7,650,78400
20240202,15:07:22,0.65,50,78400
20240202,15:07:42,0.65,500,78400
20240202,15:07:51,0.7,1000,78400
20240202,15:08:58,0.75,100,78400
20240202,15:10:42,0.7,100,78400
20240202,15:12:08,0.7,200,76100
20240202,15:12:11,0.75,2700,76100
20240202,15:14:17,0.75,1000,76100
20240202,15:14:29,0.75,50,76100
20240202,15:15:00,0.75,250,76100
20240202,15:15:44,0.75,1000,76100
20240202,15:15:55,0.75,750,76100
20240202,15:15:56,0.7,850,76100
20240202,15:15:57,0.7,300,76100
20240202,15:16:04,0.75,300,76100
20240202,15:16:16,0.75,450,76100
20240202,15:16:31,0.8,250,76100
20240202,15:16:44,0.75,500,76100
20240202,15:19:12,0.7,1800,76650
20240202,15:19:38,0.8,2900,76650
20240202,15:19:51,0.7,650,76650
20240202,15:20:01,0.7,50,76650
20240202,15:20:07,0.7,200,76650
20240202,15:20:15,0.75,250,76650
20240202,15:20:30,0.75,2200,76650
20240202,15:20:33,0.7,50,76650
20240202,15:20:35,0.75,100,76650
20240202,15:22:15,0.7,550,78450
20240202,15:22:16,0.75,1400,78450
20240202,15:22:17,0.7,50,78450
20240202,15:22:18,0.7,100,78450
20240202,15:22:19,0.7,5050,78450
20240202,15:22:21,0.7,150,78450
20240202,15:22:29,0.7,50,78450
20240202,15:22:33,0.7,50,78450
20240202,15:25:00,0.7,50,77050
20240202,15:25:10,0.75,400,77050
20240202,15:25:10,0.7,50,77050
20240202,15:26:19,0.7,150,77050
20240202,15:27:21,0.7,50,77050
20240202,15:27:24,0.7,50,77050
20240202,15:27:29,0.7,300,77050
20240202,15:27:44,0.7,50,77050
20240202,15:27:59,0.7,500,77050
20240202,15:28:01,0.7,50,77050
20240202,15:28:01,0.7,450,77050
20240202,15:28:12,0.7,1900,77050
20240202,15:28:25,0.75,3250,77050
20240202,15:28:37,0.75,700,77050
20240202,15:28:39,0.7,100,77050
20240202,15:28:55,0.7,5500,77050
20240202,15:29:12,0.7,250,77050
20240202,15:29:20,0.65,100,77050
20240202,15:29:27,0.65,250,77050
20240202,15:29:28,0.8,500,77050
20240202,15:29:33,0.8,100,77050
20240202,15:29:40,0.75,950,77050
20240202,15:29:47,0.7,400,77050
20240202,15:29:53,0.75,150,77050
20240205,09:15:04,0.65,1,77050
20240205,09:15:04,0.65,100,77050
20240205,09:15:05,0.75,350,79750
20240205,09:15:11,0.6,1900,79750
20240205,09:15:13,0.6,50,79750
20240205,09:15:15,0.75,150,79750
20240205,09:15:17,0.65,1000,79750
20240205,09:15:21,0.75,450,79750
20240205,09:15:40,0.7,750,79750
20240205,09:16:06,0.7,300,79750
20240205,09:16:14,0.7,1050,80000
20240205,09:17:00,0.7,350,80000
20240205,09:17:10,0.7,150,80000
20240205,09:17:16,0.7,950,80000
20240205,09:17:41,0.65,1350,80000
20240205,09:18:27,0.65,1000,80000
20240205,09:18:39,0.7,50,80000
20240205,09:19:14,0.7,1000,77050
20240205,09:19:41,0.65,100,77050
20240205,09:20:02,0.65,500,77050
20240205,09:20:08,0.65,2050,77050
20240205,09:20:09,0.65,650,77050
20240205,09:20:14,0.65,100,77050
20240205,09:20:21,0.65,950,77050
20240205,09:20:22,0.65,200,77050
20240205,09:20:32,0.7,200,77050
20240205,09:20:33,0.7,50,77050
20240205,09:20:36,0.6,1800,77050
20240205,09:20:44,0.7,750,77050
20240205,09:20:46,0.7,50,77050
20240205,09:21:04,0.7,250,77050
20240205,09:21:21,0.65,550,77050
20240205,09:21:43,0.65,600,77050
20240205,09:23:50,0.65,50,78750
20240205,09:24:07,0.7,1000,78750
20240205,09:24:37,0.65,100,78750
20240205,09:24:50,0.7,50,78750
20240205,09:25:18,0.7,100,78750
20240205,09:25:26,0.7,50,79000
20240205,09:25:42,0.7,250,79000
20240205,09:26:25,0.65,400,79000
20240205,09:27:30,0.7,50,79000
20240205,09:28:01,0.65,100,79000
20240205,09:29:50,0.7,50,79000
20240205,09:30:34,0.65,1800,79300
20240205,09:31:25,0.65,200,80300
20240205,09:31:44,0.7,50,80300
20240205,09:32:26,0.6,1800,80300
20240205,09:32:29,0.65,350,80300
20240205,09:32:30,0.65,50,80300
20240205,09:32:31,0.65,50,80300
20240205,09:32:55,0.6,1000,80300
20240205,09:33:06,0.6,1800,80300
20240205,09:33:18,0.6,1200,80300
20240205,09:33:20,0.6,1150,80300
20240205,09:34:17,0.6,250,83900
20240205,09:35:14,0.6,50,83900
20240205,09:35:59,0.65,50,83900
20240205,09:36:09,0.55,1600,83900
20240205,09:36:13,0.55,50,83900
20240205,09:36:52,0.55,50,83900
20240205,09:37:12,0.55,50,83900
20240205,09:38:56,0.6,50,84200
20240205,09:41:11,0.65,50,84200
20240205,09:41:42,0.65,50,84200
20240205,09:44:32,0.65,50,84300
20240205,09:45:38,0.6,250,84300
20240205,09:46:40,0.6,50,84300
20240205,09:47:35,0.65,50,84100
20240205,09:47:39,0.6,50,84100
20240205,09:51:32,0.6,50,84100
20240205,09:52:17,0.65,50,84050
20240205,09:52:20,0.65,50,84000
20240205,09:52:28,0.65,400,84000
20240205,09:52:39,0.65,1800,84000
20240205,09:52:40,0.65,1800,84000
20240205,09:52:41,0.65,150,84000
20240205,09:52:42,0.65,1750,84000
20240205,09:52:56,0.65,50,84000
20240205,09:53:05,0.65,300,84000
20240205,09:53:20,0.7,50,84000
20240205,09:53:47,0.7,50,84000
20240205,09:54:54,0.7,50,84000
20240205,09:55:04,0.65,1800,84000
20240205,09:55:06,0.7,50,84000
20240205,09:55:48,0.7,50,84000
20240205,09:56:09,0.65,150,86400
20240205,09:56:34,0.65,1600,86400
20240205,09:56:36,0.65,500,86400
20240205,09:56:38,0.7,50,86400
20240205,09:58:07,0.65,2150,86400
20240205,09:58:11,0.6,250,86400
20240205,09:58:13,0.65,50,86400
20240205,09:58:44,0.65,50,86400
20240205,09:58:45,0.65,50,87400
20240205,09:58:54,0.65,650,87400
20240205,10:00:21,0.65,250,87400
20240205,10:01:54,0.65,250,87400
20240205,10:01:57,0.65,400,87650
20240205,10:03:52,0.7,500,87650
20240205,10:04:08,0.6,1800,87650
20240205,10:05:57,0.6,1800,87650
20240205,10:06:05,0.65,50,89450
20240205,10:06:11,0.6,50,89450
20240205,10:06:30,0.6,1650,89450
20240205,10:07:01,0.65,350,89450
20240205,10:08:01,0.65,50,90900
20240205,10:09:12,0.6,50,90900
20240205,10:10:17,0.6,50,90900
20240205,10:12:15,0.6,150,90950
20240205,10:13:05,0.6,1150,90950
20240205,10:13:06,0.6,50,90950
20240205,10:13:07,0.6,50,90950
20240205,10:13:16,0.6,50,90950
20240205,10:13:51,0.55,50,90950
20240205,10:16:21,0.6,250,90800
20240205,10:17:24,0.55,3600,90800
20240205,10:17:29,0.6,50,90800
20240205,10:17:44,0.6,50,90800
20240205,10:19:08,0.55,1800,90800
20240205,10:19:09,0.6,850,90800
20240205,10:19:42,0.55,50,96200
20240205,10:20:09,0.6,50,96200
20240205,10:20:49,0.55,50,96200
20240205,10:21:06,0.55,1800,96200
20240205,10:21:23,0.55,250,96200
20240205,10:21:38,0.55,50,96200
20240205,10:21:44,0.55,50,96200
20240205,10:21:45,0.55,300,96200
20240205,10:21:51,0.55,50,96200
20240205,10:22:14,0.55,50,96200
20240205,10:22:39,0.55,50,98000
20240205,10:23:02,0.55,50,98000
20240205,10:23:24,0.55,1800,98000
20240205,10:23:28,0.55,400,98000
20240205,10:23:34,0.55,50,98000
20240205,10:23:47,0.55,1800,98000
20240205,10:24:00,0.55,50,98000
20240205,10:24:29,0.55,100,98000
20240205,10:24:31,0.55,50,98000
20240205,10:24:32,0.55,50,98000
20240205,10:24:55,0.55,250,98000
20240205,10:24:56,0.55,50,98000
20240205,10:24:59,0.55,50,98000
20240205,10:25:43,0.6,50,98000
20240205,10:25:52,0.6,50,101600
20240205,10:25:58,0.55,50,101600
20240205,10:29:26,0.55,50,101600
20240205,10:32:30,0.6,50,101600
20240205,10:32:33,0.55,50,101600
20240205,10:32:55,0.6,1900,101600
20240205,10:33:46,0.6,50,101600
20240205,10:33:59,0.6,250,101600
20240205,10:34:07,0.6,50,101600
20240205,10:34:48,0.6,400,101600
20240205,10:35:00,0.55,50,102500
20240205,10:36:13,0.6,50,102500
20240205,10:37:52,0.6,50,102500
20240205,10:40:34,0.6,50,102500
20240205,10:41:32,0.55,50,102500
20240205,10:41:35,0.6,50,102500
20240205,10:43:13,0.6,50,102500
20240205,10:43:27,0.55,50,102500
20240205,10:44:57,0.6,50,102500
20240205,10:44:59,0.55,50,102500
20240205,10:49:14,0.55,50,102500
20240205,10:51:33,0.55,50,102500
20240205,10:52:55,0.6,100,102500
20240205,10:55:34,0.6,300,102500
20240205,10:59:11,0.55,50,102500
20240205,11:00:35,0.55,50,102500
20240205,11:01:01,0.55,1100,102500
20240205,11:01:52,0.6,200,102500
20240205,11:02:06,0.6,50,102500
20240205,11:04:07,0.55,150,102500
20240205,11:04:32,0.6,50,102300
20240205,11:09:25,0.6,50,102300
20240205,11:09:43,0.55,50,102300
20240205,11:09:46,0.55,300,102300
20240205,11:10:19,0.6,50,102300
20240205,11:12:34,0.55,50,102300
20240205,11:13:03,0.6,900,102350
20240205,11:14:30,0.55,50,101500
20240205,11:15:40,0.6,50,101500
20240205,11:15:45,0.55,50,101500
20240205,11:17:39,0.55,50,101500
20240205,11:18:43,0.55,50,101500
20240205,11:19:42,0.6,50,101500
20240205,11:21:05,0.55,50,101500
20240205,11:21:28,0.6,1800,101500
20240205,11:21:36,0.55,500,101500
20240205,11:22:17,0.6,50,101500
20240205,11:24:25,0.6,50,99700
20240205,11:24:32,0.55,100,99700
20240205,11:25:01,0.6,50,99700
20240205,11:31:55,0.55,300,99700
20240205,11:31:56,0.6,50,99700
20240205,11:35:16,0.6,1800,99700
20240205,11:35:24,0.6,2150,99700
20240205,11:35:27,0.6,500,99700
20240205,11:40:06,0.65,100,99700
20240205,11:40:26,0.65,600,99700
20240205,11:41:02,0.65,50,100400
20240205,11:42:16,0.65,50,100400
20240205,11:44:34,0.65,650,100400
20240205,11:44:35,0.65,3050,100400
20240205,11:44:36,0.65,1200,100400
20240205,11:44:38,0.65,150,100400
20240205,11:44:45,0.65,1100,100400
20240205,11:45:28,0.65,400,100400
20240205,11:46:27,0.65,50,100400
20240205,11:46:46,0.65,50,100400
20240205,11:47:43,0.65,300,100500
20240205,11:50:04,0.65,400,100500
20240205,11:50:15,0.65,400,100500
20240205,11:53:12,0.65,400,100500
20240205,11:53:19,0.65,400,100500
20240205,11:53:42,0.65,50,100500
20240205,11:54:20,0.65,400,100500
20240205,11:54:46,0.65,50,100500
20240205,11:55:51,0.65,400,100500
20240205,11:55:53,0.65,600,100500
20240205,11:55:59,0.65,50,100500
20240205,11:56:08,0.65,200,100500
20240205,11:56:42,0.65,400,100500
20240205,11:57:05,0.65,500,100500
20240205,11:57:37,0.65,400,100500
20240205,11:58:13,0.65,2600,100500
20240205,11:59:05,0.6,50,100500
20240205,11:59:25,0.6,50,99550
20240205,11:59:30,0.6,50,99550
20240205,12:01:49,0.65,1600,99550
20240205,12:02:00,0.7,50,99400
20240205,12:02:53,0.7,250,99400
20240205,12:03:49,0.65,150,99400
20240205,12:03:50,0.65,150,99400
20240205,12:03:54,0.65,50,99400
20240205,12:04:59,0.7,50,99400
20240205,12:05:20,0.6,50,99400
20240205,12:07:20,0.6,50,99400
20240205,12:09:04,0.7,50,99400
20240205,12:10:27,0.7,50,99400
20240205,12:10:38,0.6,50,99400
20240205,12:11:11,0.65,50,99400
20240205,12:12:55,0.6,500,99400
20240205,12:16:32,0.6,50,99400
20240205,12:16:55,0.6,50,99450
20240205,12:17:14,0.65,100,99450
20240205,12:17:14,0.7,3650,99450
20240205,12:17:56,0.65,100,99450
20240205,12:18:14,0.7,1800,99450
20240205,12:18:42,0.7,50,99450
20240205,12:19:33,0.65,50,99450
20240205,12:20:54,0.7,50,95250
20240205,12:22:15,0.7,4200,95250
20240205,12:22:36,0.7,50,91650
20240205,12:22:37,0.7,50,91650
20240205,12:25:57,0.65,50,91650
20240205,12:26:24,0.7,350,91650
20240205,12:26:26,0.7,250,91650
20240205,12:27:40,0.7,900,91650
20240205,12:27:41,0.7,100,91650
20240205,12:30:44,0.7,100,92200
20240205,12:31:31,0.75,100,92200
20240205,12:32:09,0.75,50,92200
20240205,12:32:17,0.75,150,92300
20240205,12:32:48,0.65,50,92300
20240205,12:33:11,0.75,100,92300
20240205,12:34:09,0.75,100,92300
20240205,12:34:41,0.75,200,92550
20240205,12:35:12,0.7,500,92550
20240205,12:35:30,0.65,600,92550
20240205,12:35:36,0.65,150,92550
20240205,12:36:07,0.7,50,92550
20240205,12:36:13,0.7,500,92550
20240205,12:38:05,0.65,50,91850
20240205,12:38:19,0.65,50,91850
20240205,12:39:52,0.65,50,91850
20240205,12:40:16,0.65,50,91850
20240205,12:45:03,0.7,50,91700
20240205,12:46:34,0.65,150,91700
20240205,12:47:00,0.7,150,91700
20240205,12:50:00,0.7,350,91700
20240205,12:50:32,0.7,50,91700
20240205,12:51:12,0.7,150,91700
20240205,12:56:20,0.7,250,91700
20240205,12:56:45,0.7,50,91700
20240205,12:56:57,0.65,50,91700
20240205,12:58:24,0.65,300,91700
20240205,13:03:09,0.7,100,91700
20240205,13:03:19,0.7,100,91700
20240205,13:04:07,0.7,50,91700
20240205,13:05:06,0.65,150,91700
20240205,13:05:17,0.65,1500,91700
20240205,13:05:18,0.6,300,91700
20240205,13:05:43,0.7,50,91700
20240205,13:05:46,0.65,300,91700
20240205,13:06:00,0.7,50,91700
20240205,13:08:50,0.7,50,91700
20240205,13:11:39,0.7,550,92350
20240205,13:16:04,0.65,100,92200
20240205,13:24:58,0.7,450,92200
20240205,13:27:02,0.65,1000,91650
20240205,13:29:11,0.7,50,90800
20240205,13:30:41,0.7,650,90800
20240205,13:30:42,0.7,50,90800
20240205,13:30:56,0.7,100,90800
20240205,13:31:15,0.7,1000,90800
20240205,13:31:46,0.7,50,90800
20240205,13:35:11,0.7,50,90800
20240205,13:36:02,0.6,400,90800
20240205,13:36:18,0.65,50,90800
20240205,13:36:41,0.65,50,90800
20240205,13:37:06,0.65,250,90800
20240205,13:37:48,0.65,100,90800
20240205,13:44:02,0.6,50,90800
20240205,13:45:46,0.65,50,90800
20240205,13:49:34,0.65,50,90800
20240205,13:50:10,0.65,850,90800
20240205,13:50:13,0.6,50,90800
20240205,13:50:28,0.6,100,90800
20240205,13:50:36,0.6,100,90800
20240205,13:50:39,0.6,150,90800
20240205,13:50:46,0.6,50,90800
20240205,13:51:05,0.6,450,90800
20240205,13:54:18,0.6,1000,91500
20240205,13:55:05,0.6,1200,91500
20240205,13:56:57,0.55,50,91350
20240205,13:59:16,0.65,800,91350
20240205,13:59:23,0.65,500,91350
20240205,13:59:39,0.65,100,91350
20240205,14:00:21,0.65,50,91350
20240205,14:00:27,0.65,250,91350
20240205,14:01:39,0.6,50,91350
20240205,14:02:37,0.65,650,91350
20240205,14:02:39,0.65,550,91750
20240205,14:02:46,0.7,300,91750
20240205,14:02:47,0.7,50,91750
20240205,14:03:37,0.7,150,91750
20240205,14:05:33,0.65,1000,91750
20240205,14:05:37,0.7,50,92100
20240205,14:06:21,0.6,100,92100
20240205,14:06:47,0.7,250,92100
20240205,14:07:07,0.7,700,92100
20240205,14:07:10,0.7,6000,92100
20240205,14:07:11,0.65,50,92100
20240205,14:07:12,0.75,100,92100
20240205,14:09:03,0.75,50,92050
20240205,14:09:14,0.75,550,92050
20240205,14:09:17,0.65,250,92050
20240205,14:09:25,0.65,300,92050
20240205,14:09:27,0.7,350,92050
20240205,14:10:26,0.7,50,92050
20240205,14:10:51,0.65,1800,92050
20240205,14:10:53,0.65,1000,91950
20240205,14:10:55,0.65,100,91950
20240205,14:10:59,0.65,250,91950
20240205,14:11:07,0.65,100,91950
20240205,14:11:31,0.7,4300,91950
20240205,14:11:53,0.7,250,91950
20240205,14:11:59,0.7,500,91950
20240205,14:12:22,0.7,500,91950
20240205,14:12:52,0.7,1150,91950
20240205,14:13:31,0.7,500,91950
20240205,14:15:07,0.7,700,91850
20240205,14:15:21,0.7,50,91850
20240205,14:15:33,0.65,50,91850
20240205,14:15:36,0.65,50,91850
20240205,14:15:37,0.7,250,91850
20240205,14:16:14,0.7,100,91850
20240205,14:16:37,0.7,250,91850
20240205,14:16:43,0.7,1250,91850
20240205,14:16:59,0.7,350,91850
20240205,14:17:07,0.75,550,92750
20240205,14:17:08,0.7,100,92750
20240205,14:17:09,0.7,50,92750
20240205,14:17:13,0.7,50,92750
20240205,14:17:21,0.7,50,92750
20240205,14:17:37,0.75,200,92750
20240205,14:18:00,0.75,50,92750
20240205,14:18:07,0.75,150,92750
20240205,14:18:19,0.75,50,92750
20240205,14:19:47,0.75,100,92750
20240205,14:20:16,0.8,900,92750
20240205,14:21:06,0.75,300,93350
20240205,14:21:29,0.8,50,93350
20240205,14:21:30,0.7,50,93350
20240205,14:22:39,0.8,50,93350
20240205,14:23:50,0.8,50,92900
20240205,14:23:59,0.8,1000,92900
20240205,14:24:01,0.75,50,92900
20240205,14:24:11,0.8,350,92900
20240205,14:24:12,0.85,950,92900
20240205,14:24:27,0.85,50,92900
20240205,14:24:36,0.85,50,92900
20240205,14:25:18,0.8,450,92900
20240205,14:25:21,0.75,50,92900
20240205,14:25:47,0.75,50,92900
20240205,14:26:47,0.75,100,92650
20240205,14:26:50,0.75,50,92650
20240205,14:26:56,0.75,500,92650
20240205,14:27:27,0.75,2200,92650
20240205,14:27:34,0.75,100,92650
20240205,14:27:37,0.75,800,92650
20240205,14:28:27,0.7,1800,92650
20240205,14:28:49,0.7,2350,92650
20240205,14:28:51,0.75,1000,92650
20240205,14:29:14,0.75,250,92650
20240205,14:29:15,0.7,1350,96500
20240205,14:29:23,0.65,50,96500
20240205,14:29:26,0.7,50,96500
20240205,14:29:40,0.7,250,96500
20240205,14:29:43,0.7,50,96500
20240205,14:29:54,0.75,100,96500
20240205,14:30:07,0.75,50,96500
20240205,14:30:10,0.65,50,96500
20240205,14:30:26,0.65,1800,96500
20240205,14:31:48,0.7,500,96500
20240205,14:32:03,0.7,900,99700
20240205,14:32:06,0.7,800,99700
20240205,14:32:17,0.75,200,99700
20240205,14:32:27,0.7,500,99700
20240205,14:32:45,0.65,50,99700
20240205,14:33:14,0.65,2300,99700
20240205,14:33:26,0.7,250,99700
20240205,14:33:37,0.7,100,99700
20240205,14:33:45,0.65,1800,99700
20240205,14:33:46,0.7,1850,99700
20240205,14:33:48,0.7,50,99700
20240205,14:33:49,0.7,50,99700
20240205,14:34:16,0.65,1800,99700
20240205,14:34:18,0.65,1900,99700
20240205,14:34:19,0.7,2050,99700
20240205,14:34:20,0.7,50,99700
20240205,14:34:31,0.7,50,99700
20240205,14:34:32,0.7,150,99700
20240205,14:34:33,0.7,400,99700
20240205,14:34:34,0.6,350,99700
20240205,14:34:38,0.7,750,99700
20240205,14:34:40,0.6,1800,99700
20240205,14:35:08,0.65,1800,106800
20240205,14:35:22,0.65,600,106800
20240205,14:35:27,0.65,50,106800
20240205,14:35:33,0.6,1900,106800
20240205,14:35:40,0.65,250,106800
20240205,14:35:59,0.65,100,106800
20240205,14:36:07,0.65,200,106800
20240205,14:36:13,0.6,50,106800
20240205,14:36:18,0.6,3650,106800
20240205,14:36:18,0.65,1600,106800
20240205,14:36:19,0.65,50,106800
20240205,14:36:37,0.65,500,106800
20240205,14:36:43,0.65,200,106800
20240205,14:36:45,0.6,50,106800
20240205,14:37:07,0.65,500,106800
20240205,14:37:14,0.6,250,106800
20240205,14:37:27,0.6,1750,106800
20240205,14:38:12,0.55,50,115650
20240205,14:38:14,0.55,1800,115650
20240205,14:38:35,0.6,250,115650
20240205,14:38:35,0.55,1800,115650
20240205,14:38:40,0.6,500,115650
20240205,14:38:57,0.6,200,115650
20240205,14:39:00,0.55,3600,115650
20240205,14:39:09,0.6,250,115650
20240205,14:39:22,0.55,50,115650
20240205,14:39:22,0.55,200,115650
20240205,14:39:30,0.55,900,115650
20240205,14:39:31,0.55,200,115650
20240205,14:39:56,0.6,500,115650
20240205,14:39:57,0.55,50,115650
20240205,14:40:17,0.55,1800,115650
20240205,14:40:19,0.55,150,115650
20240205,14:40:21,0.55,1800,115650
20240205,14:40:30,0.55,50,115650
20240205,14:40:48,0.55,650,115650
20240205,14:40:53,0.55,4300,115650
20240205,14:41:25,0.5,1850,128750
20240205,14:41:45,0.5,1800,128750
20240205,14:42:02,0.5,100,128750
20240205,14:42:02,0.6,150,128750
20240205,14:42:17,0.5,50,128750
20240205,14:42:17,0.5,1800,128750
20240205,14:42:24,0.5,1800,128750
20240205,14:42:42,0.6,50,128750
20240205,14:42:52,0.6,750,128750
20240205,14:42:52,0.6,100,128750
20240205,14:42:59,0.5,7350,128750
20240205,14:43:05,0.55,250,128750
20240205,14:43:09,0.55,450,128750
20240205,14:43:10,0.55,400,128750
20240205,14:43:11,0.5,450,128750
20240205,14:43:14,0.5,50,128750
20240205,14:43:30,0.5,50,128750
20240205,14:43:32,0.55,250,128750
20240205,14:43:37,0.55,5250,128750
20240205,14:43:38,0.55,2100,128750
20240205,14:43:39,0.55,1100,128750
20240205,14:43:53,0.5,500,128750
20240205,14:44:07,0.55,100,144400
20240205,14:44:09,0.55,50,144400
20240205,14:44:11,0.55,500,144400
20240205,14:44:12,0.55,50,144400
20240205,14:44:23,0.55,100,144400
20240205,14:44:26,0.55,100,144400
20240205,14:44:31,0.55,500,144400
20240205,14:44:34,0.55,450,144400
20240205,14:44:39,0.55,100,144400
20240205,14:45:05,0.5,1800,144400
20240205,14:45:06,0.55,600,144400
20240205,14:45:13,0.5,250,144400
20240205,14:45:14,0.55,250,144400
20240205,14:45:18,0.5,1000,144400
20240205,14:45:19,0.55,1250,144400
20240205,14:45:39,0.5,500,144400
20240205,14:45:40,0.5,450,144400
20240205,14:45:41,0.55,250,144400
20240205,14:46:02,0.5,6050,144400
20240205,14:46:03,0.5,550,144400
20240205,14:46:04,0.5,400,144400
20240205,14:46:05,0.5,850,144400
20240205,14:46:06,0.5,300,144400
20240205,14:46:07,0.5,900,144400
20240205,14:46:08,0.5,400,144400
20240205,14:46:09,0.5,1650,144400
20240205,14:46:38,0.55,100,144400
20240205,14:47:23,0.55,2000,145850
20240205,14:47:24,0.55,100,145850
20240205,14:47:26,0.55,350,145850
20240205,14:47:33,0.55,100,145850
20240205,14:47:43,0.5,1050,145850
20240205,14:47:52,0.5,250,145850
20240205,14:47:53,0.5,250,145850
20240205,14:47:55,0.5,250,145850
20240205,14:48:14,0.5,50,145850
20240205,14:48:45,0.5,1300,145850
20240205,14:49:28,0.55,100,145850
20240205,14:50:42,0.5,250,145850
20240205,14:51:12,0.5,50,148300
20240205,14:52:09,0.55,100,148300
20240205,14:52:46,0.5,150,148300
20240205,14:52:47,0.5,550,148300
20240205,14:52:52,0.55,250,148300
20240205,14:52:57,0.5,100,148300
20240205,14:53:12,0.55,3600,148300
20240205,14:53:29,0.55,250,148300
20240205,14:53:34,0.55,500,148300
20240205,14:53:38,0.55,1800,148300
20240205,14:53:44,0.55,250,148300
20240205,14:53:56,0.55,250,148300
20240205,14:53:57,0.55,50,148300
20240205,14:54:01,0.55,100,148300
20240205,14:54:02,0.55,200,148300
20240205,14:54:07,0.55,250,148300
20240205,14:54:08,0.5,50,148300
20240205,14:54:12,0.55,500,148300
20240205,14:54:13,0.55,100,148300
20240205,14:54:14,0.55,150,148300
20240205,14:54:15,0.55,1300,148300
20240205,14:54:17,0.55,250,148300
20240205,14:54:20,0.55,1050,148300
20240205,14:54:27,0.55,250,148300
20240205,14:54:28,0.55,100,148300
20240205,14:54:31,0.55,400,148300
20240205,14:54:37,0.6,250,148300
20240205,14:54:42,0.6,3600,148300
20240205,14:55:19,0.55,50,148300
20240205,14:55:21,0.6,1800,148300
20240205,14:55:48,0.6,100,148300
20240205,14:55:50,0.6,100,148300
20240205,14:56:06,0.6,550,149600
20240205,14:56:09,0.6,500,149600
20240205,14:56:38,0.55,250,149600
20240205,14:56:59,0.6,50,149600
20240205,14:57:13,0.55,400,149600
20240205,14:57:40,0.6,3600,149600
20240205,14:57:42,0.55,400,149600
20240205,14:57:43,0.6,3600,149600
20240205,14:58:06,0.55,250,149600
20240205,14:58:44,0.55,50,149600
20240205,14:58:53,0.55,50,149600
20240205,14:59:10,0.55,50,148700
20240205,14:59:30,0.55,50,148700
20240205,15:00:23,0.6,1800,148700
20240205,15:00:44,0.6,250,148700
20240205,15:00:45,0.6,250,148700
20240205,15:00:56,0.6,400,148700
20240205,15:01:11,0.55,50,148700
20240205,15:01:18,0.6,6700,148700
20240205,15:02:17,0.6,50,148700
20240205,15:02:21,0.55,600,143800
20240205,15:03:25,0.55,500,143800
20240205,15:03:26,0.55,500,143800
20240205,15:04:44,0.6,650,143800
20240205,15:04:52,0.6,1250,143800
20240205,15:05:29,0.55,150,143800
20240205,15:05:36,0.6,2950,144000
20240205,15:05:44,0.55,900,144000
20240205,15:05:45,0.55,1350,144000
20240205,15:07:02,0.55,100,144000
20240205,15:07:17,0.6,200,144000
20240205,15:07:40,0.55,350,144000
20240205,15:09:01,0.6,1800,142250
20240205,15:09:02,0.6,1800,142250
20240205,15:09:13,0.6,1000,142250
20240205,15:09:15,0.6,150,142250
20240205,15:09:18,0.65,50,142250
20240205,15:09:19,0.65,50,142250
20240205,15:09:25,0.6,1800,142250
20240205,15:09:41,0.6,250,142250
20240205,15:09:44,0.6,100,142250
20240205,15:09:46,0.65,50,142250
20240205,15:09:48,0.65,50,142250
20240205,15:09:49,0.6,150,142250
20240205,15:10:11,0.65,50,142250
20240205,15:10:27,0.65,50,142250
20240205,15:10:51,0.65,50,142250
20240205,15:11:04,0.65,100,141950
20240205,15:11:05,0.65,100,141950
20240205,15:11:06,0.65,50,141950
20240205,15:11:26,0.65,500,141950
20240205,15:11:40,0.65,50,141950
20240205,15:11:55,0.65,550,141950
20240205,15:11:57,0.65,800,141950
20240205,15:12:01,0.65,2450,141950
20240205,15:12:01,0.65,100,141950
20240205,15:12:03,0.65,1200,141950
20240205,15:12:04,0.65,100,141950
20240205,15:12:14,0.65,250,141950
20240205,15:12:15,0.65,100,141950
20240205,15:12:25,0.6,450,141950
20240205,15:12:51,0.6,250,141950
20240205,15:13:04,0.65,50,141950
20240205,15:13:05,0.65,50,141950
20240205,15:13:55,0.65,100,141950
20240205,15:14:14,0.65,50,142200
20240205,15:14:15,0.65,850,142200
20240205,15:14:16,0.6,650,142200
20240205,15:14:28,0.65,50,142200
20240205,15:14:36,0.6,50,142200
20240205,15:14:38,0.6,650,142200
20240205,15:14:53,0.55,50,142200
20240205,15:15:00,0.55,100,142200
20240205,15:15:08,0.65,50,142200
20240205,15:15:08,0.55,250,142200
20240205,15:15:12,0.55,350,142200
20240205,15:15:14,0.55,250,142200
20240205,15:15:15,0.65,350,142200
20240205,15:15:18,0.55,400,142200
20240205,15:15:19,0.55,250,142200
20240205,15:15:19,0.55,100,142200
20240205,15:15:22,0.55,1400,142200
20240205,15:15:33,0.55,50,142200
20240205,15:15:38,0.55,550,142200
20240205,15:15:41,0.55,50,142200
20240205,15:15:51,0.55,600,142200
20240205,15:15:55,0.55,100,142200
20240205,15:16:00,0.55,50,142200
20240205,15:16:06,0.55,300,142200
20240205,15:16:18,0.55,50,142200
20240205,15:16:28,0.55,200,142200
20240205,15:16:30,0.55,50,142200
20240205,15:16:37,0.55,800,142200
20240205,15:16:39,0.55,200,142200
20240205,15:17:16,0.55,50,142200
20240205,15:17:21,0.55,100,142200
20240205,15:17:27,0.55,400,142200
20240205,15:17:28,0.55,3050,142200
20240205,15:17:29,0.55,5500,142200
20240205,15:17:35,0.55,1500,142200
20240205,15:17:39,0.5,600,142200
20240205,15:17:47,0.5,850,142200
20240205,15:17:48,0.5,600,142200
20240205,15:17:49,0.5,450,142200
20240205,15:18:20,0.55,50,142200
20240205,15:18:21,0.5,750,142200
20240205,15:19:21,0.5,250,142200
20240205,15:19:24,0.5,750,142200
20240205,15:20:07,0.5,1000,142200
20240205,15:20:30,0.55,150,142200
20240205,15:20:48,0.5,450,142200
20240205,15:20:48,0.5,50,142200
20240205,15:20:50,0.5,500,142200
20240205,15:20:54,0.5,100,142200
20240205,15:20:57,0.55,50,142200
20240205,15:21:02,0.5,250,142200
20240205,15:21:22,0.6,400,142200
20240205,15:21:27,0.55,100,142200
20240205,15:21:40,0.5,100,142200
20240205,15:22:14,0.55,1800,142200
20240205,15:22:19,0.5,50,142200
20240205,15:22:20,0.5,50,142200
20240205,15:22:29,0.5,50,142200
20240205,15:22:54,0.5,300,142200
20240205,15:22:55,0.5,50,142200
20240205,15:22:57,0.5,50,142200
20240205,15:23:21,0.5,850,142200
20240205,15:23:22,0.5,150,142100
20240205,15:23:36,0.5,750,142100
20240205,15:23:42,0.5,50,142100
20240205,15:23:57,0.5,350,142100
20240205,15:23:58,0.5,500,142100
20240205,15:24:28,0.5,1200,142100
20240205,15:24:33,0.5,550,142100
20240205,15:24:34,0.5,50,142100
20240205,15:24:38,0.5,400,142100
20240205,15:24:41,0.5,50,142100
20240205,15:24:46,0.5,1000,142100
20240205,15:24:54,0.5,750,142100
20240205,15:25:00,0.5,550,142100
20240205,15:25:13,0.5,2250,142100
20240205,15:25:16,0.5,100,142100
20240205,15:27:17,0.5,1000,142100
20240205,15:27:18,0.5,150,142850
20240205,15:28:36,0.5,1400,142850
20240205,15:28:51,0.55,250,142850
20240205,15:28:57,0.5,200,142850
20240205,15:29:11,0.5,100,142850
20240205,15:29:13,0.5,50,142850
20240205,15:29:22,0.5,300,142850
20240205,15:29:25,0.5,1700,142850
20240205,15:29:44,0.5,150,142850
20240205,15:29:45,0.5,50,142850
20240205,15:29:46,0.5,100,142850
20240205,15:29:47,0.5,50,142850
20240205,15:29:48,0.5,50,142850
20240205,15:29:50,0.55,1800,142850
20240205,15:29:51,0.5,1900,142850
20240206,09:15:02,0.6,1,142850
20240206,09:15:02,0.6,50,142850
20240206,09:15:03,0.65,600,142850
20240206,09:15:04,0.5,350,142850
20240206,09:15:05,0.5,100,142850
20240206,09:15:06,0.5,100,142850
20240206,09:15:07,0.6,300,142850
20240206,09:15:08,0.45,900,142850
20240206,09:15:09,0.45,200,142850
20240206,09:15:14,0.6,50,142850
20240206,09:15:17,0.5,100,142850
20240206,09:15:20,0.65,3900,142850
20240206,09:15:21,0.55,1100,142850
20240206,09:15:24,0.6,800,142850
20240206,09:15:25,0.6,600,142850
20240206,09:15:27,0.6,100,142850
20240206,09:15:28,0.6,300,142850
20240206,09:15:29,0.6,750,142850
20240206,09:15:30,0.6,150,142850
20240206,09:15:36,0.6,2700,142850
20240206,09:15:37,0.6,900,142850
20240206,09:15:40,0.65,1100,142850
20240206,09:15:41,0.7,2800,142850
20240206,09:15:42,0.7,1450,142850
20240206,09:15:43,0.75,50,142850
20240206,09:15:48,0.75,100,142850
20240206,09:16:08,0.7,400,142850
20240206,09:16:48,0.6,750,145550
20240206,09:16:51,0.6,50,145550
20240206,09:17:05,0.6,250,145550
20240206,09:17:06,0.6,300,145550
20240206,09:18:08,0.55,50,145550
20240206,09:18:27,0.6,50,145550
20240206,09:18:28,0.6,50,145550
20240206,09:18:32,0.55,150,145550
20240206,09:18:33,0.55,250,145550
20240206,09:18:34,0.55,800,145550
20240206,09:18:35,0.55,100,145550
20240206,09:18:37,0.5,350,145550
20240206,09:18:38,0.5,50,145550
20240206,09:18:39,0.5,850,145550
20240206,09:18:40,0.5,350,145550
20240206,09:18:41,0.5,1950,145550
20240206,09:18:43,0.5,300,145550
20240206,09:18:44,0.5,450,145550
20240206,09:18:52,0.5,1050,145550
20240206,09:18:53,0.5,1150,145550
20240206,09:18:55,0.5,450,145550
20240206,09:18:57,0.5,550,145550
20240206,09:19:07,0.55,400,145550
20240206,09:19:12,0.55,50,145550
20240206,09:19:22,0.5,50,145550
20240206,09:19:26,0.55,50,141150
20240206,09:19:38,0.55,50,141150
20240206,09:19:50,0.5,1100,141150
20240206,09:20:37,0.55,6050,141150
20240206,09:20:45,0.5,150,141150
20240206,09:20:52,0.5,750,141150
20240206,09:20:57,0.5,550,141150
20240206,09:20:58,0.5,350,141150
20240206,09:21:01,0.5,50,141150
20240206,09:21:09,0.5,1300,141150
20240206,09:21:26,0.5,50,141150
20240206,09:21:31,0.45,6000,141150
20240206,09:21:48,0.45,1200,141150
20240206,09:21:54,0.5,250,141150
20240206,09:22:17,0.5,150,141150
20240206,09:22:18,0.5,1550,141150
20240206,09:22:41,0.55,50,141150
20240206,09:23:10,0.5,50,141550
20240206,09:25:06,0.5,1300,141550
20240206,09:25:17,0.5,1000,141550
20240206,09:25:20,0.5,500,141550
20240206,09:25:40,0.55,700,140150
20240206,09:25:47,0.5,1800,140150
20240206,09:25:53,0.5,1800,140150
20240206,09:25:58,0.5,1800,140150
20240206,09:26:05,0.5,1800,140150
20240206,09:26:30,0.55,50,140150
20240206,09:26:56,0.55,150,140150
20240206,09:27:00,0.5,50,140150
20240206,09:29:38,0.5,50,140150
20240206,09:30:02,0.55,200,140150
20240206,09:31:36,0.5,250,140150
20240206,09:33:10,0.5,1250,140150
20240206,09:33:28,0.55,50,140150
20240206,09:34:42,0.55,2500,140150
20240206,09:37:20,0.5,50,140150
20240206,09:37:34,0.55,50,140150
20240206,09:37:49,0.5,100,137650
20240206,09:38:20,0.55,650,137650
20240206,09:39:03,0.5,150,137650
20240206,09:39:17,0.5,500,137650
20240206,09:39:43,0.55,2000,137650
20240206,09:39:45,0.55,50,137650
20240206,09:39:48,0.55,1550,137650
20240206,09:39:50,0.55,1800,137650
20240206,09:39:51,0.55,1800,137650
20240206,09:39:52,0.55,2600,137650
20240206,09:39:53,0.55,900,137650
20240206,09:39:54,0.55,50,137650
20240206,09:39:55,0.55,50,137650
20240206,09:40:00,0.55,400,137650
20240206,09:40:11,0.55,50,137650
20240206,09:40:18,0.55,50,137650
20240206,09:40:33,0.55,50,139100
20240206,09:40:38,0.6,50,139100
20240206,09:44:36,0.6,50,139200
20240206,09:44:37,0.6,100,139200
20240206,09:44:49,0.55,100,139200
20240206,09:45:38,0.55,250,139200
20240206,09:46:31,0.55,1800,139250
20240206,09:46:44,0.55,1800,139250
20240206,09:46:49,0.55,1800,139250
20240206,09:46:54,0.55,750,139250
20240206,09:46:55,0.55,50,139250
20240206,09:46:57,0.55,50,139250
20240206,09:47:14,0.5,100,139250
20240206,09:47:20,0.5,250,139250
20240206,09:50:26,0.55,600,139250
20240206,09:50:34,0.55,1800,137650
20240206,09:50:35,0.55,1800,137650
20240206,09:50:36,0.55,3600,137650
20240206,09:50:37,0.55,1800,137650
20240206,09:50:38,0.55,2700,137650
20240206,09:50:40,0.55,1000,137650
20240206,09:51:31,0.55,550,137650
20240206,09:52:01,0.6,100,137650
20240206,09:52:07,0.6,1150,137650
20240206,09:53:00,0.6,50,137650
20240206,09:53:01,0.6,50,138100
20240206,09:53:15,0.6,50,138100
20240206,09:53:29,0.6,50,138100
20240206,09:55:03,0.55,50,138100
20240206,09:58:31,0.55,1050,138250
20240206,09:58:50,0.6,50,138250
20240206,09:59:10,0.55,50,138250
20240206,09:59:56,0.55,450,138250
20240206,10:00:01,0.55,50,138250
20240206,10:00:02,0.6,50,138250
20240206,10:00:08,0.55,50,138250
20240206,10:00:09,0.55,50,138250
20240206,10:00:12,0.55,100,138250
20240206,10:00:28,0.55,1900,138250
20240206,10:00:41,0.5,100,138250
20240206,10:01:19,0.55,50,138250
20240206,10:01:28,0.55,850,138250
20240206,10:02:15,0.55,100,139650
20240206,10:02:36,0.6,50,139650
20240206,10:03:20,0.6,50,139650
20240206,10:03:40,0.6,2800,139650
20240206,10:03:45,0.55,1000,139650
20240206,10:04:07,0.6,1800,139650
20240206,10:04:17,0.6,1000,139650
20240206,10:06:07,0.55,50,139400
20240206,10:06:36,0.6,250,139400
20240206,10:06:47,0.6,50,139400
20240206,10:06:54,0.6,1800,139400
20240206,10:06:55,0.6,1800,139400
20240206,10:06:56,0.6,1800,139400
20240206,10:06:57,0.6,1800,139400
20240206,10:06:58,0.6,1800,139400
20240206,10:06:59,0.6,1800,139400
20240206,10:07:00,0.6,2350,139400
20240206,10:07:09,0.6,50,139400
20240206,10:07:15,0.6,1800,139400
20240206,10:07:22,0.6,1800,139400
20240206,10:07:51,0.6,100,140050
20240206,10:07:55,0.65,50,140050
20240206,10:08:03,0.65,250,140050
20240206,10:08:36,0.6,100,140050
20240206,10:08:45,0.6,300,140050
20240206,10:08:46,0.65,150,140050
20240206,10:08:50,0.65,100,140050
20240206,10:08:57,0.65,38500,140050
20240206,10:08:58,0.65,150,140050
20240206,10:09:10,0.65,500,140050
20240206,10:09:11,0.65,150,140050
20240206,10:09:20,0.7,11700,140050
20240206,10:09:35,0.7,500,140050
20240206,10:10:02,0.7,800,140050
20240206,10:10:03,0.7,100,140050
20240206,10:10:09,0.7,50,140050
20240206,10:10:10,0.65,50,140050
20240206,10:10:13,0.7,1800,140050
20240206,10:10:37,0.75,100,140050
20240206,10:11:23,0.75,3300,110000
20240206,10:11:25,0.75,100,110000
20240206,10:11:32,0.75,1800,110000
20240206,10:11:51,0.7,1150,110000
20240206,10:11:53,0.7,600,110000
20240206,10:11:55,0.7,300,110000
20240206,10:12:00,0.7,300,110000
20240206,10:13:35,0.75,50,110000
20240206,10:13:46,0.7,1050,105200
20240206,10:14:30,0.75,1800,105200
20240206,10:14:33,0.75,2400,105200
20240206,10:15:29,0.75,50,105200
20240206,10:15:38,0.8,100,105200
20240206,10:15:39,0.8,50,105200
20240206,10:15:40,0.75,100,105200
20240206,10:15:47,0.75,50,105200
20240206,10:15:48,0.75,1000,105200
20240206,10:15:52,0.8,50,105200
20240206,10:16:03,0.75,450,105200
20240206,10:16:14,0.75,1800,105200
20240206,10:16:20,0.75,950,105200
20240206,10:16:52,0.75,1800,108300
20240206,10:16:54,0.75,50,108300
20240206,10:17:16,0.7,250,108300
20240206,10:17:25,0.7,150,108300
20240206,10:17:28,0.7,900,108300
20240206,10:17:53,0.7,450,108300
20240206,10:18:04,0.75,50,108300
20240206,10:18:07,0.65,50,108300
20240206,10:18:33,0.7,600,108300
20240206,10:21:17,0.7,50,105950
20240206,10:21:32,0.75,50,105950
20240206,10:21:54,0.7,50,105950
20240206,10:22:08,0.7,550,105950
20240206,10:22:26,0.7,250,105950
20240206,10:22:29,0.7,50,105950
20240206,10:22:47,0.65,50,105750
20240206,10:23:02,0.7,100,105750
20240206,10:23:14,0.7,900,105750
20240206,10:23:19,0.7,50,105750
20240206,10:23:57,0.7,50,105750
20240206,10:24:04,0.7,350,105750
20240206,10:24:22,0.7,150,105750
20240206,10:25:01,0.65,50,105750
20240206,10:25:19,0.7,50,105750
20240206,10:25:54,0.7,400,105750
20240206,10:26:32,0.7,250,105350
20240206,10:26:56,0.7,450,105350
20240206,10:27:00,0.7,50,105350
20240206,10:27:30,0.65,200,105350
20240206,10:27:49,0.7,1800,105350
20240206,10:27:50,0.7,1800,105350
20240206,10:27:51,0.7,1000,105350
20240206,10:27:52,0.7,1800,105350
20240206,10:27:54,0.7,1800,105350
20240206,10:27:56,0.7,2700,105350
20240206,10:27:57,0.7,1650,105350
20240206,10:27:59,0.75,25300,105350
20240206,10:28:00,0.75,600,105350
20240206,10:28:02,0.75,1000,105350
20240206,10:28:09,0.75,1800,105350
20240206,10:28:52,0.75,500,105350
20240206,10:28:52,0.8,4500,102250
20240206,10:28:54,0.8,300,102250
20240206,10:28:55,0.8,1800,102250
20240206,10:29:01,0.8,3400,102250
20240206,10:29:09,0.8,50,102250
20240206,10:29:14,0.7,500,102250
20240206,10:29:17,0.75,500,102250
20240206,10:29:41,0.75,100,102250
20240206,10:29:45,0.8,650,102250
20240206,10:29:48,0.75,400,102250
20240206,10:29:58,0.8,1350,102250
20240206,10:30:00,0.8,300,102250
20240206,10:30:02,0.75,900,102250
20240206,10:30:06,0.75,1000,102250
20240206,10:30:47,0.8,50,102250
20240206,10:30:59,0.8,3100,102250
20240206,10:31:09,0.7,1000,102250
20240206,10:31:13,0.75,500,102250
20240206,10:31:18,0.8,50,102250
20240206,10:31:29,0.75,150,102250
20240206,10:31:30,0.8,200,102250
20240206,10:31:34,0.8,50,102250
20240206,10:31:48,0.75,1800,89650
20240206,10:32:41,0.8,100,89650
20240206,10:32:49,0.75,50,89650
20240206,10:32:50,0.8,50,89650
20240206,10:33:01,0.75,550,89650
20240206,10:33:19,0.8,50,89650
20240206,10:33:30,0.8,1050,89650
20240206,10:33:51,0.75,200,89650
20240206,10:34:33,0.75,500,89650
20240206,10:34:35,0.8,900,89650
20240206,10:34:36,0.75,750,89650
20240206,10:34:56,0.75,1150,89650
20240206,10:35:20,0.75,50,89550
20240206,10:36:32,0.75,200,89550
20240206,10:36:37,0.75,50,89550
20240206,10:37:38,0.7,100,89550
20240206,10:38:16,0.7,50,89550
20240206,10:38:23,0.75,600,88000
20240206,10:38:38,0.75,50,88000
20240206,10:38:52,0.7,100,88000
20240206,10:39:17,0.75,50,88000
20240206,10:39:32,0.75,50,88000
20240206,10:40:05,0.7,200,88000
20240206,10:40:26,0.7,50,88000
20240206,10:41:05,0.75,50,88000
20240206,10:41:52,0.7,100,88150
20240206,10:41:53,0.7,150,88150
20240206,10:42:03,0.7,400,88150
20240206,10:43:22,0.7,50,88150
20240206,10:43:28,0.7,50,88150
20240206,10:43:30,0.75,50,88150
20240206,10:44:20,0.75,50,88150
20240206,10:45:02,0.75,500,88250
20240206,10:45:09,0.75,100,88250
20240206,10:45:46,0.75,200,88250
20240206,10:46:51,0.75,50,88250
20240206,10:47:46,0.7,900,88800
20240206,10:47:49,0.7,450,88800
20240206,10:47:58,0.7,450,88800
20240206,10:48:03,0.7,50,88800
20240206,10:48:04,0.75,50,88800
20240206,10:48:51,0.75,50,88800
20240206,10:50:20,0.7,1300,88800
20240206,10:50:27,0.7,1150,88800
20240206,10:52:18,0.7,50,88800
20240206,10:52:51,0.75,50,87450
20240206,10:53:04,0.75,100,87450
20240206,10:53:15,0.75,200,87450
20240206,10:53:42,0.75,3600,87450
20240206,10:53:59,0.75,50,87450
20240206,10:54:04,0.75,300,87450
20240206,10:54:13,0.7,200,87450
20240206,10:54:16,0.75,1800,87450
20240206,10:54:17,0.75,1800,87450
20240206,10:54:23,0.75,2700,87450
20240206,10:54:25,0.75,1600,87450
20240206,10:54:32,0.75,100,87450
20240206,10:54:37,0.75,450,87450
20240206,10:55:08,0.8,50,87450
20240206,10:55:13,0.8,150,87450
20240206,10:55:26,0.8,1800,87450
20240206,10:55:27,0.8,3600,87450
20240206,10:55:36,0.8,300,87450
20240206,10:55:39,0.8,500,87450
20240206,10:55:40,0.85,100,87450
20240206,10:55:52,0.85,100,87450
20240206,10:56:24,0.8,200,87300
20240206,10:56:32,0.8,1100,87300
20240206,10:57:12,0.8,50,87300
20240206,10:57:32,0.85,100,87300
20240206,10:57:35,0.8,100,87300
20240206,10:57:53,0.85,1000,87300
20240206,10:57:55,0.85,100,87300
20240206,10:58:08,0.85,100,87300
20240206,10:58:40,0.85,1700,87300
20240206,10:58:43,0.85,50,87300
20240206,10:58:43,0.85,50,85900
20240206,10:59:17,0.8,1800,85900
20240206,10:59:18,0.8,1900,85900
20240206,10:59:19,0.8,6850,85900
20240206,10:59:55,0.85,700,85900
20240206,11:00:39,0.9,4850,85900
20240206,11:00:40,0.9,300,85900
20240206,11:00:45,0.95,100,85900
20240206,11:01:02,0.95,1700,85900
20240206,11:01:05,0.9,50,85900
20240206,11:02:41,0.95,200,85900
20240206,11:03:20,0.95,450,83300
20240206,11:03:45,0.85,900,83300
20240206,11:03:46,0.85,250,83300
20240206,11:03:50,0.9,50,83300
20240206,11:03:56,0.9,50,83300
20240206,11:04:11,0.85,1250,83300
20240206,11:04:24,0.8,150,83300
20240206,11:04:26,0.85,100,83300
20240206,11:04:28,0.85,50,83300
20240206,11:04:31,0.85,50,83300
20240206,11:04:33,0.85,50,83300
20240206,11:04:51,0.85,250,81200
20240206,11:04:58,0.85,1700,81200
20240206,11:05:18,0.8,50,81200
20240206,11:05:26,0.9,50,81200
20240206,11:05:28,0.9,50,81200
20240206,11:05:35,0.8,600,81200
20240206,11:05:41,0.8,2400,81200
20240206,11:05:50,0.85,100,81200
20240206,11:06:12,0.85,1800,81200
20240206,11:06:13,0.8,350,81200
20240206,11:06:20,0.8,700,81200
20240206,11:06:33,0.8,250,81200
20240206,11:07:17,0.85,1800,81200
20240206,11:07:27,0.8,50,81200
20240206,11:07:42,0.85,150,81200
20240206,11:07:57,0.85,50,75900
20240206,11:08:00,0.85,150,75900
20240206,11:08:03,0.85,50,75900
20240206,11:08:05,0.85,50,75900
20240206,11:08:14,0.85,550,75900
20240206,11:08:21,0.8,50,75900
20240206,11:08:46,0.85,50,75900
20240206,11:09:04,0.85,1750,75900
20240206,11:09:05,0.9,1500,75900
20240206,11:09:10,0.8,50,75900
20240206,11:09:18,0.85,2300,75900
20240206,11:09:29,0.9,1800,75900
20240206,11:09:30,0.85,850,75900
20240206,11:09:32,0.9,1800,75900
20240206,11:09:33,0.9,2350,75900
20240206,11:09:35,0.9,50,75900
20240206,11:09:50,0.9,50,75900
20240206,11:09:51,0.9,100,75900
20240206,11:09:58,0.95,200,75900
20240206,11:10:07,0.95,250,75900
20240206,11:10:16,0.9,100,75900
20240206,11:10:19,0.9,600,75900
20240206,11:10:25,0.9,50,75900
20240206,11:10:28,0.9,250,75900
20240206,11:10:34,0.9,50,75900
20240206,11:11:26,0.9,50,78500
20240206,11:11:28,0.9,50,78500
20240206,11:11:35,0.85,50,78500
20240206,11:11:35,0.85,300,78500
20240206,11:11:40,0.9,100,78500
20240206,11:11:43,0.85,500,78500
20240206,11:11:48,0.85,50,78500
20240206,11:12:43,0.85,1000,78500
20240206,11:12:49,0.85,1800,78500
20240206,11:12:52,0.8,350,78500
20240206,11:12:53,0.85,50,78500
20240206,11:12:56,0.85,50,78500
20240206,11:13:08,0.8,100,78500
20240206,11:13:08,0.85,50,78500
20240206,11:13:10,0.85,50,78500
20240206,11:13:26,0.8,1450,78500
20240206,11:13:38,0.85,50,78500
20240206,11:13:49,0.85,1850,76100
20240206,11:13:56,0.85,50,76100
20240206,11:14:07,0.9,850,76100
20240206,11:14:15,0.9,50,76100
20240206,11:14:35,0.9,50,76100
20240206,11:14:51,0.95,50,76100
20240206,11:15:03,0.95,50,76100
20240206,11:15:09,0.85,50,76100
20240206,11:15:14,0.85,50,76100
20240206,11:15:20,0.95,50,76100
20240206,11:15:22,0.9,50,76100
20240206,11:15:27,0.95,1800,76100
20240206,11:15:29,0.95,1550,76100
20240206,11:15:49,0.9,50,76100
20240206,11:15:59,0.9,50,76100
20240206,11:16:07,1.0,50,76100
20240206,11:16:41,1.0,1800,76100
20240206,11:16:44,1.0,650,76100
20240206,11:17:18,1.0,1750,81750
20240206,11:17:42,0.95,500,81750
20240206,11:17:57,0.95,50,81750
20240206,11:18:16,1.0,50,81750
20240206,11:18:42,0.95,100,81750
20240206,11:19:17,0.95,50,81750
20240206,11:19:22,0.95,50,81750
20240206,11:19:24,0.95,1700,81750
20240206,11:19:25,0.95,550,81750
20240206,11:19:29,1.0,50,81750
20240206,11:19:35,0.9,100,81750
20240206,11:19:53,0.9,250,79200
20240206,11:19:55,0.95,50,79200
20240206,11:20:39,0.9,50,79200
20240206,11:20:58,0.95,50,79200
20240206,11:21:00,0.95,50,79200
20240206,11:21:04,0.9,600,79200
20240206,11:21:07,0.9,500,79200
20240206,11:21:20,0.9,100,79200
20240206,11:21:56,0.9,450,79200
20240206,11:22:00,0.9,100,79200
20240206,11:22:02,0.9,50,79200
20240206,11:22:03,0.9,100,79200
20240206,11:23:05,0.85,50,79600
20240206,11:23:09,0.85,100,79600
20240206,11:24:22,0.85,900,79600
20240206,11:24:55,0.85,100,79600
20240206,11:25:43,0.9,50,79600
20240206,11:26:42,0.9,50,79600
20240206,11:27:05,0.9,1800,78900
20240206,11:28:37,0.85,50,78900
20240206,11:29:03,0.85,50,77100
20240206,11:29:12,0.85,50,77100
20240206,11:29:26,0.85,50,77100
20240206,11:30:53,0.9,50,77100
20240206,11:30:55,0.9,250,77100
20240206,11:31:32,0.85,50,77100
20240206,11:31:53,0.9,50,77100
20240206,11:31:59,0.9,50,77050
20240206,11:33:57,0.9,50,77050
20240206,11:34:04,0.95,1400,77050
20240206,11:34:21,1.0,50,77050
20240206,11:34:28,1.0,2350,77050
20240206,11:34:28,1.0,1100,77050
20240206,11:34:36,1.0,50,77050
20240206,11:34:36,1.0,1050,77050
20240206,11:34:41,1.0,50,77050
20240206,11:34:42,1.0,750,77050
20240206,11:34:50,1.0,50,76050
20240206,11:34:51,1.0,1800,76050
20240206,11:35:00,1.0,1800,76050
20240206,11:35:01,1.05,200,76050
20240206,11:35:18,1.05,100,76050
20240206,11:35:25,1.05,1800,76050
20240206,11:35:33,1.0,250,76050
20240206,11:36:00,1.0,1800,76050
20240206,11:36:05,1.0,50,76050
20240206,11:36:18,1.0,700,76050
20240206,11:36:48,0.95,350,76050
20240206,11:36:58,0.95,50,76050
20240206,11:36:59,0.95,50,76050
20240206,11:37:49,1.0,50,76050
20240206,11:37:53,1.0,50,77550
20240206,11:38:21,1.0,100,77550
20240206,11:43:18,0.95,100,77550
20240206,11:43:19,0.95,100,77750
20240206,11:43:24,0.95,50,77750
20240206,11:43:55,0.95,50,77700
20240206,11:44:11,0.9,50,77700
20240206,11:44:13,0.95,50,77700
20240206,11:44:15,0.95,100,77700
20240206,11:44:16,0.9,350,77700
20240206,11:44:21,0.85,550,77700
20240206,11:44:22,0.9,250,77700
20240206,11:44:30,0.95,250,77700
20240206,11:44:37,0.85,200,77700
20240206,11:45:24,0.95,650,77700
20240206,11:45:52,0.85,50,77700
20240206,11:46:15,0.9,1000,77700
20240206,11:46:24,0.95,100,77700
20240206,11:46:25,0.95,250,77700
20240206,11:46:49,0.95,100,77700
20240206,11:47:29,0.9,200,77700
20240206,11:48:41,0.95,100,76100
20240206,11:48:52,0.95,300,76100
20240206,11:49:13,0.9,200,76100
20240206,11:49:20,0.9,500,76100
20240206,11:49:21,0.95,200,76100
20240206,11:49:31,0.9,50,76100
20240206,11:49:32,0.9,150,76100
20240206,11:51:52,0.85,50,76100
20240206,11:52:09,0.95,50,75150
20240206,11:53:47,0.95,1800,75150
20240206,11:54:00,0.95,50,75100
20240206,11:54:16,0.9,350,75100
20240206,11:54:26,0.95,50,75100
20240206,11:56:11,0.9,100,73300
20240206,11:57:15,0.9,300,73300
20240206,11:57:25,0.95,850,73300
20240206,11:57:52,0.95,250,73300
20240206,11:58:08,0.95,250,73300
20240206,11:58:11,0.95,600,73300
20240206,11:58:12,1.0,1800,73300
20240206,11:58:18,0.95,50,73300
20240206,11:58:19,0.95,50,73300
20240206,11:58:21,0.95,100,73300
20240206,11:58:27,0.95,50,73300
20240206,11:58:38,1.0,900,73300
20240206,11:58:40,1.0,650,73300
20240206,11:58:41,1.0,50,73300
20240206,11:58:42,0.95,2150,73300
20240206,11:59:00,1.0,150,73300
20240206,11:59:48,1.0,750,70500
20240206,12:00:19,1.0,50,70500
20240206,12:00:20,1.0,1700,70500
20240206,12:00:21,1.0,50,70500
20240206,12:00:27,1.0,50,70500
20240206,12:00:30,1.0,50,70500
20240206,12:00:56,1.05,900,70500
20240206,12:03:17,1.05,50,70500
20240206,12:03:45,1.0,50,71100
20240206,12:03:54,1.0,1800,71100
20240206,12:04:55,1.05,450,71100
20240206,12:05:11,1.0,50,69700
20240206,12:05:19,1.0,1800,69700
20240206,12:05:45,1.0,100,69700
20240206,12:05:47,1.05,100,69700
20240206,12:05:48,1.0,50,69700
20240206,12:06:00,1.0,50,69700
20240206,12:06:06,1.0,1500,69700
20240206,12:06:09,1.0,1500,69700
20240206,12:06:17,1.0,1000,69700
20240206,12:06:35,1.0,50,69700
20240206,12:07:18,1.0,400,69700
20240206,12:07:33,1.0,250,69700
20240206,12:07:39,0.95,50,69700
20240206,12:08:06,0.95,50,69700
20240206,12:08:15,1.0,300,71600
20240206,12:08:25,0.95,50,71600
20240206,12:08:25,1.0,350,71600
20240206,12:08:39,1.0,100,71600
20240206,12:08:43,1.0,200,71600
20240206,12:08:44,1.0,500,71600
20240206,12:08:51,1.0,1500,71600
20240206,12:09:00,1.0,700,71600
20240206,12:09:18,1.05,2150,71600
20240206,12:09:49,1.0,150,71600
20240206,12:10:03,1.05,50,71600
20240206,12:10:34,1.05,100,71600
20240206,12:10:54,1.0,50,67200
20240206,12:11:16,1.05,50,67200
20240206,12:11:34,1.05,950,67200
20240206,12:12:28,1.0,100,67200
20240206,12:13:09,1.05,500,67200
20240206,12:13:50,1.05,1500,67200
20240206,12:14:32,1.0,350,67200
20240206,12:15:12,1.05,50,68500
20240206,12:15:22,1.1,1800,68500
20240206,12:15:22,1.1,3200,68500
20240206,12:15:52,1.1,50,68500
20240206,12:16:22,1.1,350,68500
20240206,12:16:24,1.0,350,68500
20240206,12:16:36,1.0,50,68500
20240206,12:16:39,1.05,50,68500
20240206,12:17:26,1.0,850,70300
20240206,12:17:30,1.0,550,70300
20240206,12:17:55,1.0,400,70300
20240206,12:20:40,1.0,350,69350
20240206,12:20:43,1.0,100,69350
20240206,12:20:45,1.0,150,69350
20240206,12:20:47,1.0,200,69350
20240206,12:20:49,1.0,3150,69350
20240206,12:20:53,1.0,2150,69350
20240206,12:20:54,1.0,50,69350
20240206,12:20:56,1.0,250,69350
20240206,12:21:01,1.0,50,69350
20240206,12:21:19,1.0,250,69350
20240206,12:21:54,1.0,50,69350
20240206,12:22:34,0.95,50,69350
20240206,12:23:40,1.0,50,71350
20240206,12:23:56,1.0,50,71350
20240206,12:24:29,0.95,100,71350
20240206,12:24:43,0.95,1050,71350
20240206,12:24:56,0.95,750,71350
20240206,12:25:13,0.95,50,71350
20240206,12:25:19,0.95,2300,71350
20240206,12:25:56,0.95,50,68850
20240206,12:26:07,0.95,50,68850
20240206,12:26:10,0.95,3150,68850
20240206,12:28:06,0.95,100,68850
20240206,12:28:13,0.95,50,68850
20240206,12:29:18,0.95,600,67750
20240206,12:32:52,0.95,50,67750
20240206,12:34:07,0.9,50,68150
20240206,12:39:32,0.9,50,68150
20240206,12:40:08,0.9,50,68150
20240206,12:40:20,0.95,300,68150
20240206,12:41:38,0.95,750,68150
20240206,12:41:39,1.0,50,68100
20240206,12:42:41,0.9,50,68100
20240206,12:43:22,0.9,200,68100
20240206,12:43:25,0.9,150,68100
20240206,12:44:06,0.9,1250,68300
20240206,12:46:43,0.85,600,68300
20240206,12:47:48,0.9,250,68300
20240206,12:48:09,0.9,50,68050
20240206,12:51:44,0.9,50,67800
20240206,12:52:46,0.9,50,67800
20240206,12:54:14,0.85,50,67800
20240206,12:54:17,0.9,250,67750
20240206,12:54:18,0.8,350,67750
20240206,12:54:19,0.85,50,67750
20240206,12:54:46,0.9,250,67750
20240206,12:55:33,0.85,1800,67750
20240206,12:56:23,0.9,150,67750
20240206,12:58:04,0.9,50,65950
20240206,12:58:41,0.9,50,65950
20240206,13:00:22,0.8,350,65950
20240206,13:01:09,0.8,150,65950
20240206,13:01:27,0.8,50,65950
20240206,13:02:07,0.8,150,65950
20240206,13:02:10,0.8,200,65850
20240206,13:02:54,0.8,800,65850
20240206,13:03:05,0.8,1250,65850
20240206,13:05:30,0.8,50,65650
20240206,13:05:45,0.75,50,65650
20240206,13:06:11,0.75,50,65650
20240206,13:06:15,0.75,1500,65650
20240206,13:06:15,0.75,50,65650
20240206,13:06:17,0.75,100,65650
20240206,13:06:33,0.75,800,65650
20240206,13:07:43,0.7,200,65650
20240206,13:10:14,0.8,50,65650
20240206,13:10:23,0.7,150,66600
20240206,13:10:52,0.7,50,66600
20240206,13:12:24,0.8,100,66600
20240206,13:19:35,0.75,50,66600
20240206,13:19:36,0.8,1500,66600
20240206,13:19:41,0.8,50,66600
20240206,13:19:44,0.8,2450,66600
20240206,13:21:10,0.75,350,66600
20240206,13:22:39,0.75,1000,67800
20240206,13:24:51,0.75,50,67800
20240206,13:25:03,0.75,50,67300
20240206,13:25:31,0.75,50,67300
20240206,13:25:49,0.75,50,67300
20240206,13:27:00,0.75,50,67100
20240206,13:27:31,0.8,1800,67100
20240206,13:27:35,0.8,700,67100
20240206,13:30:07,0.75,150,67100
20240206,13:30:50,0.8,50,64550
20240206,13:34:05,0.8,100,64350
20240206,13:35:11,0.8,50,64350
20240206,13:35:26,0.8,50,64250
20240206,13:35:32,0.8,700,64250
20240206,13:35:33,0.8,350,64250
20240206,13:36:01,0.8,1200,64250
20240206,13:36:07,0.85,50,64250
20240206,13:36:08,0.8,100,64250
20240206,13:36:11,0.8,400,64250
20240206,13:36:18,0.8,50,64250
20240206,13:36:31,0.75,50,64250
20240206,13:36:54,0.85,50,64250
20240206,13:39:09,0.75,450,65300
20240206,13:39:42,0.75,50,65300
20240206,13:39:45,0.75,50,65300
20240206,13:41:37,0.75,350,65250
20240206,13:41:43,0.75,450,65250
20240206,13:41:51,0.75,750,65250
20240206,13:42:11,0.8,50,65250
20240206,13:42:15,0.75,50,65250
20240206,13:43:27,0.8,50,65250
20240206,13:44:17,0.7,100,64900
20240206,13:44:32,0.8,250,64900
20240206,13:44:58,0.75,1450,64900
20240206,13:45:36,0.75,150,64900
20240206,13:45:37,0.75,50,64900
20240206,13:45:37,0.75,150,64900
20240206,13:45:44,0.75,800,64900
20240206,13:46:45,0.75,50,64900
20240206,13:48:33,0.7,1300,64100
20240206,13:48:45,0.75,50,64100
20240206,13:48:46,0.75,50,64100
20240206,13:49:07,0.75,50,64100
20240206,13:49:13,0.7,450,64100
20240206,13:49:24,0.7,150,64100
20240206,13:50:20,0.75,150,64950
20240206,13:50:28,0.7,150,64950
20240206,13:50:59,0.7,250,64950
20240206,13:51:27,0.7,450,64950
20240206,13:52:26,0.7,150,64950
