date,time,tick_price,volume,open_interest
20240202,13:11:56,12.75,50,50
20240202,13:18:20,9.85,250,50
20240202,13:21:04,9.85,300,300
20240202,13:21:52,9.85,50,300
20240202,13:22:23,10.0,50,300
20240202,13:23:24,10.0,50,300
20240202,13:23:55,10.0,2050,700
20240202,13:24:02,10.05,150,700
20240202,13:24:09,10.05,250,700
20240202,13:24:16,10.05,150,700
20240202,13:24:32,10.15,100,700
20240202,13:25:12,10.4,250,700
20240202,13:26:01,10.6,50,700
20240202,13:27:02,10.35,50,3150
20240202,13:27:33,10.65,50,3150
20240202,13:27:54,10.65,50,3150
20240202,13:29:39,9.95,50,3150
20240202,13:29:47,10.1,300,3150
20240202,13:30:11,10.1,100,3500
20240202,13:31:05,10.35,50,3500
20240202,13:31:13,10.35,50,3500
20240202,13:31:21,10.5,50,3500
20240202,13:31:36,10.5,250,3500
20240202,13:31:44,10.5,50,3500
20240202,13:32:00,10.8,400,3500
20240202,13:32:47,11.0,50,3500
20240202,13:32:55,11.0,150,4100
20240202,13:33:26,10.75,50,4100
20240202,13:33:34,10.7,100,4100
20240202,13:38:37,9.55,50,4250
20240202,13:38:46,9.5,100,4250
20240202,13:39:31,9.2,50,4250
20240202,13:39:49,9.0,50,4250
20240202,13:40:53,9.0,100,4250
20240202,13:41:34,9.55,50,4250
20240202,13:41:57,9.25,50,4200
20240202,13:50:50,9.55,50,4250
20240202,13:54:22,9.0,50,4250
20240202,13:54:30,8.95,200,4250
20240202,14:13:25,8.65,50,4150
20240202,14:18:00,8.6,200,4150
20240202,14:18:48,8.6,100,4150
20240202,14:19:24,8.75,50,4150
20240202,14:19:47,8.75,250,4150
20240202,14:23:25,8.7,200,4350
20240202,14:26:16,8.35,50,4250
20240202,14:31:11,8.35,50,4250
20240202,14:42:58,7.85,50,4250
20240202,15:01:43,7.85,50,4250
20240202,15:02:58,9.1,50,4250
20240202,15:03:25,9.2,50,4200
20240202,15:07:53,7.6,150,4150
20240202,15:08:22,7.6,50,4150
20240202,15:08:31,8.35,50,4150
20240202,15:13:16,8.45,50,4050
20240202,15:13:25,8.45,50,4050
20240202,15:18:11,8.05,1000,3950
20240202,15:19:12,8.7,50,3950
20240202,15:23:48,8.7,100,3950
20240205,09:25:52,9.2,1,4000
20240205,09:25:52,9.2,100,4000
20240205,09:30:06,8.85,50,4000
20240205,09:30:22,8.85,50,4000
20240205,09:32:20,9.05,100,4000
20240205,09:32:27,9.05,100,4000
20240205,09:33:13,9.15,50,4000
20240205,09:35:19,9.15,50,4000
20240205,09:35:27,9.15,50,4000
20240205,09:36:22,9.15,50,4000
20240205,09:40:00,8.4,100,4050
20240205,09:40:08,8.4,100,4050
20240205,09:40:41,8.4,200,4200
20240205,09:41:11,8.4,250,4200
20240205,09:41:26,8.45,300,4200
20240205,09:41:34,8.45,650,4200
20240205,09:41:42,8.45,600,4200
20240205,09:41:50,8.45,250,4200
20240205,09:41:57,8.55,50,4200
20240205,09:42:04,8.5,50,4200
20240205,09:44:13,8.65,50,6500
20240205,09:48:21,8.4,100,6500
20240205,09:51:06,8.25,50,6600
20240205,09:59:08,8.15,50,6650
20240205,09:59:29,8.15,50,6650
20240205,10:00:07,8.15,50,6650
20240205,10:03:27,8.35,50,6700
20240205,10:14:47,8.1,50,6700
20240205,10:15:42,8.1,50,6700
20240205,10:16:21,8.2,100,6700
20240205,10:17:10,8.2,50,6750
20240205,10:18:11,8.55,50,6750
20240205,10:19:34,8.95,150,6800
20240205,10:19:44,9.0,150,6800
20240205,10:21:13,8.05,50,6800
20240205,10:37:29,7.8,2000,6900
20240205,10:37:54,7.8,100,6900
20240205,10:38:11,8.35,50,6900
20240205,10:39:33,8.15,550,6900
20240205,10:43:50,8.0,100,7500
20240205,10:45:03,7.8,100,7500
20240205,10:45:20,7.9,50,7500
20240205,10:45:38,7.9,50,7500
20240205,10:47:05,7.9,50,7350
20240205,10:48:30,8.1,50,7350
20240205,10:48:37,8.05,50,7350
20240205,11:07:11,8.0,50,7300
20240205,11:08:43,7.95,100,7300
20240205,11:08:56,7.95,50,7300
20240205,11:09:26,8.0,50,7300
20240205,11:09:32,8.0,150,7300
20240205,11:13:37,7.7,300,7600
20240205,11:13:58,7.65,50,7600
20240205,11:15:36,7.65,250,7600
20240205,11:17:39,7.55,50,7750
20240205,11:36:02,7.5,150,7750
20240205,11:38:21,7.4,50,7650
20240205,11:38:39,7.15,200,7650
20240205,11:44:36,7.15,250,7750
20240205,11:44:43,7.45,100,7750
20240205,11:44:55,7.45,200,7750
20240205,11:53:06,7.2,50,7950
20240205,11:53:16,7.3,50,7950
20240205,11:54:28,7.35,50,7950
20240205,11:55:50,7.4,50,8100
20240205,12:06:27,7.5,100,8150
20240205,12:22:41,6.85,50,8250
20240205,12:26:22,6.85,50,8300
20240205,12:26:56,7.15,50,8300
20240205,12:38:51,7.05,50,8300
20240205,12:39:07,7.05,100,8300
20240205,12:49:31,7.0,200,8400
20240205,12:50:00,6.95,200,8500
20240205,12:50:14,7.0,50,8500
20240205,12:50:18,7.0,250,8500
20240205,13:00:55,7.0,200,8900
20240205,13:06:41,6.55,200,8900
20240205,13:08:00,6.55,150,9000
20240205,13:10:38,6.4,50,9000
20240205,13:16:20,6.4,100,8900
20240205,13:17:54,6.8,50,9000
20240205,13:17:59,6.6,100,9000
20240205,13:18:08,6.75,100,9000
20240205,13:19:21,6.6,50,9000
20240205,13:27:34,6.75,50,9150
20240205,13:29:00,6.7,50,9100
20240205,13:29:19,6.9,100,9100
20240205,13:32:55,6.6,50,9200
20240205,13:34:13,6.6,150,9200
20240205,13:38:28,6.5,100,9200
20240205,13:38:52,6.5,400,9200
20240205,13:39:15,6.5,250,9200
20240205,13:39:28,6.5,250,9200
20240205,13:39:33,6.5,150,9200
20240205,13:49:36,6.5,100,10250
20240205,14:05:54,6.45,100,10200
20240205,14:06:37,6.45,50,10200
20240205,14:08:51,7.0,150,10250
20240205,14:09:05,6.75,50,10250
20240205,14:10:02,6.95,50,10250
20240205,14:10:09,6.95,50,10250
20240205,14:10:48,7.15,100,10250
20240205,14:11:03,7.15,150,10250
20240205,14:11:11,7.15,50,10250
20240205,14:14:01,6.8,50,10250
20240205,14:14:27,6.55,200,10250
20240205,14:14:41,6.55,50,10250
20240205,14:15:02,6.5,100,10250
20240205,14:21:05,6.6,50,10200
20240205,14:21:38,6.75,50,10200
20240205,14:22:58,6.75,150,10200
20240205,14:24:33,7.0,50,10200
20240205,14:24:48,7.05,50,10200
20240205,14:24:54,7.05,200,10200
20240205,14:25:41,7.2,150,10200
20240205,14:26:05,7.15,100,9900
20240205,14:26:17,7.3,500,9900
20240205,14:27:29,7.45,200,9900
20240205,14:27:43,7.5,100,9900
20240205,14:27:57,7.45,100,9900
20240205,14:28:04,7.4,100,9900
20240205,14:28:11,7.4,150,9900
20240205,14:28:36,7.35,50,9900
20240205,14:29:22,7.4,50,8950
20240205,14:29:33,7.3,350,8950
20240205,14:29:39,7.25,500,8950
20240205,14:29:45,7.2,100,8950
20240205,14:30:36,7.15,200,8950
20240205,14:30:43,7.2,50,8950
20240205,14:30:48,7.15,1200,8950
20240205,14:31:46,7.3,100,8950
20240205,14:31:52,7.4,50,8950
20240205,14:32:08,7.35,50,7100
20240205,14:34:18,7.55,50,7100
20240205,14:34:44,7.55,50,7100
20240205,14:35:09,7.5,50,7100
20240205,14:35:42,7.65,50,7100
20240205,14:35:52,7.65,100,7100
20240205,14:38:58,8.05,50,7150
20240205,14:39:07,8.05,200,7150
20240205,14:41:03,7.9,100,7200
20240205,14:42:36,8.35,250,7200
20240205,14:42:49,8.4,50,7200
20240205,14:42:59,8.6,100,7200
20240205,14:43:09,8.9,100,7200
20240205,14:43:20,9.1,50,7200
20240205,14:43:29,9.25,1050,7200
20240205,14:43:39,9.35,1250,7200
20240205,14:43:49,9.35,450,7200
20240205,14:44:00,9.2,500,7200
20240205,14:44:09,9.55,200,8500
20240205,14:44:20,9.55,200,8500
20240205,14:44:31,9.0,200,8500
20240205,14:44:41,8.45,750,8500
20240205,14:44:52,8.55,100,8500
20240205,14:45:02,8.65,50,8500
20240205,14:45:12,9.5,400,8500
20240205,14:45:22,9.75,400,8500
20240205,14:45:34,9.85,850,8500
20240205,14:45:46,10.1,500,8500
20240205,14:45:56,10.3,250,8500
20240205,14:46:18,9.45,700,8500
20240205,14:46:28,9.45,50,8500
20240205,14:46:38,9.45,100,8500
20240205,14:46:49,9.45,100,8500
20240205,14:47:09,9.7,50,8300
20240205,14:47:19,9.15,100,8300
20240205,14:47:30,8.85,200,8300
20240205,14:47:50,8.75,50,8300
20240205,14:48:01,8.65,150,8300
20240205,14:48:23,7.95,100,8300
20240205,14:48:52,8.1,1050,8300
20240205,14:49:02,8.3,150,8300
20240205,14:49:12,8.5,300,8300
20240205,14:49:22,8.25,50,8300
20240205,14:49:33,8.5,100,8300
20240205,14:50:12,8.5,50,8000
20240205,14:50:22,8.6,50,8000
20240205,14:50:42,9.0,150,8000
20240205,14:50:52,9.5,900,8000
20240205,14:51:01,9.35,100,8000
20240205,14:51:21,9.55,100,8000
20240205,14:51:31,9.4,300,8000
20240205,14:51:40,9.6,450,8000
20240205,14:51:49,9.55,550,8000
20240205,14:51:58,9.3,50,8000
20240205,14:52:16,9.25,200,8000
20240205,14:52:35,9.05,50,8000
20240205,14:53:15,9.15,50,7600
20240205,14:53:25,9.05,50,7600
20240205,14:54:13,8.95,50,7600
20240205,14:54:22,8.75,50,7600
20240205,14:54:50,8.6,100,7600
20240205,14:55:09,8.5,50,7600
20240205,14:55:27,8.7,300,7600
20240205,14:56:16,9.35,50,7600
20240205,14:56:54,9.7,100,7600
20240205,14:57:25,9.7,50,7600
20240205,14:58:13,9.75,100,7600
20240205,14:58:22,9.75,450,7600
20240205,14:59:00,9.9,150,8700
20240205,14:59:19,9.65,50,8700
20240205,14:59:28,9.85,100,8700
20240205,15:00:22,9.35,50,8700
20240205,15:00:32,9.35,100,8700
20240205,15:00:51,9.2,600,8700
20240205,15:01:10,9.7,250,8700
20240205,15:01:29,9.35,150,8700
20240205,15:01:55,9.25,200,8700
20240205,15:02:04,9.25,50,8700
20240205,15:03:14,9.05,50,8400
20240205,15:03:33,8.9,50,8400
20240205,15:05:05,8.55,250,8350
20240205,15:05:24,8.9,150,8350
20240205,15:06:22,8.4,100,8350
20240205,15:06:32,8.4,50,8350
20240205,15:06:53,8.45,200,8350
20240205,15:07:02,8.55,50,8350
20240205,15:07:11,8.65,100,8350
20240205,15:07:21,8.3,100,8350
20240205,15:07:31,8.3,50,8350
20240205,15:08:01,8.25,100,8350
20240205,15:08:46,7.95,50,8350
20240205,15:09:05,7.65,50,8350
20240205,15:09:15,7.55,100,8350
20240205,15:09:30,7.5,100,8350
20240205,15:09:39,7.4,50,8350
20240205,15:09:48,7.45,150,8350
20240205,15:10:05,7.55,50,8350
20240205,15:10:32,7.5,100,8350
20240205,15:10:42,7.6,150,8350
20240205,15:11:11,7.7,50,8150
20240205,15:11:22,7.85,300,8150
20240205,15:11:32,7.8,150,8150
20240205,15:11:42,7.95,50,8150
20240205,15:12:11,8.0,50,8150
20240205,15:12:21,7.85,150,8150
20240205,15:13:20,8.3,100,8150
20240205,15:13:29,8.25,600,8150
20240205,15:13:39,8.3,50,8150
20240205,15:13:49,8.2,50,8150
20240205,15:15:20,8.55,50,8500
20240205,15:15:30,8.55,150,8500
20240205,15:15:40,8.5,100,8500
20240205,15:15:50,8.5,50,8500
20240205,15:16:48,8.45,50,8500
20240205,15:17:36,8.3,50,8600
20240205,15:17:55,8.2,50,8600
20240205,15:18:50,8.45,50,8600
20240205,15:18:59,8.35,100,8600
20240205,15:19:09,8.5,150,8600
20240205,15:19:19,8.45,100,8600
20240205,15:19:45,8.65,50,8600
20240205,15:20:02,8.45,50,8600
20240205,15:20:58,8.75,50,8600
20240205,15:21:07,8.75,50,8600
20240205,15:21:53,8.75,250,8600
20240205,15:22:01,8.75,50,8600
20240205,15:25:07,8.85,100,8800
20240205,15:25:34,8.85,100,8800
20240205,15:25:52,9.0,150,8800
20240205,15:26:00,9.0,50,8800
20240205,15:26:09,9.0,50,8500
20240205,15:26:25,9.05,100,8500
20240205,15:26:43,9.05,50,8500
20240205,15:27:10,9.1,450,8500
20240205,15:27:19,9.1,150,8500
20240205,15:27:45,9.5,250,8500
20240205,15:28:20,8.85,100,8500
20240205,15:28:29,9.2,350,8500
20240205,15:28:38,8.85,300,8500
20240205,15:29:14,9.3,50,8350
20240205,15:29:31,9.25,50,8350
20240206,09:16:14,7.9,1,8350
20240206,09:16:14,7.9,100,8350
20240206,09:16:46,8.0,250,8350
20240206,09:16:46,7.85,250,8350
20240206,09:17:30,8.55,300,8350
20240206,09:17:49,8.85,100,8350
20240206,09:18:18,9.25,100,8350
20240206,09:18:28,9.4,100,8350
20240206,09:19:07,9.4,100,8350
20240206,09:19:54,9.4,100,8450
20240206,09:20:03,8.9,100,8450
20240206,09:20:49,9.45,50,8450
20240206,09:20:58,9.8,1100,8450
20240206,09:21:08,9.8,50,8450
20240206,09:21:17,9.6,550,8450
20240206,09:21:50,9.6,50,8450
20240206,09:21:58,9.5,200,8450
20240206,09:22:15,9.7,50,8450
20240206,09:22:23,9.7,200,8450
20240206,09:22:41,9.55,50,8800
20240206,09:23:11,9.0,100,8800
20240206,09:23:39,8.95,100,8800
20240206,09:24:13,8.95,50,8800
20240206,09:24:22,9.1,50,8800
20240206,09:24:30,8.95,100,8800
20240206,09:25:07,8.85,350,8800
20240206,09:25:17,8.6,1350,8800
20240206,09:29:18,8.55,100,8350
20240206,09:30:01,8.55,50,8350
20240206,09:30:11,8.55,50,8350
20240206,09:30:49,8.2,50,8350
20240206,09:32:10,8.15,50,8350
20240206,09:33:07,8.0,50,8350
20240206,09:33:19,8.0,50,8350
20240206,09:33:55,8.0,50,8350
20240206,09:35:00,8.05,50,8250
20240206,09:35:10,7.9,50,8250
20240206,09:35:43,8.0,50,8250
20240206,09:36:34,8.0,250,8250
20240206,09:36:44,7.95,100,8250
20240206,09:37:24,7.7,150,8250
20240206,09:37:34,7.75,400,8050
20240206,09:37:44,7.85,50,8050
20240206,09:38:31,7.55,150,8050
20240206,09:38:43,7.6,100,8050
20240206,09:38:55,7.55,200,8050
20240206,09:39:07,7.5,100,8050
20240206,09:39:19,7.45,100,8050
20240206,09:39:43,7.45,350,8050
20240206,09:39:55,7.45,50,8050
20240206,09:40:07,7.45,50,8050
20240206,09:40:18,7.45,150,8050
20240206,09:40:52,7.7,50,7650
20240206,09:42:01,7.9,100,7650
20240206,09:42:24,7.8,50,7650
20240206,09:42:45,7.85,50,7650
20240206,09:43:28,7.9,100,7650
20240206,09:44:39,7.8,50,7800
20240206,09:45:32,7.75,50,7800
20240206,09:46:18,7.7,350,7800
20240206,09:47:22,7.7,250,7800
20240206,09:47:33,7.6,50,7800
20240206,09:48:37,7.65,250,7800
20240206,09:48:47,7.6,50,7800
20240206,09:49:06,7.45,300,7800
20240206,09:49:37,7.4,50,7800
20240206,09:50:01,7.4,50,8350
20240206,09:50:13,7.4,100,8350
20240206,09:53:57,7.4,50,8500
20240206,09:54:58,7.35,300,8500
20240206,09:56:05,7.6,50,8300
20240206,09:56:46,7.4,50,8300
20240206,09:57:57,7.4,50,8300
20240206,09:58:54,7.5,50,8400
20240206,09:59:06,7.4,100,8400
20240206,09:59:49,7.5,50,8400
20240206,10:00:29,7.4,100,8400
20240206,10:00:40,7.45,50,8400
20240206,10:01:31,7.45,50,8400
20240206,10:02:19,7.35,50,8450
20240206,10:02:49,7.3,50,8450
20240206,10:04:00,7.25,50,8450
20240206,10:04:55,7.25,50,8350
20240206,10:09:11,7.4,100,8350
20240206,10:10:42,7.45,100,8350
20240206,10:10:52,7.4,50,8350
20240206,10:11:22,7.3,50,8350
20240206,10:13:12,7.3,50,8350
20240206,10:15:35,7.35,100,8400
20240206,10:15:46,7.45,100,8400
20240206,10:17:22,7.55,50,8300
20240206,10:18:10,7.4,100,8300
20240206,10:22:08,7.3,50,8450
20240206,10:23:32,7.35,50,8450
20240206,10:25:29,7.75,50,8450
20240206,10:25:50,7.7,150,8450
20240206,10:26:01,7.65,1000,8450
20240206,10:26:11,7.55,1050,8450
20240206,10:26:41,7.7,200,8450
20240206,10:26:51,7.65,100,8450
20240206,10:27:40,7.65,200,8450
20240206,10:28:07,7.7,50,8450
20240206,10:28:25,7.7,50,8450
20240206,10:30:29,8.0,50,9650
20240206,10:31:41,7.7,50,9650
20240206,10:32:58,8.25,50,9700
20240206,10:33:17,8.25,50,9700
20240206,10:33:35,8.2,100,9700
20240206,10:33:44,8.05,50,9700
20240206,10:34:03,7.9,150,9700
20240206,10:36:34,8.2,50,9250
20240206,10:37:03,8.05,150,9250
20240206,10:37:50,8.05,400,9350
20240206,10:37:59,8.05,650,9350
20240206,10:38:18,7.9,100,9350
20240206,10:42:14,8.05,50,9900
20240206,10:48:04,7.45,100,9900
20240206,10:51:26,7.25,100,10000
20240206,10:57:49,7.15,100,10100
20240206,10:58:00,7.15,50,10100
20240206,10:59:49,6.9,200,10200
20240206,11:00:09,6.9,50,10200
20240206,11:00:31,6.9,150,10200
20240206,11:00:41,6.9,50,10200
20240206,11:01:13,7.05,50,10200
20240206,11:01:46,6.9,150,10500
20240206,11:02:03,7.05,50,10500
20240206,11:02:18,6.95,50,10500
20240206,11:02:26,6.95,50,10500
20240206,11:02:34,7.0,50,10500
20240206,11:02:41,6.95,150,10500
20240206,11:03:03,7.0,50,10500
20240206,11:04:46,7.15,250,10500
20240206,11:04:55,7.1,50,11250
20240206,11:05:12,7.1,50,11250
20240206,11:05:56,7.1,500,11250
20240206,11:06:05,7.1,250,11250
20240206,11:06:13,7.05,50,11250
20240206,11:10:09,6.9,50,12000
20240206,11:12:05,6.95,150,12000
20240206,11:14:51,6.95,50,11750
20240206,11:15:07,6.95,50,11750
20240206,11:15:26,6.95,50,11750
20240206,11:15:45,6.95,100,11750
20240206,11:15:53,6.95,50,11750
20240206,11:19:21,6.75,50,11750
20240206,11:19:54,6.75,150,11800
20240206,11:20:00,6.8,1200,11800
20240206,11:20:07,6.8,300,11800
20240206,11:20:25,6.8,100,11800
20240206,11:24:41,6.95,50,11850
20240206,11:29:42,7.1,50,11750
20240206,11:33:13,6.85,50,11700
20240206,11:33:28,6.85,250,11700
20240206,11:34:36,6.85,100,11700
20240206,11:35:17,6.65,100,11750
20240206,11:35:30,6.85,100,11750
20240206,11:35:43,6.9,50,11750
20240206,11:36:08,7.0,100,11750
20240206,11:36:21,7.05,50,11750
20240206,11:36:57,6.95,50,11750
20240206,11:37:10,6.95,150,11750
20240206,11:37:57,6.9,100,11700
20240206,11:38:09,6.95,50,11700
20240206,11:38:21,6.95,50,11700
20240206,11:38:43,6.95,50,11700
20240206,11:44:38,7.0,50,11700
20240206,11:44:48,7.0,50,11700
20240206,11:45:47,7.05,50,11700
20240206,11:46:28,7.0,50,11700
20240206,11:47:19,7.1,50,11650
20240206,11:47:29,7.15,100,11650
20240206,11:48:35,7.2,50,11650
20240206,11:50:10,7.2,50,11600
20240206,11:52:15,7.2,50,11600
20240206,11:52:41,7.2,50,11600
20240206,11:54:07,7.1,50,11750
20240206,11:54:28,7.15,150,11750
20240206,11:55:10,7.1,50,11750
20240206,11:55:30,7.1,50,11750
20240206,11:55:50,7.15,50,11750
20240206,11:56:29,7.25,50,12000
20240206,11:56:44,7.25,50,12000
20240206,11:57:05,7.25,50,12000
20240206,11:57:25,7.2,100,12000
20240206,11:57:33,7.25,50,12000
20240206,11:57:40,7.25,50,12000
20240206,11:57:52,7.15,300,12000
20240206,11:58:06,7.2,100,12000
20240206,11:58:18,7.15,100,12000
20240206,12:00:30,7.15,100,12400
20240206,12:00:52,7.2,50,12400
20240206,12:01:03,7.2,50,12400
20240206,12:01:28,7.1,150,12400
20240206,12:01:39,7.1,100,12400
20240206,12:02:03,7.1,150,12450
20240206,12:02:16,7.1,50,12450
20240206,12:02:27,7.1,200,12450
20240206,12:03:01,7.15,250,12450
20240206,12:05:02,7.2,50,12750
20240206,12:05:25,7.15,100,12750
20240206,12:05:46,7.15,100,12750
20240206,12:06:20,7.15,100,12750
20240206,12:07:20,7.15,100,12750
20240206,12:07:30,7.15,50,12750
20240206,12:09:23,7.0,50,13000
20240206,12:09:38,6.9,50,13000
20240206,12:09:51,6.9,250,13000
20240206,12:10:24,7.0,50,13000
20240206,12:11:10,6.95,150,13300
20240206,12:11:20,6.95,50,13300
20240206,12:11:33,7.1,500,13300
20240206,12:11:44,7.1,250,13300
20240206,12:11:54,7.15,150,13300
20240206,12:12:15,7.2,50,13300
20240206,12:13:27,7.0,50,13300
20240206,12:14:17,7.05,50,14200
20240206,12:14:34,7.0,50,14200
20240206,12:14:43,6.9,50,14200
20240206,12:14:52,6.85,50,14200
20240206,12:15:00,6.9,100,14200
20240206,12:15:15,6.85,100,14200
20240206,12:15:34,6.85,50,14200
20240206,12:16:27,6.95,250,14200
20240206,12:16:53,7.0,50,14200
20240206,12:17:06,6.95,50,14450
20240206,12:17:23,6.95,50,14450
20240206,12:17:44,6.9,250,14450
20240206,12:17:51,6.9,100,14450
20240206,12:18:02,6.9,100,14450
20240206,12:18:15,6.95,50,14450
20240206,12:19:28,6.9,600,14450
20240206,12:19:48,6.9,50,14450
20240206,12:20:05,6.85,50,14550
20240206,12:22:03,7.15,50,14550
20240206,12:22:09,7.25,50,14550
20240206,12:22:33,7.25,100,14550
20240206,12:23:04,7.25,50,14650
20240206,12:23:15,7.25,50,14650
20240206,12:23:21,7.25,50,14650
20240206,12:23:33,7.25,100,14650
20240206,12:23:47,7.3,50,14650
20240206,12:23:55,7.35,100,14650
20240206,12:25:30,7.35,100,14650
20240206,12:25:39,7.2,100,14650
20240206,12:26:49,7.2,50,14550
20240206,12:29:24,7.25,50,14550
20240206,12:30:09,7.3,100,14550
20240206,12:30:18,7.2,50,14550
20240206,12:30:33,7.1,500,14550
20240206,12:30:45,7.05,100,14550
20240206,12:31:19,6.95,50,14550
20240206,12:32:38,6.95,50,14200
20240206,12:33:07,7.0,50,14200
20240206,12:33:15,6.95,50,14200
20240206,12:33:38,6.95,50,14200
20240206,12:33:51,7.0,50,14200
20240206,12:36:56,6.95,50,14250
20240206,12:37:14,6.95,50,14250
20240206,12:38:43,6.9,50,14250
20240206,12:42:23,7.0,50,14300
20240206,12:43:00,6.8,250,14300
20240206,12:43:06,6.8,800,14300
20240206,12:46:40,6.8,50,14900
20240206,12:47:06,6.85,50,14900
20240206,12:47:50,6.6,100,14900
20240206,12:48:47,6.6,950,14900
20240206,12:48:55,6.95,50,14900
20240206,12:49:09,7.1,50,14900
20240206,12:50:21,7.15,50,15900
20240206,12:52:50,7.0,50,15900
20240206,12:53:30,7.05,50,15850
20240206,12:55:28,7.0,50,15850
20240206,12:56:01,6.95,50,15850
20240206,12:57:37,6.95,50,15850
20240206,12:58:14,7.0,50,15850
20240206,12:58:36,7.2,50,15850
20240206,12:59:43,7.0,50,15750
20240206,13:05:33,6.9,50,15750
20240206,13:05:40,6.9,50,15750
20240206,13:06:36,6.65,100,15750
20240206,13:10:48,6.75,50,15850
20240206,13:12:33,6.75,50,15800
20240206,13:13:00,6.8,150,15800
20240206,13:13:20,6.8,50,15800
20240206,13:14:07,6.8,1000,15950
20240206,13:15:41,6.8,100,15950
20240206,13:17:52,6.8,50,16600
20240206,13:18:02,6.8,50,16600
20240206,13:21:43,6.65,100,16650
20240206,13:25:30,6.7,50,16650
20240206,13:30:38,6.65,150,16700
20240206,13:30:50,6.65,100,16700
20240206,13:31:14,6.7,50,16700
20240206,13:31:26,6.65,100,16700
20240206,13:32:54,6.75,50,16650
20240206,13:33:01,6.8,250,16650
20240206,13:33:09,6.75,100,16650
20240206,13:33:14,6.7,50,16650
20240206,13:34:29,6.6,50,16650
20240206,13:34:46,6.7,1900,16650
20240206,13:35:20,6.7,50,16450
20240206,13:35:33,6.7,100,16450
20240206,13:36:30,6.7,50,16450
20240206,13:38:28,6.75,50,16600
20240206,13:38:42,6.85,50,16600
20240206,13:39:45,6.9,50,16600
20240206,13:42:09,6.8,50,16700
20240206,13:42:40,6.9,100,16700
20240206,13:43:37,6.85,50,16700
20240206,13:45:45,6.8,50,16700
20240206,13:46:01,6.8,50,16700
20240206,13:46:26,6.8,50,16700
20240206,13:46:43,6.85,100,16700
20240206,13:46:51,6.85,50,16700
20240206,13:46:59,6.85,50,16700
20240206,13:48:06,6.85,200,16650
20240206,13:48:14,6.9,50,16650
20240206,13:48:38,6.95,50,16650
20240206,13:49:26,6.9,50,16650
20240206,13:49:58,6.9,100,16650
20240206,13:50:06,6.9,550,16650
20240206,13:50:30,6.95,50,16700
20240206,13:51:01,7.0,50,16700
20240206,13:51:33,7.0,50,16700
20240206,13:52:11,7.0,150,16700
20240206,13:52:30,6.85,50,16700
20240206,13:53:47,6.85,50,16550
20240206,14:03:25,6.9,50,16500
20240206,14:03:57,6.95,50,16500
20240206,14:04:08,6.95,50,16500
20240206,14:04:48,6.95,100,16500
20240206,14:05:08,6.95,100,16500
20240206,14:05:35,6.9,50,16350
20240206,14:05:44,6.85,50,16350
20240206,14:05:53,6.9,50,16350
20240206,14:06:12,6.9,50,16350
20240206,14:06:41,7.05,50,16350
20240206,14:07:58,7.0,50,16350
20240206,14:08:15,7.05,250,16350
20240206,14:08:23,7.05,400,16350
20240206,14:08:55,7.1,250,16350
20240206,14:09:03,7.15,50,16350
20240206,14:09:22,7.05,50,16350
20240206,14:09:39,7.1,50,16350
20240206,14:09:46,7.15,50,16350
20240206,14:10:15,7.05,50,16350
20240206,14:10:22,7.15,50,16350
20240206,14:10:44,7.15,50,16350
20240206,14:11:05,7.25,250,16350
20240206,14:11:22,7.2,50,16150
20240206,14:12:17,7.25,100,16150
20240206,14:14:03,7.3,50,16150
20240206,14:14:52,7.15,50,16250
20240206,14:16:05,7.2,50,16250
20240206,14:18:18,7.1,150,16250
20240206,14:21:34,7.3,50,16400
20240206,14:26:42,7.2,100,16350
20240206,14:27:15,7.35,100,16350
20240206,14:28:05,7.35,100,16350
20240206,14:32:46,7.15,50,16350
20240206,14:34:23,7.2,100,16350
20240206,14:34:36,7.1,50,16350
20240206,14:34:48,7.25,200,16350
20240206,14:36:25,7.15,100,16350
20240206,14:36:30,7.15,50,16350
20240206,14:38:49,7.05,100,16500
20240206,14:39:06,7.0,250,16500
20240206,14:40:16,6.95,50,16500
20240206,14:42:54,6.95,50,16450
20240206,14:44:14,7.0,50,16450
20240206,14:45:34,7.0,50,16350
20240206,14:45:41,7.05,150,16350
20240206,14:46:14,7.0,50,16350
20240206,14:46:21,7.0,50,16350
20240206,14:46:27,7.0,50,16350
20240206,14:47:40,6.95,50,16400
20240206,14:48:03,6.9,100,16400
20240206,14:48:42,6.9,50,16400
20240206,14:49:27,6.95,100,16400
20240206,14:51:03,6.9,50,16350
20240206,14:51:42,6.85,50,16350
20240206,14:52:11,6.9,200,16350
20240206,14:52:17,6.85,50,16350
20240206,14:52:38,6.95,50,16350
20240206,14:52:43,7.0,100,16350
20240206,14:53:00,6.9,50,16350
20240206,14:53:46,6.9,100,16150
20240206,14:54:11,7.05,150,16150
20240206,14:54:18,7.0,100,16150
20240206,14:54:26,7.05,50,16150
20240206,14:54:34,7.05,50,16150
20240206,14:54:47,7.1,100,16150
20240206,14:54:55,7.05,50,16150
20240206,14:55:02,7.1,150,16150
20240206,14:55:09,7.1,50,16150
20240206,14:55:16,7.2,150,16150
20240206,14:55:23,7.25,50,16150
20240206,14:55:31,7.25,50,16150
20240206,14:55:40,7.25,100,16150
20240206,14:55:55,7.1,50,16150
20240206,14:56:10,6.95,50,16150
20240206,14:58:01,6.75,50,15700
20240206,14:59:15,6.9,50,15700
20240206,14:59:27,6.85,50,15850
20240206,14:59:44,6.8,250,15850
20240206,15:00:01,6.8,100,15850
20240206,15:00:17,6.75,50,15850
20240206,15:00:33,6.65,50,15850
20240206,15:01:15,6.55,50,15850
20240206,15:03:09,6.55,50,15700
20240206,15:04:01,6.55,50,15700
20240206,15:05:35,6.45,50,15700
20240206,15:06:35,6.45,150,15700
20240206,15:06:42,6.45,100,15700
20240206,15:07:14,6.45,50,15700
20240206,15:07:31,6.5,150,15700
20240206,15:08:02,6.6,50,15700
20240206,15:08:21,6.6,50,15700
20240206,15:08:33,6.55,50,15600
20240206,15:08:39,6.6,50,15600
20240206,15:09:05,6.55,450,15600
20240206,15:09:19,6.55,50,15600
20240206,15:09:24,6.55,50,15600
20240206,15:09:29,6.55,50,15600
20240206,15:09:40,6.55,200,15600
20240206,15:09:52,6.6,50,15600
20240206,15:10:03,6.6,50,15600
20240206,15:10:09,6.6,350,15600
20240206,15:10:13,6.65,250,15600
20240206,15:10:31,6.6,50,15600
20240206,15:10:51,6.55,50,15600
20240206,15:11:07,6.65,50,15600
20240206,15:12:11,6.65,100,16150
20240206,15:14:02,6.8,300,16150
20240206,15:14:32,6.85,100,16400
20240206,15:15:02,6.8,50,16400
20240206,15:16:02,6.8,100,16400
20240206,15:16:15,7.0,2000,16400
20240206,15:16:27,6.9,100,16400
20240206,15:16:33,6.8,50,16400
20240206,15:16:40,6.85,50,16400
20240206,15:17:01,6.9,50,16400
20240206,15:17:15,6.95,50,16400
20240206,15:17:26,6.95,50,18200
20240206,15:17:31,6.9,50,18200
20240206,15:18:10,7.0,50,18200
20240206,15:18:21,6.95,300,18200
20240206,15:18:33,6.95,150,18200
20240206,15:18:40,7.05,50,18200
20240206,15:18:46,6.95,50,18200
20240206,15:19:08,6.95,100,18200
20240206,15:19:30,7.1,550,18200
20240206,15:19:35,7.05,600,18200
20240206,15:19:40,7.1,100,18200
20240206,15:19:46,7.1,1100,18200
20240206,15:19:56,7.15,650,18200
20240206,15:20:01,7.2,100,18200
20240206,15:20:11,7.25,100,18200
20240206,15:20:16,7.15,600,18200
20240206,15:20:21,7.15,100,18200
20240206,15:20:26,7.25,550,16350
20240206,15:20:57,7.15,100,16350
20240206,15:21:52,7.15,50,16350
20240206,15:21:58,7.15,50,16350
20240206,15:22:33,7.1,250,16350
20240206,15:22:51,7.05,100,16350
20240206,15:23:02,7.05,50,16350
20240206,15:23:38,7.0,50,16050
20240206,15:23:45,7.05,200,16050
20240206,15:23:52,7.0,100,16050
20240206,15:24:13,7.05,50,16050
20240206,15:24:51,7.1,50,16050
20240206,15:24:59,7.1,50,16050
20240206,15:25:46,7.2,100,16050
20240206,15:26:07,7.2,50,16050
20240206,15:26:18,7.1,150,16050
20240206,15:26:28,7.2,50,16050
20240206,15:26:49,7.35,50,15500
20240206,15:27:00,7.35,50,15500
20240206,15:27:13,7.35,200,15500
20240206,15:27:20,7.3,550,15500
20240206,15:27:26,7.3,50,15500
20240206,15:27:52,7.25,50,15500
20240206,15:28:22,7.25,50,15500
20240206,15:28:33,7.15,50,15500
20240206,15:28:45,7.3,100,15500
20240206,15:29:07,7.0,1950,15500
20240206,15:29:22,7.05,150,15500
20240206,15:29:49,7.3,50,16400
20240206,15:30:01,6.85,50,16400
20240207,09:16:42,5.15,1,16400
20240207,09:16:42,5.45,350,16400
20240207,09:17:41,4.45,2000,16400
20240207,09:17:53,5.05,100,16400
20240207,09:18:05,5.1,250,16400
20240207,09:18:27,5.1,600,16400
20240207,09:18:50,5.2,50,16400
20240207,09:19:00,5.25,150,16400
20240207,09:19:10,5.35,100,16400
20240207,09:19:20,5.35,50,16400
20240207,09:19:47,5.2,150,16100
20240207,09:20:06,5.3,50,16100
20240207,09:20:28,5.45,100,16100
20240207,09:21:15,5.5,200,16100
20240207,09:21:26,5.55,150,16100
20240207,09:21:36,5.55,50,16100
20240207,09:21:47,5.55,50,16100
20240207,09:21:57,5.7,50,16100
20240207,09:22:27,5.7,100,16100
20240207,09:24:08,5.55,700,16150
20240207,09:26:42,5.55,50,16150
20240207,09:27:49,5.5,100,16150
20240207,09:27:59,5.5,300,16150
20240207,09:28:10,5.5,250,16150
20240207,09:28:21,5.45,300,16150
20240207,09:28:42,5.55,100,15900
20240207,09:29:03,5.45,50,15900
20240207,09:29:14,5.5,100,15900
20240207,09:29:24,5.5,300,15900
20240207,09:30:34,5.35,550,15900
20240207,09:30:44,5.4,200,15900
20240207,09:30:54,5.25,50,15900
20240207,09:31:04,5.2,50,15900
20240207,09:31:15,5.1,100,15900
20240207,09:31:26,5.15,400,15900
20240207,09:31:48,5.15,250,16350
20240207,09:32:38,5.25,50,16350
20240207,09:33:53,5.1,50,16350
20240207,09:34:12,5.15,250,16350
20240207,09:34:21,5.1,100,16350
20240207,09:34:49,5.0,300,16250
20240207,09:35:10,5.0,200,16250
20240207,09:35:52,4.95,50,16250
20240207,09:36:21,4.95,200,16250
20240207,09:36:50,5.0,50,16250
20240207,09:37:26,4.95,50,16250
20240207,09:38:39,4.95,250,16900
20240207,09:39:42,4.85,300,16900
20240207,09:40:49,4.95,100,17300
20240207,09:41:20,4.9,50,17300
20240207,09:42:41,5.1,200,17300
20240207,09:42:52,5.1,100,17300
20240207,09:43:13,5.1,250,17300
20240207,09:43:23,5.1,50,17300
20240207,09:44:03,5.05,250,17500
20240207,09:45:05,5.15,550,17500
20240207,09:45:56,5.05,50,17500
20240207,09:46:06,4.95,50,17500
20240207,09:46:51,5.05,100,17750
20240207,09:47:39,5.1,100,17750
20240207,09:48:15,4.95,250,17750
20240207,09:48:24,4.95,750,17750
20240207,09:50:06,4.95,50,18950
20240207,09:50:34,5.1,50,18950
20240207,09:50:54,5.05,100,18950
20240207,09:51:14,4.95,100,18950
20240207,09:51:33,4.95,50,18950
20240207,09:51:51,5.0,100,18950
20240207,09:52:00,4.95,100,18950
20240207,09:52:10,5.0,100,18950
20240207,09:52:37,4.85,600,19000
20240207,09:52:45,4.85,50,19000
20240207,09:52:54,4.85,50,19000
20240207,09:59:27,4.75,50,19500
20240207,09:59:52,4.75,500,19500
20240207,10:00:20,4.8,200,19500
20240207,10:00:48,4.8,900,19500
20240207,10:01:32,4.85,1250,19500
20240207,10:02:14,4.85,50,20150
20240207,10:02:49,4.9,250,20150
20240207,10:05:29,4.95,500,19650
20240207,10:06:06,4.8,150,19650
20240207,10:06:25,4.8,550,19650
20240207,10:06:34,4.8,100,19650
20240207,10:06:43,4.75,100,19650
20240207,10:07:55,4.7,500,19850
20240207,10:08:30,4.85,150,19850
20240207,10:08:38,4.9,300,19850
20240207,10:08:47,4.8,100,19850
20240207,10:09:04,4.85,500,19850
20240207,10:09:12,4.8,50,19850
20240207,10:10:10,4.8,50,19850
20240207,10:10:18,4.85,300,19850
20240207,10:12:25,4.8,50,20050
20240207,10:12:43,4.9,50,20050
20240207,10:12:59,4.95,100,20050
20240207,10:14:44,4.85,100,20100
20240207,10:15:14,4.75,100,20100
20240207,10:18:04,4.7,150,20000
20240207,10:18:12,4.7,50,20000
20240207,10:18:49,4.75,50,20000
20240207,10:21:15,4.65,50,19950
20240207,10:21:28,4.65,50,19950
20240207,10:22:51,4.75,150,19900
20240207,10:23:20,4.65,100,19900
20240207,10:25:15,4.75,150,19900
20240207,10:26:17,4.65,150,19900
20240207,10:26:24,4.65,100,19750
20240207,10:28:31,4.55,100,19750
20240207,10:31:43,4.6,100,19750
20240207,10:31:50,4.55,50,19800
20240207,10:33:13,4.5,250,19800
20240207,10:36:38,4.55,100,19650
20240207,10:36:46,4.55,50,19650
20240207,10:37:23,4.5,200,19650
20240207,10:37:52,4.55,50,19550
20240207,10:40:40,4.6,50,19550
20240207,10:42:16,4.65,50,19500
20240207,10:42:38,4.65,50,19500
20240207,10:42:45,4.6,50,19500
20240207,10:43:45,4.7,50,19400
20240207,10:44:00,4.7,50,19400
20240207,10:44:48,4.65,50,19400
20240207,10:44:54,4.85,700,19400
20240207,10:45:06,4.65,50,19400
20240207,10:45:41,4.65,50,19400
20240207,10:45:48,4.55,800,19400
20240207,10:46:09,4.6,1100,19400
20240207,10:48:05,4.65,100,20500
20240207,10:50:16,4.6,50,20500
20240207,10:52:00,4.6,100,20500
20240207,10:52:07,4.55,100,20500
20240207,10:52:58,4.6,1600,20650
20240207,10:53:03,4.6,50,20650
20240207,10:53:10,4.75,150,20650
20240207,10:53:17,4.75,100,20650
20240207,10:53:48,4.7,250,20650
20240207,10:54:01,4.75,550,20650
20240207,10:54:19,4.75,300,20650
20240207,10:54:24,4.8,300,20650
20240207,10:54:28,4.8,600,20650
20240207,10:54:33,4.85,500,20650
20240207,10:54:56,4.8,350,20650
20240207,10:55:07,4.85,500,20650
20240207,10:55:14,4.85,50,20650
20240207,10:57:07,4.8,500,19400
20240207,10:57:54,4.9,150,19400
20240207,10:58:26,4.95,50,19400
20240207,10:59:20,5.1,6250,19000
20240207,10:59:26,5.05,1850,19000
20240207,10:59:31,5.1,800,19000
20240207,11:00:05,5.05,100,19000
20240207,11:00:28,5.05,100,19000
20240207,11:01:20,5.05,50,19000
20240207,11:02:06,5.15,1000,25200
20240207,11:02:09,5.15,1000,25200
20240207,11:04:28,4.95,1050,25200
20240207,11:04:34,4.9,1800,25200
20240207,11:05:28,4.85,4400,28400
20240207,11:05:36,4.85,50,28400
20240207,11:05:43,4.85,150,28400
20240207,11:05:50,4.85,1050,28400
20240207,11:06:05,4.9,500,28400
20240207,11:06:13,4.85,1250,28400
20240207,11:06:20,4.9,250,28400
20240207,11:06:41,4.9,50,28400
20240207,11:06:55,4.9,50,28400
20240207,11:07:10,4.85,50,28400
20240207,11:07:17,4.95,3600,28400
20240207,11:07:23,5.05,5450,28400
20240207,11:07:30,4.95,1800,28400
20240207,11:07:35,5.0,500,28400
20240207,11:07:41,4.9,500,28400
20240207,11:08:24,4.95,550,40550
20240207,11:08:44,4.9,50,40550
20240207,11:09:37,5.0,1000,40550
20240207,11:13:20,4.85,150,40550
20240207,11:14:03,4.8,500,41450
20240207,11:14:15,4.8,250,41450
20240207,11:15:08,4.7,50,41450
20240207,11:16:54,4.7,50,40650
20240207,11:17:56,4.7,900,40650
20240207,11:21:22,4.6,50,41500
20240207,11:22:49,4.7,50,41500
20240207,11:24:53,4.75,400,41550
20240207,11:29:09,4.8,50,41500
20240207,11:30:23,4.75,50,41500
20240207,11:30:52,4.8,50,41500
20240207,11:32:29,5.05,100,41500
20240207,11:33:04,5.2,450,41500
20240207,11:33:14,5.2,150,41500
20240207,11:33:24,5.25,50,41500
20240207,11:33:44,5.35,300,41500
20240207,11:33:52,5.4,150,41500
20240207,11:33:59,5.45,300,41500
20240207,11:34:07,5.5,250,41500
20240207,11:34:16,5.5,250,41500
20240207,11:34:24,5.5,600,41500
20240207,11:34:32,5.55,250,41500
20240207,11:34:40,5.6,50,41500
20240207,11:34:48,5.55,50,41500
20240207,11:34:56,5.5,650,40000
20240207,11:35:20,5.65,350,40000
20240207,11:35:37,5.35,100,40000
20240207,11:35:55,5.3,100,40000
20240207,11:36:05,5.25,50,40000
20240207,11:36:13,5.45,100,40000
20240207,11:36:20,5.4,50,40000
20240207,11:36:28,5.4,100,40000
20240207,11:37:33,5.5,100,40000
20240207,11:38:09,5.6,100,39350
20240207,11:38:20,5.65,50,39350
20240207,11:39:25,5.6,50,39350
20240207,11:39:52,5.65,100,39350
20240207,11:40:00,5.65,150,39350
20240207,11:40:08,5.7,50,39350
20240207,11:40:54,5.8,50,39300
20240207,11:41:01,5.8,500,39300
20240207,11:41:46,5.8,200,39300
20240207,11:42:06,5.65,50,39300
20240207,11:42:13,5.7,50,39300
20240207,11:42:28,5.7,50,39300
20240207,11:42:44,5.55,50,39300
20240207,11:42:53,5.5,350,39300
20240207,11:43:11,5.55,300,39300
20240207,11:43:28,5.65,1450,39300
20240207,11:43:36,5.6,1500,39300
20240207,11:43:44,5.65,500,39300
20240207,11:44:07,5.5,50,42150
20240207,11:44:15,5.5,200,42150
20240207,11:44:41,5.45,350,42150
20240207,11:45:40,5.4,1750,42150
20240207,11:45:56,5.3,50,42150
20240207,11:46:21,5.15,100,42150
20240207,11:47:01,5.1,400,43700
20240207,11:47:16,5.05,100,43700
20240207,11:48:04,5.05,50,43700
20240207,11:48:18,5.05,50,43700
20240207,11:48:25,5.0,100,43700
20240207,11:50:00,5.0,100,43400
20240207,11:52:23,5.1,150,43400
20240207,11:52:31,5.15,100,43400
20240207,11:52:59,5.15,200,43550
20240207,11:53:19,5.1,50,43550
20240207,11:53:27,5.1,400,43550
20240207,11:53:35,5.15,50,43550
20240207,11:55:07,5.35,150,43550
20240207,11:55:22,5.45,100,43550
20240207,11:56:04,5.45,50,43450
20240207,11:56:21,5.5,150,43450
20240207,11:56:31,5.55,50,43450
20240207,11:56:57,5.5,50,43450
20240207,11:57:15,5.5,50,43450
20240207,11:57:32,5.6,250,43450
20240207,11:58:06,5.7,50,43450
20240207,11:58:31,5.6,150,43450
20240207,11:58:40,5.55,100,43450
20240207,11:59:19,5.65,100,43250
20240207,12:01:19,5.45,50,43250
20240207,12:02:27,5.45,50,43300
20240207,12:03:15,5.25,100,43300
20240207,12:03:37,5.35,500,43300
20240207,12:03:45,5.25,50,43300
20240207,12:04:01,5.2,250,43300
20240207,12:04:09,5.2,400,43300
20240207,12:05:35,5.25,250,44000
20240207,12:08:14,5.2,50,44250
20240207,12:16:00,5.3,600,44300
20240207,12:18:41,5.3,100,44350
20240207,12:20:46,5.1,600,44400
20240207,12:21:16,5.15,50,44400
20240207,12:22:26,5.1,100,44400
20240207,12:22:32,5.1,250,44400
20240207,12:23:00,5.1,700,44400
20240207,12:23:32,5.1,100,44400
20240207,12:24:25,5.15,150,44400
20240207,12:24:52,5.1,50,44400
20240207,12:30:21,4.85,250,44450
20240207,12:33:07,4.85,50,44400
20240207,12:35:14,4.75,150,44400
20240207,12:35:29,4.85,1500,44400
20240207,12:35:37,4.8,50,44400
20240207,12:35:45,4.85,1350,44400
20240207,12:35:52,4.8,550,44400
20240207,12:35:59,4.8,250,44400
20240207,12:36:20,4.9,450,44400
20240207,12:36:33,4.85,1000,44400
20240207,12:37:03,4.8,50,44400
20240207,12:37:16,4.9,500,44400
20240207,12:37:24,4.9,750,44400
20240207,12:37:37,4.95,50,44400
20240207,12:39:34,4.95,200,47750
20240207,12:39:39,4.95,50,47750
20240207,12:44:22,5.0,250,47750
20240207,12:44:28,5.05,100,47750
20240207,12:44:34,5.1,100,47750
20240207,12:44:47,5.05,250,47750
20240207,12:45:38,5.1,50,47750
20240207,12:46:09,5.1,250,47750
20240207,12:46:33,5.05,50,47750
20240207,12:47:25,5.15,100,47250
20240207,12:47:36,5.2,50,47250
20240207,12:47:42,5.15,50,47250
20240207,12:47:48,5.2,200,47250
20240207,12:48:07,5.25,400,47250
20240207,12:48:47,5.3,200,47250
20240207,12:48:53,5.3,50,47250
20240207,12:49:32,5.35,50,47250
20240207,12:50:42,5.35,50,47050
20240207,12:50:54,5.35,100,47050
20240207,12:54:20,5.35,50,46950
20240207,12:54:26,5.35,50,46950
20240207,12:54:55,5.3,100,46950
20240207,12:55:01,5.3,50,46950
20240207,12:56:09,5.15,450,46900
20240207,12:57:52,5.2,50,46900
20240207,12:58:04,5.2,50,46900
20240207,12:58:57,5.0,1800,46900
20240207,12:59:04,5.05,2400,47600
20240207,13:00:19,5.05,250,47600
20240207,13:00:58,5.0,100,47600
20240207,13:01:37,5.0,50,47600
20240207,13:01:43,5.0,50,47600
20240207,13:01:55,5.0,100,47600
20240207,13:02:20,5.0,100,47550
20240207,13:02:53,5.0,50,47550
20240207,13:05:44,4.95,50,47400
20240207,13:06:10,5.0,200,47400
20240207,13:06:18,5.0,50,47400
20240207,13:06:31,4.95,250,47400
20240207,13:07:04,4.95,100,47400
20240207,13:08:46,4.95,150,47350
20240207,13:13:27,5.0,800,47200
20240207,13:13:33,5.05,950,47200
20240207,13:14:09,5.1,450,47100
20240207,13:14:18,5.1,100,47100
20240207,13:14:23,5.1,350,47100
20240207,13:14:28,5.1,200,47100
20240207,13:15:02,5.2,500,47100
20240207,13:15:08,5.2,500,47100
20240207,13:15:26,5.2,500,47100
20240207,13:15:54,5.1,50,47100
20240207,13:16:17,5.1,800,47100
20240207,13:16:27,5.25,150,47100
20240207,13:16:33,5.25,500,47100
20240207,13:17:08,5.1,50,48900
20240207,13:17:13,5.15,500,48900
20240207,13:17:27,5.15,500,48900
20240207,13:17:42,5.15,500,48900
20240207,13:17:46,5.15,500,48900
20240207,13:18:07,5.0,2500,48900
20240207,13:18:56,5.15,500,48900
20240207,13:19:20,5.15,500,48900
20240207,13:19:53,5.05,250,48900
20240207,13:20:38,5.0,300,52400
20240207,13:20:50,4.95,500,52400
20240207,13:21:09,4.9,100,52400
20240207,13:21:29,4.95,200,52400
20240207,13:21:42,4.85,100,52400
20240207,13:22:10,4.9,100,52400
20240207,13:22:19,4.95,450,52400
20240207,13:22:36,4.9,200,52400
20240207,13:23:38,4.9,50,53600
20240207,13:24:01,4.85,500,53600
20240207,13:24:08,4.9,50,53600
20240207,13:24:14,4.9,750,53600
20240207,13:24:20,4.85,100,53600
20240207,13:24:31,4.9,2600,53600
20240207,13:24:38,4.95,50,53600
20240207,13:24:51,4.95,1000,53600
20240207,13:25:13,4.95,50,53600
20240207,13:25:31,4.9,2350,53600
20240207,13:26:01,4.95,50,53600
20240207,13:26:20,4.9,100,53600
20240207,13:26:33,4.9,1050,58100
20240207,13:28:30,4.95,100,58100
20240207,13:29:10,4.95,650,58800
20240207,13:29:24,5.0,4950,58800
20240207,13:29:30,5.1,550,58800
20240207,13:29:35,5.05,500,58800
20240207,13:29:59,5.05,1100,58800
20240207,13:30:54,5.05,500,58800
20240207,13:32:27,4.9,600,66000
20240207,13:32:54,4.9,1000,66000
20240207,13:33:03,4.75,200,66000
20240207,13:33:22,4.85,50,66000
20240207,13:33:38,4.85,150,66000
20240207,13:33:53,4.95,2300,66000
20240207,13:34:01,4.85,100,66000
20240207,13:34:08,4.85,400,66000
20240207,13:34:16,4.9,100,66000
20240207,13:34:52,4.95,100,66000
20240207,13:35:24,4.9,100,69350
20240207,13:36:04,4.9,500,69350
20240207,13:36:10,5.0,200,69350
20240207,13:36:16,4.9,300,69350
20240207,13:36:23,4.95,150,69350
20240207,13:36:38,4.95,100,69350
20240207,13:37:57,4.85,200,69350
20240207,13:38:08,4.85,150,69350
20240207,13:38:37,4.9,200,69350
20240207,13:38:51,4.85,1450,69350
20240207,13:39:44,4.75,50,69350
20240207,13:39:59,4.7,200,69350
20240207,13:40:17,4.75,200,69350
20240207,13:40:54,4.75,50,69350
20240207,13:41:05,4.6,250,69350
20240207,13:42:00,4.6,1000,69700
20240207,13:42:09,4.55,550,69700
20240207,13:42:17,4.5,1000,69700
20240207,13:42:27,4.4,300,69700
20240207,13:42:37,4.4,100,69700
20240207,13:42:46,4.4,50,69700
20240207,13:42:53,4.35,200,69700
20240207,13:43:17,4.25,650,69700
20240207,13:45:34,4.25,300,69500
20240207,13:45:45,4.4,100,69500
20240207,13:47:18,4.45,50,69500
20240207,13:47:57,4.5,50,69500
20240207,13:48:16,4.5,100,69500
20240207,13:48:22,4.5,450,69500
20240207,13:51:14,4.45,50,69950
20240207,13:51:52,4.55,100,69950
20240207,13:55:06,4.35,150,70000
20240207,13:55:28,4.4,150,70000
20240207,13:55:35,4.45,50,70000
20240207,13:57:45,4.35,350,70000
20240207,13:59:15,4.3,50,70350
20240207,14:00:14,4.3,600,70350
20240207,14:00:19,4.25,300,70350
20240207,14:00:24,4.25,150,70350
20240207,14:00:38,4.25,150,70350
20240207,14:00:44,4.25,100,70350
20240207,14:01:20,4.25,100,70350
20240207,14:01:40,4.2,250,70350
20240207,14:01:52,4.2,250,70350
20240207,14:04:03,4.2,150,71100
20240207,14:06:00,4.25,50,71100
20240207,14:06:05,4.25,50,71100
20240207,14:06:10,4.25,50,71100
20240207,14:06:14,4.25,100,71100
20240207,14:06:29,4.3,50,71100
20240207,14:07:26,4.25,300,71100
20240207,14:07:31,4.25,100,71100
20240207,14:07:37,4.25,100,71100
20240207,14:07:43,4.25,400,71100
20240207,14:08:04,4.15,100,71100
20240207,14:12:28,4.05,900,72000
20240207,14:12:35,4.05,150,72000
20240207,14:12:42,4.0,250,72000
20240207,14:12:48,4.05,250,72000
20240207,14:14:26,4.05,150,72350
20240207,14:15:11,4.0,150,72350
20240207,14:15:19,4.0,300,72350
20240207,14:15:59,4.0,50,72350
20240207,14:16:26,4.0,100,72350
20240207,14:16:33,3.95,150,72350
20240207,14:16:40,3.9,50,72350
20240207,14:18:18,3.85,100,72400
20240207,14:18:34,3.8,50,72400
20240207,14:21:21,3.75,1000,72400
20240207,14:21:29,3.65,150,72400
20240207,14:21:36,3.65,300,72400
20240207,14:23:04,3.7,400,72400
20240207,14:24:15,3.65,1550,73400
20240207,14:24:28,3.65,50,73400
20240207,14:24:41,3.65,150,73400
20240207,14:25:33,3.65,200,73400
20240207,14:25:53,3.7,100,73400
20240207,14:26:45,3.7,450,73850
20240207,14:26:52,3.65,50,73850
20240207,14:27:04,3.7,500,73850
20240207,14:27:10,3.65,100,73850
20240207,14:27:16,3.65,50,73850
20240207,14:27:42,3.7,50,73850
20240207,14:27:49,3.7,50,73850
20240207,14:27:55,3.7,1400,73850
20240207,14:28:01,3.7,50,73850
20240207,14:28:22,3.7,200,73850
20240207,14:28:43,3.7,100,73850
20240207,14:28:50,3.7,50,73850
20240207,14:28:57,3.65,50,73850
20240207,14:29:12,3.75,50,73850
20240207,14:30:48,3.7,250,74350
20240207,14:33:00,3.65,100,74550
20240207,14:33:14,3.65,600,74550
20240207,14:33:36,3.65,500,74550
20240207,14:34:48,3.65,1500,74550
20240207,14:34:55,3.6,1050,74550
20240207,14:35:02,3.65,100,74550
20240207,14:35:32,3.7,250,75850
20240207,14:35:45,3.7,50,75850
20240207,14:35:52,3.7,250,75850
20240207,14:36:00,3.6,450,75850
20240207,14:36:08,3.65,50,75850
20240207,14:36:45,3.65,200,75850
20240207,14:37:02,3.6,450,75850
20240207,14:37:10,3.65,50,75850
20240207,14:37:18,3.65,50,75850
20240207,14:37:26,3.7,450,75850
20240207,14:37:33,3.65,200,75850
20240207,14:37:40,3.65,150,75850
20240207,14:37:54,3.65,50,75850
20240207,14:38:22,3.7,1200,75950
20240207,14:39:01,3.75,50,75950
20240207,14:39:16,3.7,50,75950
20240207,14:39:45,3.7,1850,75950
20240207,14:39:51,3.7,100,75950
20240207,14:39:57,3.6,350,75950
20240207,14:40:03,3.65,500,75950
20240207,14:40:10,3.7,250,75950
20240207,14:40:16,3.8,50,75950
20240207,14:41:18,3.75,300,75950
20240207,14:41:28,3.8,100,74100
20240207,14:41:56,3.75,50,74100
20240207,14:43:12,3.75,50,74100
20240207,14:43:18,3.7,50,74100
20240207,14:43:42,3.8,150,74100
20240207,14:43:51,3.8,50,74100
20240207,14:46:10,3.6,50,74050
20240207,14:46:20,3.6,150,74050
20240207,14:46:25,3.6,250,74050
20240207,14:48:51,3.5,2950,74100
20240207,14:48:55,3.6,50,74100
20240207,14:49:06,3.6,250,74100
20240207,14:49:58,3.6,100,74100
20240207,14:50:04,3.55,50,74100
20240207,14:50:09,3.55,50,74100
20240207,14:50:28,3.5,150,74600
20240207,14:50:38,3.55,50,74600
20240207,14:51:14,3.45,50,74600
20240207,14:51:28,3.45,50,74600
20240207,14:51:38,3.5,300,74600
20240207,14:52:14,3.6,50,74600
20240207,14:53:03,3.55,50,74600
20240207,14:54:21,3.55,100,74800
20240207,14:54:32,3.55,50,74800
20240207,14:55:58,3.5,50,74800
20240207,14:56:04,3.55,100,74800
20240207,14:56:09,3.55,200,74800
20240207,14:56:14,3.55,250,74800
20240207,14:57:40,3.55,100,74750
20240207,14:58:40,3.55,200,74750
20240207,14:59:10,3.6,100,74750
20240207,15:00:10,3.6,100,74700
20240207,15:00:57,3.6,50,74700
20240207,15:01:12,3.55,50,74700
20240207,15:03:15,3.5,2150,74650
20240207,15:03:20,3.5,3600,74650
20240207,15:03:26,3.5,200,74650
20240207,15:03:41,3.5,50,74650
20240207,15:04:38,3.45,50,74650
20240207,15:06:16,3.4,1800,74850
20240207,15:06:20,3.4,50,74850
20240207,15:06:29,3.4,1250,74850
20240207,15:07:19,3.4,50,74850
20240207,15:10:06,3.35,150,74900
20240207,15:10:56,3.35,400,74900
20240207,15:11:16,3.4,100,74900
20240207,15:11:21,3.4,150,74900
20240207,15:11:40,3.4,100,74350
20240207,15:11:51,3.4,250,74350
20240207,15:13:33,3.3,50,74350
20240207,15:13:38,3.3,200,74350
20240207,15:13:42,3.3,100,74350
20240207,15:15:13,3.3,50,73850
20240207,15:17:09,3.3,50,73850
20240207,15:17:21,3.3,3700,73850
20240207,15:19:02,3.3,100,77400
20240207,15:19:08,3.3,150,77400
20240207,15:19:35,3.35,150,77400
20240207,15:20:07,3.35,4350,77400
20240207,15:20:12,3.4,400,77400
20240207,15:20:17,3.35,50,77400
20240207,15:20:22,3.35,50,77400
20240207,15:20:32,3.35,50,81250
20240207,15:20:42,3.35,450,81250
20240207,15:20:46,3.35,50,81250
20240207,15:23:02,3.35,150,81250
20240207,15:23:17,3.35,1000,81250
20240207,15:23:21,3.3,200,81250
20240207,15:23:40,3.25,100,82500
20240207,15:24:10,3.2,450,82500
20240207,15:24:18,3.2,150,82500
20240207,15:24:33,3.2,50,82500
20240207,15:24:50,3.1,2250,82500
20240207,15:24:56,3.1,50,82500
20240207,15:25:00,3.1,1800,82500
20240207,15:26:03,3.15,650,82500
20240207,15:26:09,3.2,1400,82500
20240207,15:26:14,3.2,300,82500
20240207,15:26:26,3.2,50,82500
20240207,15:26:32,3.15,600,80350
20240207,15:26:37,3.15,450,80350
20240207,15:26:42,3.15,300,80350
20240207,15:26:52,3.2,1400,80350
20240207,15:27:07,3.25,600,80350
20240207,15:27:21,3.2,600,80350
20240207,15:27:36,3.25,400,80350
20240207,15:27:41,3.25,800,80350
20240207,15:27:52,3.3,50,80350
20240207,15:28:15,3.25,1250,80350
20240207,15:28:23,3.3,800,80350
20240207,15:28:33,3.35,1450,80350
20240207,15:28:41,3.2,300,80350
20240207,15:29:01,3.3,700,80350
20240207,15:29:17,3.25,300,80350
20240207,15:30:00,3.05,100,82150
20240208,09:15:08,3.4,1,82250
20240208,09:15:08,3.4,100,82250
20240208,09:15:46,2.8,50,82250
20240208,09:16:01,2.8,150,82250
20240208,09:16:09,2.8,100,82250
20240208,09:16:25,2.8,50,82250
20240208,09:17:09,2.8,50,82350
20240208,09:17:21,2.8,50,82350
20240208,09:17:32,2.8,600,82350
20240208,09:17:41,2.8,50,82350
20240208,09:17:52,2.8,50,82350
20240208,09:19:04,2.8,250,82350
20240208,09:19:14,2.9,50,82350
20240208,09:19:34,2.7,1150,82350
20240208,09:19:43,2.75,700,82350
20240208,09:20:31,2.7,50,83100
20240208,09:20:43,2.65,350,83100
20240208,09:20:55,2.7,300,83100
20240208,09:21:06,2.7,100,83100
20240208,09:21:18,2.7,350,83100
20240208,09:21:30,2.65,250,83100
20240208,09:21:51,2.65,100,83100
20240208,09:22:02,2.7,50,83100
20240208,09:22:13,2.6,550,83100
20240208,09:24:04,2.6,1700,83900
20240208,09:24:36,2.7,500,83900
20240208,09:24:47,2.65,450,83900
20240208,09:25:09,2.65,50,83900
20240208,09:25:30,2.65,50,83900
20240208,09:25:40,2.6,50,83900
20240208,09:26:10,2.6,150,84550
20240208,09:26:21,2.6,50,84550
20240208,09:27:48,2.65,50,84550
20240208,09:28:47,2.65,3950,84400
20240208,09:29:15,2.6,1250,84400
20240208,09:30:49,2.65,150,84400
20240208,09:31:46,2.6,2650,85900
20240208,09:32:04,2.6,500,85900
20240208,09:33:20,2.65,200,85900
20240208,09:33:40,2.65,100,85900
20240208,09:34:09,2.65,50,85900
20240208,09:34:38,2.6,350,85900
20240208,09:35:15,2.65,50,84800
20240208,09:35:51,2.65,50,84800
20240208,09:36:09,2.65,350,84800
20240208,09:36:55,2.6,100,84800
20240208,09:37:14,2.6,100,84800
20240208,09:38:10,2.6,250,85250
20240208,09:40:02,2.6,150,85250
20240208,09:40:11,2.6,50,85250
20240208,09:41:01,2.55,1200,85450
20240208,09:41:31,2.55,50,85450
20240208,09:42:00,2.6,50,85450
20240208,09:42:10,2.6,250,85450
20240208,09:42:20,2.6,50,85450
20240208,09:43:02,2.55,100,85450
20240208,09:43:12,2.6,50,85450
20240208,09:43:23,2.55,250,85450
20240208,09:44:00,2.55,50,85600
20240208,09:44:38,2.55,550,85600
20240208,09:45:16,2.6,100,85600
20240208,09:45:25,2.6,100,85600
20240208,09:45:46,2.6,100,85600
20240208,09:48:45,2.55,100,85250
20240208,09:49:34,2.55,50,85250
20240208,09:49:43,2.55,100,85250
20240208,09:50:22,2.5,900,85000
20240208,09:50:41,2.6,1050,85000
20240208,09:52:12,2.55,100,85000
20240208,09:52:49,2.55,150,85000
20240208,09:53:35,2.5,50,84150
20240208,09:53:42,2.55,100,84150
20240208,09:54:41,2.55,50,84150
20240208,09:54:56,2.55,100,84150
20240208,09:56:22,2.6,100,84150
20240208,09:56:55,2.6,50,84150
20240208,09:57:04,2.6,50,84150
20240208,09:58:25,2.55,400,84150
20240208,09:59:03,2.55,100,84150
20240208,10:00:43,2.45,1350,84150
20240208,10:00:53,2.45,300,84150
20240208,10:01:34,2.45,100,84150
20240208,10:02:28,2.45,1250,84250
20240208,10:02:52,2.4,100,84250
20240208,10:03:00,2.4,250,84250
20240208,10:03:45,2.45,500,84250
20240208,10:05:00,2.4,50,84100
20240208,10:05:13,2.4,50,84100
20240208,10:05:25,2.4,200,84100
20240208,10:05:48,2.4,100,84100
20240208,10:06:29,2.3,150,84100
20240208,10:06:39,2.3,750,84100
20240208,10:06:48,2.35,50,84100
20240208,10:06:56,2.35,50,84100
20240208,10:07:06,2.35,100,84100
20240208,10:07:25,2.4,50,84100
20240208,10:07:51,2.35,50,84100
20240208,10:08:00,2.4,750,84050
20240208,10:08:18,2.35,250,84050
20240208,10:08:27,2.4,150,84050
20240208,10:08:44,2.4,50,84050
20240208,10:09:13,2.4,600,84050
20240208,10:09:24,2.35,250,84050
20240208,10:10:11,2.35,200,84050
20240208,10:10:22,2.35,50,84050
20240208,10:10:48,2.45,2550,84050
20240208,10:11:07,2.45,50,83200
20240208,10:11:24,2.4,50,83200
20240208,10:11:40,2.45,50,83200
20240208,10:11:58,2.45,100,83200
20240208,10:13:18,2.5,250,83200
20240208,10:13:26,2.5,200,83200
20240208,10:15:09,2.45,50,83250
20240208,10:15:26,2.45,50,83250
20240208,10:15:47,2.45,50,83250
20240208,10:16:07,2.55,550,83250
20240208,10:16:26,2.55,150,83250
20240208,10:16:43,2.55,400,83250
20240208,10:16:52,2.55,50,83250
20240208,10:17:00,2.55,300,83400
20240208,10:17:09,2.5,50,83400
20240208,10:17:41,2.5,200,83400
20240208,10:17:49,2.5,450,83400
20240208,10:17:58,2.5,200,83400
20240208,10:18:38,2.55,250,83400
20240208,10:19:20,2.55,50,83400
20240208,10:20:01,2.5,50,82300
20240208,10:20:46,2.5,1700,82300
20240208,10:21:03,2.45,150,82300
20240208,10:22:11,2.4,50,82300
20240208,10:23:46,2.4,500,82250
20240208,10:24:42,2.4,50,82250
20240208,10:27:08,2.3,100,81850
20240208,10:27:27,2.3,100,81850
20240208,10:27:44,2.3,50,81850
20240208,10:27:52,2.3,50,81850
20240208,10:28:26,2.3,50,81850
20240208,10:28:34,2.35,400,81850
20240208,10:29:23,2.35,50,81950
20240208,10:32:40,2.25,900,81950
20240208,10:33:54,2.25,250,81950
20240208,10:34:50,2.3,50,81950
20240208,10:36:25,2.3,50,81800
20240208,10:37:23,2.25,100,81800
20240208,10:41:36,2.3,50,81800
20240208,10:41:46,2.3,50,81800
20240208,10:42:17,2.35,50,81800
20240208,10:42:26,2.35,50,81800
20240208,10:43:24,2.35,50,81800
20240208,10:44:32,2.35,100,81900
20240208,10:44:41,2.35,50,81900
20240208,10:45:36,2.3,50,81900
20240208,10:45:55,2.25,50,81900
20240208,10:46:13,2.3,250,81900
20240208,10:46:30,2.3,50,81900
20240208,10:46:39,2.3,50,81900
20240208,10:46:46,2.3,800,81900
20240208,10:47:36,2.35,750,81450
20240208,10:47:46,2.35,50,81450
20240208,10:48:54,2.35,50,81450
20240208,10:51:10,2.3,100,80800
20240208,10:53:12,2.45,50,80700
20240208,10:56:16,2.4,850,80750
20240208,10:56:49,2.45,850,80750
20240208,10:57:40,2.45,50,80750
20240208,10:57:52,2.45,3400,80750
20240208,10:58:03,2.5,1200,80750
20240208,10:58:15,2.5,150,80750
20240208,10:58:26,2.5,200,80750
20240208,10:58:38,2.5,50,80750
20240208,10:59:09,2.55,450,81850
20240208,10:59:35,2.55,100,81850
20240208,11:00:09,2.55,550,81850
20240208,11:00:21,2.6,1550,81850
20240208,11:00:32,2.6,150,81850
20240208,11:00:55,2.6,150,81850
20240208,11:01:05,2.55,50,81850
20240208,11:01:34,2.55,100,81850
20240208,11:01:53,2.5,150,81850
20240208,11:02:02,2.5,700,82200
20240208,11:02:23,2.55,600,82200
20240208,11:02:32,2.55,400,82200
20240208,11:02:42,2.6,500,82200
20240208,11:02:52,2.6,200,82200
20240208,11:03:03,2.65,250,82200
20240208,11:03:14,2.7,350,82200
20240208,11:03:25,2.75,1100,82200
20240208,11:03:35,2.8,50,82200
20240208,11:03:45,2.8,200,82200
20240208,11:03:54,2.75,350,82200
20240208,11:04:05,2.65,400,82200
20240208,11:04:14,2.7,150,82200
20240208,11:04:24,2.7,500,82200
20240208,11:04:33,2.75,50,82200
20240208,11:04:43,2.9,100,82200
20240208,11:05:01,2.0,7950,82200
20240208,11:05:10,2.75,1050,88650
20240208,11:05:18,2.75,2550,88650
20240208,11:05:27,2.8,1050,88650
20240208,11:05:45,2.85,50,88650
20240208,11:05:56,2.8,700,88650
20240208,11:06:06,2.8,350,88650
20240208,11:06:15,2.65,450,88650
20240208,11:06:25,2.65,100,88650
20240208,11:06:36,2.6,100,88650
20240208,11:06:56,2.65,550,88650
20240208,11:07:06,2.65,750,88650
20240208,11:07:16,2.7,50,88650
20240208,11:07:26,2.8,550,88650
20240208,11:07:57,2.75,700,88650
20240208,11:08:06,2.7,600,84250
20240208,11:08:16,2.75,350,84250
20240208,11:08:25,2.8,250,84250
20240208,11:08:35,3.05,1800,84250
20240208,11:08:45,3.15,850,84250
20240208,11:08:54,3.2,3200,84250
20240208,11:09:04,3.15,100,84250
20240208,11:09:12,3.2,1350,84250
20240208,11:09:22,3.15,950,84250
20240208,11:09:31,3.25,200,84250
20240208,11:09:41,3.3,1400,84250
20240208,11:09:51,3.3,50,84250
20240208,11:09:59,3.35,1050,84250
20240208,11:10:09,3.9,8250,84250
20240208,11:10:18,3.9,200,84250
20240208,11:10:28,3.65,800,84250
20240208,11:10:37,3.75,1550,84250
20240208,11:10:46,3.65,50,84250
20240208,11:10:55,3.65,450,84250
20240208,11:11:04,3.6,50,84250
20240208,11:11:12,3.65,100,84650
20240208,11:11:21,3.6,100,84650
20240208,11:11:41,3.55,250,84650
20240208,11:11:59,3.45,350,84650
20240208,11:12:08,3.45,50,84650
20240208,11:12:17,3.4,1100,84650
20240208,11:12:26,3.45,300,84650
20240208,11:12:35,3.45,150,84650
20240208,11:12:54,3.5,200,84650
20240208,11:13:11,3.55,100,84650
20240208,11:13:20,3.5,250,84650
20240208,11:13:29,3.55,900,84650
20240208,11:14:12,3.55,250,83500
20240208,11:14:20,3.55,50,83500
20240208,11:14:29,3.55,100,83500
20240208,11:14:38,3.55,100,83500
20240208,11:14:53,3.55,50,83500
20240208,11:15:27,3.65,50,83500
20240208,11:15:44,3.75,450,83500
20240208,11:15:54,3.75,50,83500
20240208,11:16:02,3.7,50,83500
20240208,11:16:18,3.7,50,83500
20240208,11:16:27,3.75,350,83500
20240208,11:16:45,3.65,200,83500
20240208,11:16:53,3.6,50,83500
20240208,11:17:02,3.55,450,83750
20240208,11:17:10,3.45,750,83750
20240208,11:17:28,3.45,50,83750
20240208,11:17:36,3.45,50,83750
20240208,11:18:24,3.5,50,83750
20240208,11:18:48,3.45,450,83750
20240208,11:19:14,3.4,800,83750
20240208,11:19:21,3.3,50,83750
20240208,11:19:38,3.25,350,83750
20240208,11:19:47,3.3,50,83750
20240208,11:20:04,3.25,50,83750
20240208,11:20:38,3.2,150,83550
20240208,11:20:45,3.2,100,83550
20240208,11:20:54,3.2,50,83550
20240208,11:21:02,3.2,100,83550
20240208,11:21:10,3.2,550,83550
20240208,11:21:27,3.1,850,83550
20240208,11:21:36,3.1,50,83550
20240208,11:22:17,3.1,100,83550
20240208,11:23:21,3.05,450,84100
20240208,11:23:29,3.1,50,84100
20240208,11:23:37,3.1,150,84100
20240208,11:23:45,3.15,250,84100
20240208,11:25:12,3.1,50,84100
20240208,11:25:38,3.05,50,84100
20240208,11:25:47,3.05,350,84100
20240208,11:26:04,3.1,50,84100
20240208,11:26:37,3.0,100,84700
20240208,11:28:23,2.85,50,84700
20240208,11:28:41,2.8,150,84700
20240208,11:28:59,2.7,50,84700
20240208,11:29:09,2.65,500,84650
20240208,11:29:25,2.75,500,84650
20240208,11:29:50,2.7,150,84650
20240208,11:30:15,2.65,600,84650
20240208,11:31:13,2.55,250,84650
20240208,11:31:54,2.7,400,84650
20240208,11:32:02,2.7,750,84650
20240208,11:32:18,2.75,250,84550
20240208,11:32:26,2.75,200,84550
20240208,11:32:50,2.8,50,84550
20240208,11:32:59,2.8,200,84550
20240208,11:34:21,2.85,50,84550
20240208,11:34:43,2.85,150,84550
20240208,11:34:51,2.85,150,84550
20240208,11:34:59,2.85,50,84550
20240208,11:35:07,2.9,250,84350
20240208,11:35:53,2.85,50,84350
20240208,11:37:16,2.85,2050,84350
20240208,11:37:24,2.85,800,84350
20240208,11:37:32,2.85,250,84350
20240208,11:37:40,2.85,500,84350
20240208,11:39:18,2.85,200,83600
20240208,11:39:26,2.85,1250,83600
20240208,11:40:11,2.85,50,83600
20240208,11:40:19,2.9,50,83600
20240208,11:42:02,2.95,350,83400
20240208,11:43:00,2.9,150,83400
20240208,11:43:08,2.9,300,83400
20240208,11:43:17,2.9,50,83400
20240208,11:43:24,2.8,800,83400
20240208,11:43:47,2.8,50,83400
20240208,11:44:24,2.7,100,83450
20240208,11:44:31,2.7,250,83450
20240208,11:44:45,2.65,100,83450
20240208,11:46:08,2.75,250,83450
20240208,11:46:29,2.75,300,83450
20240208,11:46:56,2.6,850,83450
20240208,11:47:09,2.65,50,83450
20240208,11:48:25,2.6,50,84400
20240208,11:52:05,2.55,200,84350
20240208,11:52:58,2.65,100,84350
20240208,11:53:06,2.65,200,84350
20240208,11:53:14,2.65,200,84250
20240208,11:53:22,2.65,1600,84250
20240208,11:53:30,2.65,350,84250
20240208,11:53:47,2.65,250,84250
20240208,11:53:56,2.65,250,84250
20240208,11:54:04,2.65,800,84250
20240208,11:54:14,2.65,550,84250
20240208,11:54:24,2.65,200,84250
20240208,11:54:40,2.7,100,84250
20240208,11:55:51,2.65,1000,84250
20240208,11:56:36,2.65,500,85800
20240208,11:57:45,2.65,500,85800
20240208,11:58:00,2.65,250,85800
20240208,11:58:47,2.65,400,85800
20240208,11:59:05,2.6,500,85800
20240208,11:59:14,2.65,750,85600
20240208,12:01:29,2.7,50,85600
20240208,12:02:29,2.7,50,84950
20240208,12:03:11,2.65,100,84950
20240208,12:03:20,2.65,250,84950
20240208,12:04:01,2.6,150,84950
20240208,12:04:09,2.6,100,84950
20240208,12:04:41,2.6,1600,84950
20240208,12:04:48,2.55,50,84950
20240208,12:04:55,2.55,50,84950
20240208,12:05:46,2.55,50,86500
20240208,12:05:53,2.55,100,86500
20240208,12:06:44,2.5,50,86500
20240208,12:07:21,2.5,1300,86500
20240208,12:07:59,2.55,1000,86500
20240208,12:09:39,2.55,400,86250
20240208,12:12:30,2.55,50,86300
20240208,12:12:43,2.55,50,86300
20240208,12:13:15,2.55,100,86300
20240208,12:22:06,2.6,100,86200
20240208,12:22:12,2.6,50,86200
20240208,12:22:18,2.6,100,86200
20240208,12:23:46,2.7,250,86250
20240208,12:24:19,2.75,50,86250
20240208,12:24:25,2.75,100,86250
20240208,12:25:25,2.7,1000,86250
20240208,12:25:46,2.65,300,86250
20240208,12:26:05,2.7,100,86250
20240208,12:26:50,2.7,50,86150
20240208,12:27:14,2.7,50,86150
20240208,12:27:20,2.7,100,86150
20240208,12:27:54,2.7,50,86150
20240208,12:28:34,2.7,1650,86150
20240208,12:29:31,2.7,200,86250
20240208,12:30:03,2.7,50,86250
20240208,12:30:17,2.7,100,86250
20240208,12:30:28,2.7,50,86250
20240208,12:30:51,2.75,200,86250
20240208,12:31:37,2.65,100,86250
20240208,12:32:08,2.7,50,86250
20240208,12:32:15,2.7,700,86250
20240208,12:32:45,2.7,50,86700
20240208,12:32:51,2.75,1000,86700
20240208,12:34:21,2.65,50,86700
20240208,12:34:41,2.7,1000,86700
20240208,12:34:53,2.7,1000,86700
20240208,12:35:51,2.65,500,87050
20240208,12:36:40,2.65,100,87050
20240208,12:37:49,2.65,50,87050
20240208,12:38:08,2.7,100,87050
20240208,12:38:33,2.65,50,87550
20240208,12:38:38,2.65,100,87550
20240208,12:38:44,2.65,50,87550
20240208,12:42:40,2.6,50,87450
20240208,12:42:52,2.6,50,87450
20240208,12:45:39,2.55,50,87450
20240208,12:45:58,2.5,1500,87450
20240208,12:46:45,2.5,50,87450
20240208,12:47:01,2.45,450,87450
20240208,12:47:08,2.5,150,87450
20240208,12:47:20,2.5,100,87850
20240208,12:47:32,2.5,250,87850
20240208,12:49:03,2.45,50,87850
20240208,12:49:29,2.4,250,87850
20240208,12:51:13,2.45,100,87750
20240208,12:54:11,2.45,650,87650
20240208,12:54:40,2.4,250,87650
20240208,12:54:43,2.4,50,87650
20240208,12:54:48,2.45,50,87650
20240208,12:54:56,2.35,350,87650
20240208,12:56:14,2.45,250,87650
20240208,12:56:19,2.45,50,87750
20240208,12:57:46,2.45,150,87750
20240208,12:58:01,2.5,1050,87750
20240208,12:58:54,2.5,300,87750
20240208,12:59:30,2.45,400,86750
20240208,13:00:02,2.4,150,86750
20240208,13:00:50,2.4,50,86750
20240208,13:00:57,2.4,50,86750
20240208,13:01:47,2.4,600,86750
20240208,13:01:58,2.35,1000,86750
20240208,13:02:10,2.4,1000,86750
20240208,13:04:50,2.35,100,87650
20240208,13:04:54,2.35,50,87650
20240208,13:05:10,2.35,50,87650
20240208,13:05:14,2.35,50,87650
20240208,13:05:18,2.35,100,87650
20240208,13:05:23,2.35,50,87650
20240208,13:05:28,2.35,50,87750
20240208,13:05:58,2.35,50,87750
20240208,13:06:47,2.35,50,87750
20240208,13:06:52,2.35,50,87750
20240208,13:07:48,2.35,50,87750
20240208,13:08:35,2.3,600,87700
20240208,13:08:46,2.25,50,87700
20240208,13:09:12,2.3,50,87700
20240208,13:09:17,2.3,50,87700
20240208,13:09:22,2.3,250,87700
20240208,13:09:31,2.3,50,87700
20240208,13:10:49,2.25,50,87700
20240208,13:11:54,2.3,50,87450
20240208,13:12:20,2.35,350,87450
20240208,13:12:31,2.35,50,87450
20240208,13:12:48,2.35,150,87450
20240208,13:13:03,2.35,700,87450
20240208,13:16:16,2.3,500,86550
20240208,13:16:42,2.3,100,86550
20240208,13:16:54,2.3,50,86550
20240208,13:17:05,2.3,50,86550
20240208,13:17:19,2.3,50,86550
20240208,13:18:22,2.35,400,86700
20240208,13:18:27,2.3,500,86700
20240208,13:18:39,2.3,150,86700
20240208,13:18:46,2.3,50,86700
20240208,13:19:01,2.3,150,86700
20240208,13:20:10,2.25,200,86700
20240208,13:20:17,2.3,1050,86700
20240208,13:20:46,2.4,100,85750
20240208,13:20:59,2.35,300,85750
20240208,13:23:56,2.35,150,85950
20240208,13:24:08,2.4,100,85950
20240208,13:24:13,2.4,150,85950
20240208,13:25:33,2.45,150,85950
20240208,13:26:12,2.45,50,85950
20240208,13:27:53,2.4,500,86150
20240208,13:30:47,2.45,100,86150
20240208,13:30:54,2.35,1000,86150
20240208,13:30:59,2.4,100,86150
20240208,13:31:04,2.4,750,86150
20240208,13:31:44,2.4,50,86150
20240208,13:31:52,2.4,50,86150
20240208,13:32:46,2.45,50,86000
20240208,13:33:55,2.45,50,86000
20240208,13:34:18,2.45,50,86000
20240208,13:34:43,2.5,3650,86000
20240208,13:35:42,2.55,500,87750
20240208,13:36:05,2.55,100,87750
20240208,13:37:55,2.55,150,87750
20240208,13:38:23,2.5,750,87750
20240208,13:39:04,2.6,50,87800
20240208,13:39:09,2.55,100,87800
20240208,13:39:57,2.55,1750,87800
20240208,13:40:14,2.55,50,87800
20240208,13:40:20,2.6,50,87800
20240208,13:41:29,2.55,100,88550
20240208,13:41:39,2.55,50,88550
20240208,13:41:52,2.55,50,88550
20240208,13:41:56,2.55,150,88550
20240208,13:42:12,2.55,50,88550
20240208,13:43:16,2.6,150,88550
20240208,13:43:35,2.6,50,88550
20240208,13:44:02,2.55,100,88550
20240208,13:45:30,2.6,2000,88150
20240208,13:45:45,2.65,200,88150
20240208,13:45:58,2.65,50,88150
20240208,13:46:26,2.65,50,88150
20240208,13:46:40,2.65,50,88150
20240208,13:47:34,2.65,200,88750
20240208,13:47:38,2.65,150,88750
20240208,13:48:18,2.7,100,88750
20240208,13:48:46,2.65,200,88750
20240208,13:48:50,2.7,300,88750
20240208,13:49:03,2.7,550,88750
20240208,13:49:51,2.75,150,88750
20240208,13:50:08,2.7,300,88750
20240208,13:50:21,2.65,100,88750
20240208,13:50:25,2.7,100,88750
20240208,13:50:43,2.75,50,88700
20240208,13:50:55,2.65,50,88700
20240208,13:51:09,2.7,2050,88700
20240208,13:51:12,2.7,100,88700
20240208,13:51:33,2.7,350,88700
20240208,13:51:49,2.7,50,88700
20240208,13:52:37,2.7,50,88700
20240208,13:52:54,2.7,50,88700
20240208,13:53:01,2.65,450,88700
20240208,13:53:08,2.65,50,88700
20240208,13:53:28,2.65,300,90150
20240208,13:53:41,2.7,600,90150
20240208,13:53:48,2.65,300,90150
20240208,13:54:01,2.65,50,90150
20240208,13:55:03,2.6,50,90150
20240208,13:55:32,2.55,50,90150
20240208,13:55:50,2.6,50,90150
20240208,13:58:53,2.55,50,90100
20240208,13:59:02,2.6,100,90100
20240208,13:59:07,2.6,100,90100
20240208,13:59:11,2.55,100,90100
20240208,13:59:20,2.6,100,90100
20240208,13:59:31,2.6,200,90350
20240208,13:59:43,2.6,150,90350
20240208,13:59:46,2.55,200,90350
20240208,13:59:59,2.55,750,90350
20240208,14:00:03,2.6,300,90350
20240208,14:00:15,2.6,450,90350
20240208,14:00:19,2.6,150,90350
20240208,14:00:23,2.55,100,90350
20240208,14:00:27,2.6,50,90350
20240208,14:00:36,2.6,300,90350
20240208,14:01:46,2.65,1800,90350
20240208,14:01:50,2.6,50,90350
20240208,14:01:53,2.6,200,90350
20240208,14:01:58,2.6,100,90350
20240208,14:02:06,2.65,450,90350
20240208,14:02:10,2.65,50,90350
20240208,14:02:24,2.6,100,90350
20240208,14:02:37,2.65,300,92900
20240208,14:02:42,2.65,1750,92900
20240208,14:02:52,2.6,100,92900
20240208,14:03:08,2.6,100,92900
20240208,14:03:16,2.6,500,92900
20240208,14:04:07,2.65,50,92900
20240208,14:04:15,2.6,100,92900
20240208,14:04:28,2.65,1500,92900
20240208,14:04:57,2.65,450,92900
20240208,14:05:06,2.65,200,92900
20240208,14:05:13,2.75,1100,92900
20240208,14:05:21,2.7,1350,92900
20240208,14:05:29,2.65,300,95950
20240208,14:05:36,2.7,2300,95950
20240208,14:05:43,2.65,850,95950
20240208,14:05:51,2.7,250,95950
20240208,14:05:59,2.65,3100,95950
20240208,14:06:05,2.65,150,95950
20240208,14:06:12,2.65,1600,95950
20240208,14:06:26,2.65,50,95950
20240208,14:06:39,2.7,450,95950
20240208,14:07:20,2.7,50,95950
20240208,14:07:34,2.75,300,95950
20240208,14:08:19,2.8,200,95950
20240208,14:08:32,2.7,200,97500
20240208,14:13:47,2.95,1200,97300
20240208,14:13:54,3.0,750,97300
20240208,14:14:01,2.95,50,97300
20240208,14:14:10,2.9,100,97300
20240208,14:14:36,2.9,350,98500
20240208,14:14:44,3.0,250,98500
20240208,14:14:51,3.0,200,98500
20240208,14:14:59,3.0,1250,98500
20240208,14:15:08,3.0,200,98500
20240208,14:15:18,3.05,1000,98500
20240208,14:15:27,3.1,250,98500
20240208,14:15:35,3.15,200,98500
20240208,14:15:44,3.1,50,98500
20240208,14:15:52,3.2,100,98500
20240208,14:16:15,3.25,100,98500
20240208,14:16:31,3.2,750,98500
20240208,14:16:39,3.2,100,98500
20240208,14:16:48,3.3,250,98500
20240208,14:16:56,3.45,4500,98500
20240208,14:17:04,3.4,100,98500
20240208,14:17:20,3.35,300,98500
20240208,14:17:29,3.4,500,98500
20240208,14:17:37,3.3,450,99750
20240208,14:17:45,3.3,50,99750
20240208,14:18:09,3.2,100,99750
20240208,14:18:17,3.2,250,99750
20240208,14:18:25,3.15,50,99750
20240208,14:18:32,3.15,50,99750
20240208,14:18:40,3.15,150,99750
20240208,14:18:48,3.1,300,99750
20240208,14:18:55,3.05,100,99750
20240208,14:19:03,3.1,800,99750
20240208,14:19:10,3.0,2300,99750
20240208,14:19:18,3.15,1250,99750
20240208,14:19:39,3.0,450,99750
20240208,14:19:45,3.0,50,99750
20240208,14:19:52,3.0,1200,99750
20240208,14:19:59,2.9,1200,99750
20240208,14:20:26,2.9,300,99750
20240208,14:20:40,3.0,300,100450
20240208,14:21:09,3.05,500,100450
20240208,14:21:16,3.1,250,100450
20240208,14:21:23,3.1,200,100450
20240208,14:21:30,3.1,300,100450
20240208,14:21:57,3.05,50,100450
20240208,14:22:10,3.1,150,100450
20240208,14:22:26,3.0,800,100450
20240208,14:23:14,3.05,350,100450
20240208,14:23:21,3.15,100,100450
20240208,14:23:35,3.4,200,99550
20240208,14:23:56,3.3,50,99550
20240208,14:24:03,3.3,50,99550
20240208,14:24:38,3.15,50,99550
20240208,14:25:12,3.15,50,99550
20240208,14:25:18,3.15,1000,99550
20240208,14:25:33,3.1,150,99550
20240208,14:26:18,3.15,500,99550
20240208,14:27:09,3.1,500,99400
20240208,14:27:17,3.05,1050,99400
20240208,14:27:26,3.05,250,99400
20240208,14:27:35,3.15,1250,99400
20240208,14:27:43,3.15,650,99400
20240208,14:28:00,3.1,200,99400
20240208,14:28:40,3.25,150,99400
20240208,14:29:12,3.25,300,99400
20240208,14:29:33,3.3,650,100100
20240208,14:29:48,3.4,50,100100
20240208,14:30:03,3.35,50,100100
20240208,14:30:17,3.45,100,100100
20240208,14:30:33,3.55,250,100100
20240208,14:30:41,3.55,100,100100
20240208,14:30:57,3.65,300,100100
20240208,14:31:05,3.65,700,100100
20240208,14:31:21,3.75,100,100100
20240208,14:31:30,3.75,1600,100100
20240208,14:31:39,3.75,100,100100
20240208,14:31:47,3.85,900,100100
20240208,14:31:57,3.85,1700,100100
20240208,14:32:06,3.95,700,100100
20240208,14:32:14,3.9,200,100100
20240208,14:32:23,3.9,200,100100
20240208,14:32:32,4.0,3600,100100
20240208,14:32:47,3.85,650,99000
20240208,14:32:55,3.8,250,99000
20240208,14:33:10,3.85,5000,99000
20240208,14:33:18,3.9,3300,99000
20240208,14:33:26,4.25,2150,99000
20240208,14:33:40,4.25,550,99000
20240208,14:33:48,3.9,1450,99000
20240208,14:33:56,3.8,550,99000
20240208,14:34:03,3.8,100,99000
20240208,14:34:11,3.6,600,99000
20240208,14:34:19,3.65,350,99000
20240208,14:34:26,3.75,50,99000
20240208,14:34:55,3.85,50,99000
20240208,14:35:25,3.85,200,99000
20240208,14:35:33,4.05,1500,107550
20240208,14:35:41,4.05,150,107550
20240208,14:35:49,4.05,900,107550
20240208,14:36:06,4.1,100,107550
20240208,14:36:15,4.15,600,107550
20240208,14:36:30,4.1,100,107550
20240208,14:36:38,4.05,250,107550
20240208,14:36:47,4.15,450,107550
20240208,14:37:07,4.25,3200,107550
20240208,14:37:16,4.15,800,107550
20240208,14:37:25,4.1,3350,107550
20240208,14:37:34,4.25,1750,107550
20240208,14:37:42,4.15,50,107550
20240208,14:37:59,4.3,400,107550
20240208,14:38:09,4.25,100,107550
20240208,14:38:26,4.25,1400,107550
20240208,14:38:34,4.2,50,107550
20240208,14:38:43,4.1,600,110100
20240208,14:38:51,4.1,100,110100
20240208,14:39:01,4.15,350,110100
20240208,14:39:11,4.1,50,110100
20240208,14:39:19,4.25,400,110100
20240208,14:39:45,4.2,150,110100
20240208,14:39:54,4.55,7350,110100
20240208,14:40:02,4.3,300,110100
20240208,14:40:11,4.3,50,110100
20240208,14:40:27,4.4,1400,110100
20240208,14:40:36,4.65,3050,110100
20240208,14:40:44,4.4,100,110100
20240208,14:40:52,4.4,50,110100
20240208,14:41:09,4.3,150,110100
20240208,14:41:17,4.25,50,110100
20240208,14:41:26,4.25,1700,110100
20240208,14:41:35,4.3,300,111650
20240208,14:41:43,6.5,1950,111650
20240208,14:41:51,4.2,200,111650
20240208,14:42:00,4.2,1250,111650
20240208,14:42:08,4.2,150,111650
20240208,14:42:16,4.05,200,111650
20240208,14:42:34,4.05,7100,111650
20240208,14:42:43,4.0,1350,111650
20240208,14:42:51,4.1,400,111650
20240208,14:42:59,3.95,550,111650
20240208,14:43:07,3.9,300,111650
20240208,14:43:16,3.9,350,111650
20240208,14:43:33,3.9,500,111650
20240208,14:43:50,4.0,600,111650
20240208,14:43:58,4.0,100,111650
20240208,14:44:06,3.85,200,111650
20240208,14:44:15,4.05,650,111650
20240208,14:44:39,4.1,700,116200
20240208,14:44:47,4.0,200,116200
20240208,14:44:55,3.95,200,116200
20240208,14:45:26,3.85,1950,116200
20240208,14:45:34,3.95,3650,116200
20240208,14:45:41,3.95,1150,116200
20240208,14:45:57,3.9,200,116200
20240208,14:46:04,3.95,1150,116200
20240208,14:46:19,3.95,250,116200
20240208,14:46:26,3.9,550,116200
20240208,14:46:35,3.95,300,116200
20240208,14:47:22,3.85,600,116200
20240208,14:47:29,3.8,1200,116200
20240208,14:47:37,3.9,200,116200
20240208,14:48:08,3.75,500,116350
20240208,14:48:15,3.85,50,116350
20240208,14:48:23,3.85,300,116350
20240208,14:48:30,3.75,200,116350
20240208,14:48:38,3.85,2000,116350
20240208,14:49:15,3.85,700,116350
20240208,14:49:31,3.85,100,116350
20240208,14:49:39,3.8,200,116350
20240208,14:49:55,3.9,50,116350
20240208,14:50:02,3.85,300,116350
20240208,14:50:11,3.9,150,116350
20240208,14:51:19,3.9,50,116450
20240208,14:51:27,3.9,50,116450
20240208,14:51:35,3.9,250,116450
20240208,14:51:42,3.85,100,116450
20240208,14:52:27,3.9,150,116450
20240208,14:52:35,3.9,50,116450
20240208,14:52:42,3.95,100,116450
20240208,14:53:04,4.0,500,116450
20240208,14:53:50,4.0,1050,116500
20240208,14:54:04,3.9,100,116500
20240208,14:54:20,4.05,1550,116500
20240208,14:54:50,4.1,50,116500
20240208,14:55:19,4.15,800,116500
20240208,14:55:34,4.15,50,116500
20240208,14:55:43,4.15,300,116500
20240208,14:55:52,4.2,300,116500
20240208,14:56:00,4.1,150,116500
20240208,14:56:09,4.2,200,116500
20240208,14:56:33,4.2,200,116500
20240208,14:56:50,4.2,200,117600
20240208,14:57:54,4.3,400,117600
20240208,14:58:18,4.4,1150,117600
20240208,14:58:26,4.4,1000,117600
20240208,14:58:34,4.35,1550,117600
20240208,14:58:44,4.35,1650,117600
20240208,14:58:54,4.3,500,117600
20240208,14:59:04,4.45,1100,117600
20240208,14:59:14,4.3,50,117600
20240208,14:59:22,4.4,450,117600
20240208,14:59:31,4.45,500,117600
20240208,14:59:40,4.35,150,117600
20240208,14:59:48,4.45,650,117350
20240208,14:59:57,4.45,150,117350
20240208,15:00:06,4.5,1450,117350
20240208,15:00:15,4.45,250,117350
20240208,15:00:24,4.25,650,117350
20240208,15:00:33,4.2,200,117350
20240208,15:00:41,4.15,100,117350
20240208,15:01:09,4.45,400,117350
20240208,15:01:18,4.35,50,117350
20240208,15:01:35,4.5,600,117350
20240208,15:01:44,4.4,100,117350
20240208,15:01:54,4.6,500,117350
20240208,15:02:05,4.7,2700,117350
20240208,15:02:14,4.75,150,117350
20240208,15:02:24,4.85,400,117350
20240208,15:02:43,4.85,50,117350
20240208,15:02:54,4.95,150,117400
20240208,15:03:03,4.95,300,117400
20240208,15:03:13,5.05,50,117400
20240208,15:03:23,4.85,1600,117400
20240208,15:03:32,4.8,1400,117400
20240208,15:03:42,5.0,1000,117400
20240208,15:03:51,4.95,1150,117400
20240208,15:04:01,4.95,700,117400
20240208,15:04:11,4.8,100,117400
20240208,15:04:20,4.75,150,117400
20240208,15:04:28,4.75,50,117400
20240208,15:04:37,4.7,50,117400
20240208,15:04:46,4.6,100,117400
20240208,15:04:55,4.55,50,117400
20240208,15:05:04,4.3,1000,117400
20240208,15:05:15,4.3,850,117400
20240208,15:05:33,4.35,100,117400
20240208,15:05:41,4.35,300,117550
20240208,15:05:50,4.2,600,117550
20240208,15:05:59,4.2,200,117550
20240208,15:06:26,4.2,200,117550
20240208,15:07:00,4.0,700,117550
20240208,15:07:27,4.05,300,117550
20240208,15:07:36,4.1,200,117550
20240208,15:07:55,4.1,50,117550
20240208,15:08:12,4.15,200,117550
20240208,15:08:38,4.15,100,117550
20240208,15:08:47,4.05,100,118100
20240208,15:09:04,3.9,1300,118100
20240208,15:09:12,3.85,300,118100
20240208,15:09:22,3.9,850,118100
20240208,15:09:41,4.0,900,118100
20240208,15:09:50,3.9,500,118100
20240208,15:10:24,4.15,500,118100
20240208,15:10:33,4.15,100,118100
20240208,15:10:42,4.2,100,118100
20240208,15:10:51,4.15,100,118100
20240208,15:10:59,4.25,50,118100
20240208,15:11:24,4.2,200,118100
20240208,15:11:42,4.15,100,118750
20240208,15:11:50,4.1,250,118750
20240208,15:12:06,4.05,2550,118750
20240208,15:12:15,4.0,500,118750
20240208,15:12:23,3.95,200,118750
20240208,15:12:39,3.95,450,118750
20240208,15:12:47,3.9,250,118750
20240208,15:12:55,3.95,50,118750
20240208,15:13:03,3.95,50,118750
20240208,15:13:11,4.0,50,118750
20240208,15:13:20,3.95,200,118750
20240208,15:13:43,4.0,250,118750
20240208,15:13:51,4.0,50,118750
20240208,15:14:00,3.95,150,118750
20240208,15:14:08,4.0,400,118750
20240208,15:14:16,4.05,100,118750
20240208,15:14:25,4.0,1300,118750
20240208,15:14:42,4.0,50,118750
20240208,15:15:08,4.0,300,119350
20240208,15:15:16,4.0,50,119350
20240208,15:15:25,4.15,50,119350
20240208,15:15:41,4.15,50,119350
20240208,15:15:50,4.1,100,119350
20240208,15:15:58,4.15,150,119350
20240208,15:16:06,4.2,750,119350
20240208,15:16:30,4.15,1000,119350
20240208,15:16:38,4.25,500,119350
20240208,15:16:46,4.2,150,119350
20240208,15:16:54,4.3,1050,119350
20240208,15:17:01,4.4,500,119350
20240208,15:17:24,4.4,450,119350
20240208,15:17:33,4.35,100,119350
20240208,15:17:41,4.45,2400,119350
20240208,15:17:49,4.45,650,121600
20240208,15:17:57,4.45,650,121600
20240208,15:18:05,4.4,100,121600
20240208,15:18:20,4.45,1000,121600
20240208,15:18:58,4.35,850,121600
20240208,15:19:29,4.3,1750,121600
20240208,15:19:37,4.3,900,121600
20240208,15:19:45,4.3,200,121600
20240208,15:19:54,4.25,600,121600
20240208,15:20:03,4.25,50,121600
20240208,15:20:44,4.25,50,121650
20240208,15:21:01,4.15,1100,121650
20240208,15:21:08,4.15,800,121650
20240208,15:21:16,4.0,1900,121650
20240208,15:21:24,3.95,50,121650
20240208,15:21:32,4.0,50,121650
20240208,15:21:48,3.9,6050,121650
20240208,15:22:21,3.95,250,121650
20240208,15:22:30,3.95,50,121650
20240208,15:22:38,3.9,2200,121650
20240208,15:22:47,3.9,250,121650
20240208,15:22:55,3.9,1850,121650
20240208,15:23:11,3.8,650,121650
20240208,15:23:19,3.9,50,121650
20240208,15:23:27,3.85,500,121650
20240208,15:23:42,3.85,200,121650
20240208,15:23:49,3.85,50,122000
20240208,15:24:03,3.85,350,122000
20240208,15:24:41,3.85,800,122000
20240208,15:24:56,3.75,100,122000
20240208,15:25:04,3.7,1350,122000
20240208,15:25:21,3.75,100,122000
20240208,15:25:29,3.75,100,122000
20240208,15:25:38,3.75,50,122000
20240208,15:25:45,3.65,400,122000
20240208,15:25:53,3.75,100,122000
20240208,15:26:01,3.75,500,122000
20240208,15:26:17,3.8,250,122000
20240208,15:26:59,3.85,200,121050
20240208,15:27:07,3.75,2850,121050
20240208,15:27:16,3.7,200,121050
20240208,15:27:25,3.75,2900,121050
20240208,15:27:34,3.85,3600,121050
20240208,15:27:44,3.8,750,121050
20240208,15:28:03,3.7,600,121050
20240208,15:28:12,3.7,2800,121050
20240208,15:28:21,3.65,300,121050
20240208,15:28:30,3.65,150,121050
20240208,15:28:39,3.8,2200,121050
20240208,15:28:48,3.8,600,121050
20240208,15:28:57,3.85,4850,121050
20240208,15:29:05,3.9,8200,121050
20240208,15:29:14,3.8,10350,121050
20240208,15:29:22,3.65,4750,121050
20240208,15:29:31,3.6,1950,121050
20240208,15:29:40,3.55,4450,131850
20240208,15:29:49,3.65,2400,131850
20240208,15:29:59,3.6,2250,131850
20240209,09:15:00,3.9,1,133200
20240209,09:15:00,3.9,50,133200
20240209,09:15:01,3.9,400,133200
20240209,09:15:02,3.1,400,133200
20240209,09:15:03,3.1,650,133200
20240209,09:15:04,4.05,300,133200
20240209,09:15:05,4.3,2000,133200
20240209,09:15:05,3.05,2000,133200
20240209,09:15:06,3.75,550,133200
20240209,09:15:07,3.8,1900,133200
20240209,09:15:08,4.05,50,133200
20240209,09:15:09,4.0,550,133200
20240209,09:15:10,4.05,650,133200
20240209,09:15:11,4.05,350,133200
20240209,09:15:12,3.95,1000,133200
20240209,09:15:13,4.0,850,133200
20240209,09:15:15,4.05,1050,133200
20240209,09:15:16,4.0,800,133200
20240209,09:15:17,4.1,50,133200
20240209,09:15:18,4.1,700,133200
20240209,09:15:19,4.1,550,133200
20240209,09:15:20,4.1,100,133200
20240209,09:15:21,4.05,850,133200
20240209,09:15:22,4.1,150,133200
20240209,09:15:25,4.1,300,133200
20240209,09:15:26,4.1,150,133200
20240209,09:15:27,4.15,200,133200
20240209,09:15:27,4.1,50,133200
20240209,09:15:29,4.15,350,133200
20240209,09:15:30,4.05,1000,133200
20240209,09:15:31,4.05,550,133200
20240209,09:15:32,4.1,250,133200
20240209,09:15:34,3.9,650,133200
20240209,09:15:34,3.85,100,133200
20240209,09:15:36,3.85,150,133200
20240209,09:15:37,3.8,650,133200
20240209,09:15:38,3.7,750,133200
20240209,09:15:39,3.75,400,133200
20240209,09:15:40,3.75,700,133200
20240209,09:15:41,3.7,250,133200
20240209,09:15:42,3.75,1050,133200
20240209,09:15:43,3.8,2250,133200
20240209,09:15:44,3.8,400,133200
20240209,09:15:45,3.85,200,133200
20240209,09:15:46,3.85,150,133200
20240209,09:15:48,3.85,3600,133200
20240209,09:15:49,3.85,100,133200
20240209,09:15:50,3.85,750,133200
20240209,09:15:52,3.8,250,133200
20240209,09:15:54,3.85,150,133200
20240209,09:15:55,3.8,400,133200
20240209,09:15:56,3.8,300,133200
20240209,09:15:57,3.8,300,133200
20240209,09:15:58,3.8,1400,133200
20240209,09:15:59,3.8,550,133200
20240209,09:16:00,3.8,1100,133200
20240209,09:16:01,3.8,50,133200
20240209,09:16:02,3.7,2250,133200
20240209,09:16:03,3.7,950,133200
20240209,09:16:04,3.65,2300,133200
20240209,09:16:05,3.75,50,133200
20240209,09:16:06,3.7,500,133200
20240209,09:16:07,3.75,1850,133200
20240209,09:16:09,3.7,1200,133200
20240209,09:16:10,3.65,500,133200
20240209,09:16:11,3.7,1050,133200
20240209,09:16:12,3.7,250,133200
20240209,09:16:17,3.75,1150,144400
20240209,09:16:18,3.7,350,144400
20240209,09:16:21,3.7,150,144400
20240209,09:16:22,3.7,1100,144400
20240209,09:16:24,3.75,50,144400
20240209,09:16:25,3.65,1350,144400
20240209,09:16:26,3.65,300,144400
20240209,09:16:27,3.6,500,144400
20240209,09:16:29,3.6,1850,144400
20240209,09:16:30,3.6,1800,144400
20240209,09:16:31,3.6,400,144400
20240209,09:16:32,3.6,50,144400
20240209,09:16:33,3.55,4000,144400
20240209,09:16:34,3.55,1850,144400
20240209,09:16:35,3.55,1800,144400
20240209,09:16:36,3.55,2300,144400
20240209,09:16:37,3.55,4950,144400
20240209,09:16:40,3.6,100,144400
20240209,09:16:42,3.6,1150,144400
20240209,09:16:43,3.6,50,144400
20240209,09:16:46,3.6,50,144400
20240209,09:16:47,3.55,300,144400
20240209,09:16:52,3.55,50,144400
20240209,09:16:53,3.5,200,144400
20240209,09:16:54,3.55,1050,144400
20240209,09:16:55,3.5,50,144400
20240209,09:16:56,3.55,50,144400
20240209,09:17:00,3.55,50,144400
20240209,09:17:01,3.65,9000,144400
20240209,09:17:04,3.7,2650,144400
20240209,09:17:05,3.75,4400,144400
20240209,09:17:06,3.75,800,144400
20240209,09:17:07,3.8,400,144400
20240209,09:17:09,3.8,800,144400
20240209,09:17:11,3.85,50,144400
20240209,09:17:14,3.85,50,144400
20240209,09:17:15,3.85,100,144400
20240209,09:17:17,3.85,1000,144400
20240209,09:17:18,3.8,50,144400
20240209,09:17:19,3.85,1800,144400
20240209,09:17:21,3.85,50,144400
20240209,09:17:22,3.85,250,144400
20240209,09:17:23,3.85,300,144400
20240209,09:17:24,3.85,400,144400
20240209,09:17:26,3.9,200,144400
20240209,09:17:27,3.9,3050,144400
20240209,09:17:28,3.95,1600,144400
20240209,09:17:29,3.95,300,144400
20240209,09:17:31,4.0,1350,144400
20240209,09:17:32,4.05,200,144400
20240209,09:17:33,4.05,300,144400
20240209,09:17:34,4.05,350,144400
20240209,09:17:35,4.1,50,144400
20240209,09:17:36,4.1,350,144400
20240209,09:17:37,4.15,600,144400
20240209,09:17:39,4.2,50,144400
20240209,09:17:40,4.2,1850,144400
20240209,09:17:41,4.2,650,144400
20240209,09:17:42,4.2,1100,144400
20240209,09:17:43,4.2,950,144400
20240209,09:17:44,4.2,1000,144400
20240209,09:17:45,4.2,850,144400
20240209,09:17:46,4.15,3300,144400
20240209,09:17:47,4.2,600,144400
20240209,09:17:48,4.15,400,144400
20240209,09:17:49,4.2,200,144400
20240209,09:17:50,4.2,2150,144400
20240209,09:17:51,4.3,50,144400
20240209,09:17:52,4.3,950,144400
20240209,09:17:53,4.35,1000,144400
20240209,09:17:54,4.35,450,144400
20240209,09:17:55,4.4,5350,144400
20240209,09:17:56,4.45,2300,144400
20240209,09:17:57,4.45,400,144400
20240209,09:17:58,4.45,300,144400
20240209,09:17:59,4.45,100,144400
20240209,09:18:01,4.5,200,144400
20240209,09:18:02,4.5,150,144400
20240209,09:18:03,4.4,750,144400
20240209,09:18:04,4.4,550,144400
20240209,09:18:05,4.4,650,144400
20240209,09:18:06,4.4,350,144400
20240209,09:18:08,4.35,2550,144400
20240209,09:18:09,4.3,50,144400
20240209,09:18:10,4.3,100,144400
20240209,09:18:11,4.3,2050,144400
20240209,09:18:12,4.25,300,144400
20240209,09:18:14,4.25,4700,144400
20240209,09:18:16,4.25,50,144400
20240209,09:18:17,4.25,950,144400
20240209,09:18:18,4.2,100,144400
20240209,09:18:19,4.2,350,144400
20240209,09:18:21,4.2,2450,144400
20240209,09:18:21,4.25,50,144400
20240209,09:18:22,4.15,150,144400
20240209,09:18:23,4.25,100,144400
20240209,09:18:24,4.2,200,144400
20240209,09:18:26,4.25,50,144400
20240209,09:18:28,4.2,250,144400
20240209,09:18:29,4.2,100,144400
20240209,09:18:30,4.2,200,144400
20240209,09:18:32,4.25,150,144400
20240209,09:18:33,4.2,50,144400
20240209,09:18:35,4.15,350,144400
20240209,09:18:36,4.15,200,144400
20240209,09:18:39,4.1,500,144400
20240209,09:18:43,4.15,350,144400
20240209,09:18:44,4.1,400,144400
20240209,09:18:47,4.1,500,144400
20240209,09:18:49,4.05,100,144400
20240209,09:18:52,4.1,4650,144400
20240209,09:18:53,4.05,100,144400
20240209,09:18:54,4.05,50,144400
20240209,09:18:55,4.05,50,144400
20240209,09:18:57,4.0,50,144400
20240209,09:18:59,4.05,450,144400
20240209,09:19:00,4.05,50,144400
20240209,09:19:01,4.05,350,144400
20240209,09:19:04,4.0,1850,144400
20240209,09:19:06,3.95,1500,144400
20240209,09:19:07,3.95,50,144400
20240209,09:19:08,3.95,100,144400
20240209,09:19:09,3.9,150,144400
20240209,09:19:10,3.9,700,144400
20240209,09:19:12,3.9,450,144400
20240209,09:19:13,3.9,100,144400
20240209,09:19:13,3.9,50,144400
20240209,09:19:16,3.85,300,144400
20240209,09:19:17,3.75,8750,172450
20240209,09:19:18,3.8,1300,172450
20240209,09:19:20,3.85,50,172450
20240209,09:19:21,3.8,1800,172450
20240209,09:19:22,3.8,900,172450
20240209,09:19:24,3.85,200,172450
20240209,09:19:26,3.85,500,172450
20240209,09:19:27,3.8,450,172450
20240209,09:19:29,3.8,50,172450
20240209,09:19:33,3.75,50,172450
20240209,09:19:34,3.8,50,172450
20240209,09:19:38,3.75,50,172450
20240209,09:19:39,3.7,50,172450
20240209,09:19:40,3.75,1150,172450
20240209,09:19:42,3.8,100,172450
20240209,09:19:51,3.8,50,172450
20240209,09:19:56,3.75,2150,172450
20240209,09:19:57,3.75,300,172450
20240209,09:19:58,3.75,1600,172450
20240209,09:19:59,3.75,450,172450
20240209,09:20:00,3.75,700,172450
20240209,09:20:02,3.75,1000,172450
20240209,09:20:02,3.75,150,172450
20240209,09:20:03,3.8,100,172450
20240209,09:20:06,3.7,300,172450
20240209,09:20:07,3.7,1650,172450
20240209,09:20:09,3.75,50,172450
20240209,09:20:12,3.75,50,172450
20240209,09:20:14,3.75,2750,172450
20240209,09:20:15,3.8,1750,172450
20240209,09:20:17,3.75,100,172450
20240209,09:20:21,3.75,300,172450
20240209,09:20:23,3.8,2650,172450
20240209,09:20:24,3.8,50,172450
20240209,09:20:32,3.8,50,172450
20240209,09:20:32,3.85,750,172450
20240209,09:20:33,3.85,300,172450
20240209,09:20:34,3.85,50,172450
20240209,09:20:35,3.8,250,172450
20240209,09:20:37,3.85,1850,172450
20240209,09:20:38,3.85,150,172450
20240209,09:20:41,3.9,200,172450
20240209,09:20:42,3.9,50,172450
20240209,09:20:46,3.85,150,172450
20240209,09:20:49,3.9,50,172450
20240209,09:20:51,3.9,100,172450
20240209,09:20:52,3.9,50,172450
20240209,09:20:54,3.9,50,172450
20240209,09:20:55,3.85,1050,172450
20240209,09:20:56,3.9,50,172450
20240209,09:20:59,3.9,50,172450
20240209,09:21:00,3.8,14850,172450
20240209,09:21:01,3.9,15800,172450
20240209,09:21:02,3.85,1550,172450
20240209,09:21:03,3.85,2850,172450
20240209,09:21:04,3.9,900,172450
20240209,09:21:05,3.9,200,172450
20240209,09:21:06,3.9,3200,172450
20240209,09:21:08,3.9,2950,172450
20240209,09:21:09,3.9,100,172450
20240209,09:21:10,3.85,50,172450
20240209,09:21:12,3.8,1800,172450
20240209,09:21:13,3.8,50,172450
20240209,09:21:14,3.85,250,172450
20240209,09:21:15,3.85,500,172450
20240209,09:21:16,3.85,550,172450
20240209,09:21:17,3.8,400,172450
20240209,09:21:19,3.8,2000,172450
20240209,09:21:21,3.75,500,172450
20240209,09:21:22,3.75,1150,172450
20240209,09:21:24,3.8,50,172450
20240209,09:21:26,3.8,50,172450
20240209,09:21:29,3.85,100,172450
20240209,09:21:32,3.8,100,172450
20240209,09:21:33,3.8,3300,172450
20240209,09:21:36,3.75,1200,172450
20240209,09:21:40,3.75,1350,172450
20240209,09:21:41,3.7,1800,172450
20240209,09:21:43,3.7,4050,172450
20240209,09:21:44,3.75,1500,172450
20240209,09:21:46,3.7,900,172450
20240209,09:21:48,3.7,3450,172450
20240209,09:21:49,3.7,1400,172450
20240209,09:21:50,3.7,1800,172450
20240209,09:21:51,3.7,450,172450
20240209,09:21:52,3.7,600,172450
20240209,09:21:53,3.7,100,172450
20240209,09:21:56,3.65,50,172450
20240209,09:21:57,3.65,500,172450
20240209,09:21:58,3.65,500,172450
20240209,09:21:59,3.65,550,172450
20240209,09:22:00,3.7,1400,172450
20240209,09:22:01,3.7,1350,172450
20240209,09:22:03,3.7,100,172450
20240209,09:22:05,3.7,1000,172450
20240209,09:22:06,3.7,500,172450
20240209,09:22:09,3.7,1950,172450
20240209,09:22:10,3.7,3350,172450
20240209,09:22:11,3.75,1950,172450
20240209,09:22:12,3.7,750,172450
20240209,09:22:14,3.65,100,172450
20240209,09:22:16,3.6,100,172450
20240209,09:22:18,3.7,50,172450
20240209,09:22:19,3.65,150,190350
20240209,09:22:23,3.7,50,190350
20240209,09:22:25,3.65,900,190350
20240209,09:22:26,3.65,1850,190350
20240209,09:22:27,3.6,2800,190350
20240209,09:22:32,3.6,50,190350
20240209,09:22:33,3.6,50,190350
20240209,09:22:35,3.6,350,190350
20240209,09:22:36,3.55,1150,190350
20240209,09:22:37,3.6,50,190350
20240209,09:22:41,3.6,450,190350
20240209,09:22:44,3.55,700,190350
20240209,09:22:52,3.5,150,190350
20240209,09:22:53,3.5,50,190350
20240209,09:22:53,3.5,350,190350
20240209,09:22:54,3.5,50,190350
20240209,09:22:56,3.5,50,190350
20240209,09:22:58,3.55,450,190350
20240209,09:22:59,3.55,300,190350
20240209,09:23:00,3.55,500,190350
20240209,09:23:01,3.55,300,190350
20240209,09:23:02,3.55,50,190350
20240209,09:23:04,3.55,2300,190350
20240209,09:23:09,3.5,1250,190350
20240209,09:23:14,3.45,450,190350
20240209,09:23:21,3.5,50,190350
20240209,09:23:21,3.45,250,190350
20240209,09:23:24,3.45,50,190350
20240209,09:23:25,3.4,50,190350
20240209,09:23:26,3.4,50,190350
20240209,09:23:27,3.4,50,190350
20240209,09:23:30,3.4,2100,190350
20240209,09:23:31,3.35,500,190350
20240209,09:23:33,3.4,350,190350
20240209,09:23:34,3.4,400,190350
20240209,09:23:35,3.4,300,190350
20240209,09:23:35,3.35,50,190350
20240209,09:23:39,3.3,550,190350
20240209,09:23:40,3.35,150,190350
20240209,09:23:40,3.3,800,190350
20240209,09:23:41,3.35,1800,190350
20240209,09:23:42,3.3,50,190350
20240209,09:23:45,3.35,10000,190350
20240209,09:23:47,3.35,100,190350
20240209,09:23:49,3.35,50,190350
20240209,09:23:50,3.35,50,190350
20240209,09:23:52,3.4,400,190350
20240209,09:23:54,3.35,50,190350
20240209,09:23:56,3.35,50,190350
20240209,09:23:58,3.4,50,190350
20240209,09:24:03,3.35,50,190350
20240209,09:24:04,3.4,6350,190350
20240209,09:24:05,3.4,3650,190350
20240209,09:24:05,3.4,50,190350
20240209,09:24:06,3.4,50,190350
20240209,09:24:08,3.4,250,190350
20240209,09:24:09,3.4,300,190350
20240209,09:24:11,3.4,550,190350
20240209,09:24:15,3.4,800,190350
20240209,09:24:17,3.4,700,190350
20240209,09:24:21,3.35,100,190350
20240209,09:24:22,3.35,300,190350
20240209,09:24:25,3.35,700,190350
20240209,09:24:28,3.4,50,190350
20240209,09:24:29,3.35,100,190350
20240209,09:24:30,3.35,50,190350
20240209,09:24:31,3.35,100,190350
20240209,09:24:34,3.4,50,190350
20240209,09:24:37,3.4,50,190350
20240209,09:24:39,3.35,1750,190350
20240209,09:24:39,3.3,300,190350
20240209,09:24:40,3.3,400,190350
20240209,09:24:42,3.35,1950,190350
20240209,09:24:43,3.3,3450,190350
20240209,09:24:44,3.35,350,190350
20240209,09:24:45,3.35,100,190350
20240209,09:24:47,3.35,50,190350
20240209,09:24:50,3.35,50,190350
20240209,09:24:52,3.35,50,190350
20240209,09:24:55,3.35,50,190350
20240209,09:25:00,3.35,50,190350
20240209,09:25:01,3.3,1200,190350
20240209,09:25:02,3.3,150,190350
20240209,09:25:02,3.3,100,190350
20240209,09:25:03,3.3,300,190350
20240209,09:25:04,3.3,150,190350
20240209,09:25:05,3.3,50,190350
20240209,09:25:07,3.3,750,190350
20240209,09:25:08,3.3,1050,190350
20240209,09:25:09,3.3,50,190350
20240209,09:25:10,3.3,100,190350
20240209,09:25:11,3.3,250,190350
20240209,09:25:12,3.3,350,190350
20240209,09:25:13,3.3,200,190350
20240209,09:25:14,3.3,400,190350
20240209,09:25:19,3.25,50,213350
20240209,09:25:22,3.25,1050,213350
20240209,09:25:23,3.25,1600,213350
20240209,09:25:24,3.25,550,213350
20240209,09:25:25,3.25,1300,213350
20240209,09:25:27,3.25,1700,213350
20240209,09:25:28,3.3,1150,213350
20240209,09:25:30,3.25,100,213350
20240209,09:25:31,3.25,400,213350
20240209,09:25:32,3.25,650,213350
20240209,09:25:33,3.25,650,213350
20240209,09:25:34,3.25,950,213350
20240209,09:25:35,3.25,3800,213350
20240209,09:25:36,3.25,250,213350
20240209,09:25:38,3.25,250,213350
20240209,09:25:39,3.25,350,213350
20240209,09:25:40,3.25,500,213350
20240209,09:25:41,3.25,2950,213350
20240209,09:25:44,3.2,250,213350
20240209,09:25:45,3.25,250,213350
20240209,09:25:46,3.25,500,213350
20240209,09:25:52,3.2,150,213350
20240209,09:25:53,3.25,50,213350
20240209,09:25:54,3.25,250,213350
20240209,09:25:58,3.25,1050,213350
20240209,09:26:04,3.2,1300,213350
20240209,09:26:05,3.25,2000,213350
20240209,09:26:08,3.25,600,213350
20240209,09:26:09,3.2,1350,213350
20240209,09:26:10,3.25,100,213350
20240209,09:26:12,3.2,400,213350
20240209,09:26:15,3.2,50,213350
20240209,09:26:16,3.2,50,213350
20240209,09:26:19,3.2,50,213350
20240209,09:26:25,3.2,500,213350
20240209,09:26:31,3.25,300,213350
20240209,09:26:36,3.2,150,213350
20240209,09:26:41,3.25,250,213350
20240209,09:26:43,3.25,250,213350
20240209,09:26:44,3.2,400,213350
20240209,09:26:45,3.3,50,213350
20240209,09:26:47,3.25,50,213350
20240209,09:27:00,3.25,2700,213350
20240209,09:27:01,3.25,150,213350
20240209,09:27:06,3.3,100,213350
20240209,09:27:14,3.3,250,213350
20240209,09:27:16,3.3,100,213350
20240209,09:27:18,3.3,50,213350
20240209,09:27:29,3.35,100,213350
20240209,09:27:35,3.35,550,213350
20240209,09:27:36,3.3,200,213350
20240209,09:27:37,3.35,50,213350
20240209,09:27:40,3.35,50,213350
20240209,09:27:42,3.35,400,213350
20240209,09:27:45,3.3,150,213350
20240209,09:27:49,3.35,800,213350
20240209,09:27:52,3.25,50,213350
20240209,09:27:56,3.3,100,213350
20240209,09:27:59,3.3,350,213350
20240209,09:28:00,3.25,100,213350
20240209,09:28:06,3.3,550,213350
20240209,09:28:08,3.3,100,213350
20240209,09:28:14,3.3,1000,213350
20240209,09:28:15,3.3,200,213350
20240209,09:28:16,3.3,50,213350
20240209,09:28:17,3.25,100,213350
20240209,09:28:30,3.3,1000,223250
20240209,09:28:31,3.25,250,223250
20240209,09:28:32,3.2,500,223250
20240209,09:28:36,3.25,100,223250
20240209,09:28:38,3.25,50,223250
20240209,09:28:43,3.2,150,223250
20240209,09:28:44,3.25,500,223250
20240209,09:28:49,3.25,800,223250
20240209,09:28:59,3.25,100,223250
20240209,09:29:00,3.25,450,223250
20240209,09:29:08,3.2,100,223250
20240209,09:29:26,3.25,200,223250
20240209,09:29:31,3.2,500,223250
20240209,09:29:32,3.2,150,223250
20240209,09:29:34,3.25,1800,223250
20240209,09:29:37,3.2,350,223250
20240209,09:29:38,3.2,200,223250
20240209,09:29:44,3.15,300,223250
20240209,09:29:45,3.15,1800,223250
20240209,09:29:46,3.15,500,223250
20240209,09:29:49,3.15,1800,223250
20240209,09:29:52,3.15,1800,223250
20240209,09:29:56,3.15,1200,223250
20240209,09:29:58,3.15,1800,223250
20240209,09:30:01,3.2,150,223250
20240209,09:30:02,3.15,350,223250
20240209,09:30:06,3.1,50,223250
20240209,09:30:06,3.1,1800,223250
20240209,09:30:08,3.15,200,223250
20240209,09:30:10,3.1,1800,223250
20240209,09:30:11,3.1,350,223250
20240209,09:30:12,3.15,100,223250
20240209,09:30:14,3.1,100,223250
20240209,09:30:15,3.1,1800,223250
20240209,09:30:16,3.1,900,223250
20240209,09:30:17,3.1,50,223250
20240209,09:30:19,3.1,950,223250
20240209,09:30:20,3.1,850,223250
20240209,09:30:24,3.05,2050,223250
20240209,09:30:25,3.1,50,223250
20240209,09:30:26,3.15,3000,223250
20240209,09:30:30,3.1,1650,223250
20240209,09:30:37,3.15,450,223250
20240209,09:30:46,3.15,250,223250
20240209,09:30:49,3.1,750,223250
20240209,09:30:50,3.1,1800,223250
20240209,09:30:54,3.1,50,223250
20240209,09:30:56,3.15,50,223250
20240209,09:31:00,3.1,600,223250
20240209,09:31:02,3.15,2150,223250
20240209,09:31:07,3.15,100,223250
20240209,09:31:08,3.15,150,223250
20240209,09:31:13,3.1,600,223250
20240209,09:31:15,3.05,1800,223250
20240209,09:31:15,3.05,250,223250
20240209,09:31:16,3.05,300,223250
20240209,09:31:21,3.0,500,234500
20240209,09:31:23,3.0,1000,234500
20240209,09:31:24,3.0,550,234500
20240209,09:31:26,3.0,50,234500
20240209,09:31:30,3.05,50,234500
20240209,09:31:37,3.05,2000,234500
20240209,09:31:38,3.05,1000,234500
20240209,09:31:43,2.95,950,234500
20240209,09:31:43,2.95,200,234500
20240209,09:31:44,3.0,50,234500
20240209,09:31:46,3.0,350,234500
20240209,09:31:49,2.95,250,234500
20240209,09:31:51,2.95,1150,234500
20240209,09:31:52,2.95,50,234500
20240209,09:32:01,3.0,50,234500
20240209,09:32:05,2.95,450,234500
20240209,09:32:06,2.95,1100,234500
20240209,09:32:06,3.0,50,234500
20240209,09:32:08,3.0,100,234500
20240209,09:32:08,3.0,1100,234500
20240209,09:32:09,3.0,650,234500
20240209,09:32:10,2.95,350,234500
20240209,09:32:16,2.95,500,234500
20240209,09:32:20,2.95,150,234500
20240209,09:32:23,3.0,250,234500
20240209,09:32:24,3.0,250,234500
20240209,09:32:25,3.0,300,234500
20240209,09:32:27,3.0,150,234500
20240209,09:32:29,3.0,150,234500
20240209,09:32:29,3.0,50,234500
20240209,09:32:30,3.0,150,234500
20240209,09:32:32,3.0,1800,234500
20240209,09:32:34,3.0,550,234500
20240209,09:32:36,3.0,50,234500
20240209,09:32:37,3.0,550,234500
