date,time,tick_price,volume,open_interest
20231228,10:03:22,371.65,600,1050
20231228,10:03:46,372.35,400,1050
20231228,10:06:02,379.55,50,1050
20231228,10:07:01,393.2,250,1050
20231228,10:08:14,393.2,450,1050
20231228,10:11:24,385.0,300,1750
20231228,10:23:33,398.25,50,2050
20231228,11:05:34,398.45,50,2100
20231228,11:06:46,398.45,50,2150
20231228,11:08:31,366.25,50,2150
20231228,11:15:05,358.45,350,2250
20231228,11:16:04,355.45,800,2500
20231228,11:16:32,355.35,400,2500
20231228,11:18:44,355.35,400,3700
20231228,11:43:37,354.2,50,4100
20231228,11:43:55,349.5,400,4100
20231228,11:46:21,347.7,400,4550
20231228,11:54:55,345.55,100,4550
20231228,11:57:02,345.55,100,4550
20231228,11:59:25,344.0,100,4550
20231228,12:00:06,344.0,50,4550
20231228,12:09:09,339.9,400,4650
20231228,12:09:35,339.9,450,4650
20231228,12:11:21,340.35,100,4650
20231228,12:16:29,341.05,100,5100
20231228,12:20:26,339.0,100,5100
20231228,12:20:43,339.0,400,5100
20231228,12:27:46,330.3,100,5500
20231228,12:28:00,326.45,100,5500
20231228,12:28:03,324.55,400,5500
20231228,12:28:08,324.2,100,5500
20231228,12:28:09,324.2,50,5500
20231228,12:30:19,326.5,100,5500
20231228,12:30:28,326.7,100,5500
20231228,12:31:39,328.0,50,6250
20231228,12:32:06,325.25,50,6250
20231228,12:35:58,329.65,50,6300
20231228,12:45:48,325.9,200,6350
20231228,12:50:04,325.25,100,6450
20231228,12:50:42,331.55,400,6450
20231228,12:51:21,334.9,100,6450
20231228,12:51:48,332.75,100,6550
20231228,12:51:57,331.95,100,6550
20231228,12:56:45,329.75,50,6650
20231228,12:57:36,329.4,500,6650
20231228,12:57:45,329.05,50,6650
20231228,12:58:11,329.4,100,6650
20231228,12:58:19,330.0,100,6650
20231228,12:58:37,329.2,200,6650
20231228,13:00:41,333.15,200,6850
20231228,13:00:50,333.35,50,6850
20231228,13:00:58,333.4,400,6850
20231228,13:02:16,329.45,100,6850
20231228,13:05:03,331.6,100,7400
20231228,13:06:58,330.85,450,7500
20231228,13:08:24,329.45,550,7500
20231228,13:08:50,328.25,50,7500
20231228,13:08:58,327.8,100,7500
20231228,13:09:06,327.75,400,7500
20231228,13:39:11,334.1,100,9050
20231228,13:40:07,334.2,100,9050
20231228,13:40:32,332.65,50,9050
20231228,13:40:56,332.35,400,9050
20231228,14:06:38,331.45,100,9450
20231228,14:08:16,326.85,100,9450
20231228,14:08:40,325.45,400,9450
20231228,14:09:07,326.65,400,9450
20231228,14:19:09,342.0,100,9550
20231228,14:27:41,331.35,50,9450
20231228,14:33:17,332.2,50,9500
20231228,14:35:31,332.6,50,9450
20231228,14:39:35,335.35,400,9450
20231228,14:40:08,336.85,200,9450
20231228,14:40:26,336.05,50,9450
20231228,14:40:35,337.5,100,9450
20231228,14:41:17,339.15,50,9450
20231228,14:42:24,335.15,50,9450
20231228,14:47:26,337.2,100,9900
20231228,14:49:14,343.4,50,9900
20231228,14:49:39,336.1,50,9850
20231228,14:49:48,339.85,600,9850
20231228,14:54:04,341.5,50,9850
20231228,14:57:45,325.0,50,9850
20231228,15:09:25,315.85,50,9900
20231228,15:11:21,315.85,400,9900
20231228,15:11:27,321.85,400,9900
20231228,15:11:34,321.65,400,9900
20231228,15:12:07,321.95,350,9900
20231228,15:13:35,324.95,850,9200
20231228,15:14:10,324.45,50,9200
20231228,15:16:13,318.45,400,9150
20231228,15:16:52,316.85,450,9150
20231228,15:17:13,317.95,150,9150
20231228,15:17:32,319.95,50,9150
20231228,15:19:06,319.95,100,8800
20231228,15:20:16,321.35,950,8800
20231228,15:21:03,321.35,150,8800
20231228,15:21:43,321.35,200,8800
20231228,15:25:34,330.75,50,8750
20231229,09:15:12,359.95,1,8750
20231229,09:15:12,360.5,1850,8750
20231229,09:15:39,367.1,100,8750
20231229,09:15:46,367.1,100,8750
20231229,09:15:50,362.5,800,8750
20231229,09:15:53,367.5,250,8750
20231229,09:15:57,368.55,100,8750
20231229,09:17:08,373.65,500,8750
20231229,09:17:41,374.4,100,9700
20231229,09:17:57,376.1,150,9700
20231229,09:17:58,376.15,100,9700
20231229,09:18:00,376.15,350,9700
20231229,09:18:03,376.45,250,9700
20231229,09:18:05,376.45,300,9700
20231229,09:18:28,376.0,150,9700
20231229,09:18:58,376.15,50,9700
20231229,09:20:20,372.0,50,8700
20231229,09:20:28,367.45,50,8700
20231229,09:21:13,368.2,50,8700
20231229,09:21:21,367.9,50,8700
20231229,09:21:39,368.9,300,8700
20231229,09:22:01,369.95,100,8700
20231229,09:23:54,357.8,100,8900
20231229,09:26:05,356.9,900,8900
20231229,09:26:18,356.9,50,8000
20231229,09:27:21,357.6,150,8000
20231229,09:28:02,356.2,300,8000
20231229,09:28:52,354.9,400,8000
20231229,09:29:02,354.9,50,8000
20231229,09:29:31,353.7,50,7200
20231229,09:30:19,353.25,100,7200
20231229,09:33:32,341.15,150,7050
20231229,09:33:36,340.4,350,7050
20231229,09:33:40,342.25,100,7050
20231229,09:33:49,340.0,100,7050
20231229,09:41:39,340.0,250,7300
20231229,09:42:37,355.7,50,7300
20231229,09:43:48,355.85,100,7300
20231229,09:49:04,356.35,150,7350
20231229,09:53:17,358.9,250,7200
20231229,09:53:55,356.45,50,7200
20231229,09:55:41,361.0,50,7200
20231229,09:55:43,358.8,50,7200
20231229,09:55:58,361.0,50,7200
20231229,10:00:11,367.95,50,7200
20231229,10:00:13,367.9,200,7250
20231229,10:00:43,364.55,50,7250
20231229,10:01:18,363.6,100,7250
20231229,10:01:23,363.7,100,7250
20231229,10:01:28,364.0,100,7250
20231229,10:03:24,356.4,100,7000
20231229,10:03:54,354.3,50,7000
20231229,10:03:55,354.05,50,7000
20231229,10:04:25,355.9,100,7000
20231229,10:07:52,374.7,300,7000
20231229,10:07:55,376.4,150,7000
20231229,10:08:00,379.35,100,7000
20231229,10:08:25,380.3,50,6800
20231229,10:08:30,381.25,50,6800
20231229,10:08:35,382.05,50,6800
20231229,10:09:30,382.05,500,6800
20231229,10:10:27,389.15,100,6800
20231229,10:11:39,389.15,100,6550
20231229,10:12:33,388.25,100,6550
20231229,10:14:36,397.6,200,6500
20231229,10:14:38,397.8,50,6500
20231229,10:14:39,398.05,200,6500
20231229,10:14:43,398.5,50,6500
20231229,10:14:46,400.1,100,6500
20231229,10:14:51,402.4,100,6500
20231229,10:15:04,405.85,200,6500
20231229,10:16:44,405.85,50,6500
20231229,10:18:07,388.8,200,6500
20231229,10:20:25,386.45,200,6100
20231229,10:20:33,390.2,150,6100
20231229,10:21:31,382.3,250,6100
20231229,10:22:08,374.35,150,6100
20231229,10:22:19,375.05,50,6100
20231229,10:22:21,375.45,500,6100
20231229,10:25:06,367.7,400,6150
20231229,10:25:11,370.0,50,6150
20231229,10:32:29,355.0,100,6100
20231229,10:35:13,356.25,50,6100
20231229,10:47:50,350.3,50,6200
20231229,11:21:23,347.55,50,6200
20231229,11:27:14,347.0,50,6250
20231229,11:28:50,341.6,200,6250
20231229,11:34:29,342.2,200,6350
20231229,11:34:43,337.35,50,6350
20231229,11:34:44,335.75,100,6350
20231229,11:34:49,335.75,50,6350
20231229,11:34:51,336.55,100,6350
20231229,11:35:54,332.85,100,6450
20231229,11:35:55,332.85,200,6450
20231229,11:36:44,335.15,750,6450
20231229,11:38:29,337.1,50,6600
20231229,11:40:05,342.15,100,6600
20231229,11:40:27,344.8,100,6600
20231229,11:40:28,343.75,150,6600
20231229,11:40:38,342.95,100,6600
20231229,11:41:25,341.5,50,6600
20231229,11:41:47,341.7,50,6800
20231229,11:59:38,340.0,150,6850
20231229,12:23:34,326.2,100,6700
20231229,12:23:36,326.2,200,6700
20231229,12:23:47,325.65,100,6700
20231229,12:23:51,323.85,250,6700
20231229,12:23:55,323.85,100,6700
20231229,12:23:56,324.6,100,6700
20231229,12:23:58,325.1,700,6700
20231229,12:24:10,324.4,100,6700
20231229,12:25:04,325.2,200,6700
20231229,12:25:24,326.0,250,6700
20231229,12:26:20,327.85,50,6700
20231229,12:26:34,328.1,150,8550
20231229,12:30:14,339.9,50,8700
20231229,12:42:16,356.8,100,8700
20231229,12:46:43,353.4,100,8700
20231229,12:47:31,353.25,50,8700
20231229,12:47:39,354.15,50,8750
20231229,13:04:02,352.2,600,8800
20231229,13:04:05,347.6,300,8800
20231229,13:04:07,346.65,50,8800
20231229,13:17:40,335.35,100,8250
20231229,13:34:38,352.15,50,8200
20231229,13:34:52,351.85,50,8200
20231229,14:04:25,337.25,50,8300
20231229,14:04:53,336.45,50,8300
20231229,14:16:05,369.0,50,8350
20231229,14:16:07,369.0,850,8350
20231229,14:21:10,364.5,50,8150
20231229,14:34:44,357.6,50,8150
20231229,14:36:52,347.6,200,8200
20231229,14:44:47,354.15,700,8200
20231229,14:51:51,340.45,50,8850
20231229,14:51:54,338.85,50,8850
20231229,14:52:09,338.05,50,8850
20231229,14:52:42,332.55,50,8850
20231229,14:52:46,333.85,50,8850
20231229,14:52:47,333.4,50,8850
20231229,14:54:21,343.75,50,9000
20231229,14:55:09,341.5,50,9000
20231229,14:56:35,339.35,50,9000
20231229,14:56:51,336.95,50,9000
20231229,14:57:18,337.05,50,9150
20231229,14:57:21,336.65,100,9150
20231229,14:57:43,335.25,50,9150
20231229,15:01:42,318.1,50,9350
20231229,15:02:03,318.1,300,9350
20231229,15:02:07,318.35,150,9350
20231229,15:02:22,325.35,50,9350
20231229,15:02:23,328.8,200,9350
20231229,15:02:27,328.45,600,9350
20231229,15:02:35,325.1,300,9350
20231229,15:02:42,326.75,50,9350
20231229,15:03:24,325.6,50,10000
20231229,15:03:40,327.0,50,10000
20231229,15:04:00,327.0,200,10000
20231229,15:05:17,325.7,50,10000
20231229,15:08:59,337.0,50,9800
20231229,15:09:59,337.85,50,9800
20231229,15:10:00,336.95,250,9800
20231229,15:15:14,341.2,100,10050
20231229,15:15:17,341.0,50,10050
20231229,15:15:34,340.75,50,10050
20231229,15:19:05,346.2,50,10000
20231229,15:19:28,348.7,50,10000
20231229,15:20:03,348.0,50,10000
20231229,15:20:05,347.85,100,10000
20231229,15:20:10,348.4,50,10000
20231229,15:21:03,352.0,50,10200
20231229,15:22:48,345.3,50,10200
20231229,15:24:02,351.15,50,10050
20231229,15:24:10,352.0,50,10050
20231229,15:25:03,353.9,100,10050
20231229,15:26:23,353.95,50,10050
20231229,15:26:25,353.95,100,10050
20231229,15:26:27,353.95,100,10050
20231229,15:26:28,353.9,50,10050
20231229,15:27:30,352.9,100,10000
20231229,15:27:35,351.7,50,10000
20231229,15:27:40,350.6,50,10000
20231229,15:27:45,349.7,50,10000
20240101,09:16:08,370.15,1,10000
20240101,09:16:08,370.15,50,10000
20240101,09:16:40,369.45,100,9750
20240101,09:18:12,369.45,50,9750
20240101,09:32:37,379.5,250,9800
20240101,09:36:05,379.5,250,10050
20240101,09:37:28,364.5,400,10050
20240101,09:42:29,373.35,50,9800
20240101,09:45:28,367.05,250,9800
20240101,09:48:07,360.75,50,9550
20240101,09:56:10,345.0,500,9550
20240101,09:57:16,345.0,500,9550
20240101,10:09:52,351.2,50,9700
20240101,10:09:55,351.05,50,9700
20240101,10:10:00,350.2,50,9700
20240101,10:10:02,350.15,50,9700
20240101,10:10:03,351.35,400,9700
20240101,10:10:13,353.1,200,9700
20240101,10:16:21,360.75,50,9800
20240101,10:20:07,358.0,100,9800
20240101,10:27:01,360.65,50,9900
20240101,10:29:48,357.2,50,9950
20240101,10:59:57,336.95,500,9950
20240101,11:01:05,330.0,550,9950
20240101,11:03:20,330.0,100,10850
20240101,11:03:21,338.0,700,10850
20240101,11:03:23,339.0,250,10850
20240101,11:14:59,335.0,50,10000
20240101,11:18:28,342.05,50,10050
20240101,11:23:23,335.55,1850,10000
20240101,11:23:54,336.35,100,8150
20240101,11:24:03,336.1,50,8150
20240101,11:25:12,334.8,50,8150
20240101,11:27:44,333.85,50,8050
20240101,12:03:24,337.35,50,8050
20240101,12:13:54,323.0,1000,8000
20240101,12:15:22,318.65,50,9000
20240101,12:17:56,318.65,1000,9000
20240101,12:24:03,336.1,100,8000
20240101,12:30:26,344.85,50,8000
20240101,12:30:29,345.5,50,8000
20240101,12:49:00,326.65,50,8100
20240101,12:49:02,326.0,50,8100
20240101,12:54:01,325.0,200,8100
20240101,12:58:28,326.45,50,8300
20240101,12:58:46,327.25,50,8300
20240101,13:01:08,328.0,200,8400
20240101,13:02:09,322.65,50,8400
20240101,13:02:58,321.1,50,8350
20240101,13:03:40,322.35,50,8350
20240101,13:11:11,325.05,50,8350
20240101,13:17:01,316.0,50,8350
20240101,13:29:21,315.7,150,8350
20240101,13:29:31,315.7,850,8350
20240101,13:31:14,315.7,1000,9150
20240101,13:50:45,309.4,350,8250
20240101,13:52:26,309.4,50,8250
20240101,13:57:10,306.45,100,8250
20240101,13:57:18,303.6,50,8250
20240101,13:57:23,301.4,150,8250
20240101,13:58:22,298.5,250,8250
20240101,13:59:00,298.0,1000,8250
20240101,13:59:30,298.0,1000,8250
20240101,14:01:36,294.2,50,8100
20240101,14:02:28,287.05,50,8100
20240101,14:03:07,285.75,50,8150
20240101,14:03:09,285.75,350,8150
20240101,14:03:15,285.75,100,8150
20240101,14:03:17,287.65,300,8150
20240101,14:03:20,288.75,200,8150
20240101,14:03:25,287.5,250,8150
20240101,14:03:37,286.85,200,8150
20240101,14:04:42,283.4,50,8150
20240101,14:05:11,279.5,100,8150
20240101,14:05:13,278.05,100,8150
20240101,14:05:16,277.4,400,8150
20240101,14:05:23,277.4,150,8150
20240101,14:05:51,283.5,300,8150
20240101,14:06:39,278.8,50,10050
20240101,14:07:12,279.55,50,10050
20240101,14:11:32,276.4,50,10100
20240101,14:11:59,272.35,50,10100
20240101,14:12:05,272.35,50,10150
20240101,14:13:19,272.85,300,10150
20240101,14:14:09,272.45,100,10150
20240101,14:14:40,269.6,100,10150
20240101,14:15:06,270.95,50,10700
20240101,14:15:14,271.0,250,10700
20240101,14:16:10,271.0,50,10700
20240101,14:16:23,269.4,50,10700
20240101,14:17:49,266.15,250,10700
20240101,14:20:16,266.15,400,11050
20240101,14:20:36,269.55,50,11050
20240101,14:21:42,275.75,650,11050
20240101,14:21:44,275.3,50,11050
20240101,14:21:47,274.0,100,11050
20240101,14:23:13,274.9,50,11050
20240101,14:23:55,271.85,50,11050
20240101,14:24:26,270.7,600,11950
20240101,14:25:06,275.55,50,11950
20240101,14:25:07,275.5,50,11950
20240101,14:25:14,275.25,50,11950
20240101,14:25:24,273.75,550,11950
20240101,14:25:25,273.95,400,11950
20240101,14:25:52,273.3,300,11950
20240101,14:27:03,274.9,50,13050
20240101,14:27:08,277.0,50,13050
20240101,14:30:41,271.65,50,13100
20240101,14:35:52,271.95,100,13150
20240101,14:36:15,270.65,50,13250
20240101,14:37:41,272.15,50,13250
20240101,14:41:47,269.65,250,13250
20240101,14:42:28,256.35,450,13500
20240101,14:42:30,255.65,150,13500
20240101,14:42:35,254.25,200,13500
20240101,14:42:50,251.55,900,13500
20240101,14:43:02,254.7,300,13500
20240101,14:43:17,254.75,50,13500
20240101,14:43:36,251.95,50,13500
20240101,14:43:57,248.95,850,13500
20240101,14:44:07,248.0,200,13500
20240101,14:44:45,245.8,50,13500
20240101,14:44:50,245.2,400,13500
20240101,14:45:01,245.2,450,13500
20240101,14:45:14,248.95,50,17150
20240101,14:46:28,246.85,100,17150
20240101,14:46:36,248.5,50,17150
20240101,14:46:41,248.35,50,17150
20240101,14:48:03,250.5,100,17150
20240101,14:48:16,249.8,100,17400
20240101,14:48:19,248.2,50,17400
20240101,14:48:21,247.95,50,17400
20240101,14:48:24,248.35,400,17400
20240101,14:48:45,248.35,300,17400
20240101,14:49:02,248.55,50,17400
20240101,14:49:33,242.55,200,17400
20240101,14:49:41,241.3,450,17400
20240101,14:50:04,240.9,50,17400
20240101,14:50:07,239.75,400,17400
20240101,14:50:17,238.4,600,17400
20240101,14:50:25,235.95,250,17400
20240101,14:50:35,235.95,200,17400
20240101,14:50:47,238.6,50,17400
20240101,14:50:49,238.5,400,17400
20240101,14:50:55,235.35,50,17400
20240101,14:50:57,235.35,250,17400
20240101,14:51:05,237.3,400,17400
20240101,14:51:07,239.6,200,17400
20240101,14:51:09,239.6,50,21050
20240101,14:51:14,240.75,250,21050
20240101,14:51:25,238.9,350,21050
20240101,14:51:37,240.6,50,21050
20240101,14:51:47,240.6,50,21050
20240101,14:52:05,237.75,50,21050
20240101,14:52:22,242.45,50,21050
20240101,14:52:23,242.9,50,21050
20240101,14:52:43,240.45,50,21050
20240101,14:53:15,241.0,100,21050
20240101,14:53:45,241.0,50,21050
20240101,14:53:47,240.3,150,21050
20240101,14:53:53,241.0,350,21050
20240101,14:53:56,242.05,400,21050
20240101,14:55:01,245.05,150,21300
20240101,14:55:06,243.5,50,21300
20240101,14:55:31,242.4,50,21300
20240101,14:56:20,244.0,50,21300
20240101,14:56:41,245.25,50,21300
20240101,14:57:11,243.55,100,21300
20240101,14:57:13,243.5,100,21300
20240101,14:58:01,243.7,50,21300
20240101,14:58:22,243.25,50,21300
20240101,14:58:53,244.1,50,21300
20240101,14:59:25,243.9,50,21300
20240101,14:59:35,244.75,50,21300
20240101,15:00:08,242.6,300,21450
20240101,15:00:18,240.85,100,21450
20240101,15:00:44,238.65,50,21450
20240101,15:00:46,238.85,50,21450
20240101,15:00:51,240.75,100,21450
20240101,15:00:59,240.0,150,21450
20240101,15:01:16,246.5,400,21450
20240101,15:01:24,251.35,50,21450
20240101,15:01:34,256.45,200,21450
20240101,15:01:36,256.15,50,21450
20240101,15:01:37,256.4,200,21450
20240101,15:01:39,254.3,100,21450
20240101,15:01:41,254.6,100,21450
20240101,15:01:44,254.1,50,21450
20240101,15:01:46,252.35,600,21450
20240101,15:02:04,252.6,350,21450
20240101,15:02:17,256.45,100,21450
20240101,15:02:40,253.65,50,21450
20240101,15:03:01,254.85,450,21450
20240101,15:03:02,255.75,50,21450
20240101,15:03:12,257.05,50,22450
20240101,15:04:11,258.35,250,22450
20240101,15:04:27,257.3,50,22450
20240101,15:04:34,258.35,50,22450
20240101,15:04:46,256.55,150,22450
20240101,15:05:12,256.05,50,22450
20240101,15:05:14,255.0,50,22450
20240101,15:06:56,258.9,200,21950
20240101,15:07:52,264.55,100,21950
20240101,15:07:55,264.3,50,21950
20240101,15:08:04,268.0,950,21950
20240101,15:09:04,285.45,500,21950
20240101,15:09:05,285.35,50,21950
20240101,15:09:10,286.0,250,20700
20240101,15:09:12,285.0,450,20700
20240101,15:09:20,277.5,250,20700
20240101,15:09:22,276.15,50,20700
20240101,15:09:24,279.5,700,20700
20240101,15:09:34,282.45,700,20700
20240101,15:09:45,285.0,100,20700
20240101,15:09:54,284.4,300,20700
20240101,15:10:04,289.75,50,20700
20240101,15:10:39,299.6,50,20700
20240101,15:10:40,298.1,50,20700
20240101,15:10:44,301.8,50,20700
20240101,15:10:52,301.2,50,20700
20240101,15:12:50,314.5,50,18500
20240101,15:14:12,318.95,50,18500
20240101,15:14:14,319.65,50,18500
20240101,15:14:17,319.85,250,18500
20240101,15:14:19,321.25,50,18500
20240101,15:14:30,321.85,250,18500
20240101,15:15:37,316.55,50,17900
20240101,15:19:00,313.8,400,17900
20240101,15:19:42,315.75,100,17900
20240101,15:19:45,315.45,50,17900
20240101,15:19:47,315.15,50,17900
20240101,15:19:50,314.2,50,17900
20240101,15:20:18,320.75,300,17900
20240101,15:20:22,322.65,400,17900
20240101,15:20:23,322.7,200,17900
20240101,15:20:51,328.1,50,17900
20240101,15:21:41,336.05,50,16900
20240101,15:21:43,335.75,250,16900
20240101,15:21:45,335.95,250,16900
20240101,15:21:46,336.8,550,16900
20240101,15:21:50,336.9,400,16900
20240101,15:21:51,338.65,250,16900
20240101,15:21:56,343.2,100,16900
20240101,15:22:01,344.3,450,16900
20240101,15:22:08,348.65,350,16900
20240101,15:24:00,355.0,50,16900
20240101,15:24:06,353.15,50,16900
20240101,15:24:28,353.65,50,14550
20240101,15:25:04,355.25,150,14550
20240101,15:25:29,356.2,550,14550
20240101,15:25:31,356.65,250,14550
20240101,15:25:33,356.95,250,14550
20240101,15:27:18,357.45,250,13750
20240101,15:27:27,357.35,300,13750
20240101,15:27:59,359.55,150,13750
20240101,15:29:31,358.65,100,13750
20240102,09:15:13,361.95,1,13650
20240102,09:15:13,362.0,150,13650
20240102,09:15:25,361.5,100,13650
20240102,09:16:27,345.85,50,13650
20240102,09:16:35,345.85,350,13650
20240102,09:18:11,347.8,100,13800
20240102,09:18:18,348.15,50,13800
20240102,09:18:57,344.4,650,13800
20240102,09:19:38,340.55,100,13800
20240102,09:20:53,340.05,100,13800
20240102,09:20:58,340.0,250,13800
20240102,09:20:59,340.0,50,13800
20240102,09:21:19,346.1,50,13800
20240102,09:26:16,349.45,100,13700
20240102,09:27:54,346.35,1450,13600
20240102,09:28:27,348.2,150,13600
20240102,09:28:29,350.9,100,13600
20240102,09:28:32,359.6,50,13600
20240102,09:29:47,343.9,50,12200
20240102,09:30:13,343.85,50,12200
20240102,09:30:15,345.25,50,12200
20240102,09:31:24,344.85,550,12200
20240102,09:31:34,345.25,50,12200
20240102,09:34:42,352.15,250,12200
20240102,09:36:35,355.55,50,11950
20240102,09:39:17,344.8,500,11950
20240102,09:41:57,330.65,50,11450
20240102,09:43:13,327.6,450,11450
20240102,09:51:34,337.85,50,11550
20240102,09:53:33,340.1,50,11600
20240102,09:54:27,342.8,50,11600
20240102,09:56:44,374.3,250,11550
20240102,09:57:03,381.15,100,11550
20240102,09:57:11,386.4,50,11550
20240102,09:57:13,386.55,50,11550
20240102,09:57:49,386.8,600,11550
20240102,09:58:50,396.6,50,11550
20240102,10:00:04,408.0,50,11200
20240102,10:00:06,408.8,600,11200
20240102,10:00:28,408.8,150,11200
20240102,10:01:21,413.1,50,11200
20240102,10:04:18,413.1,250,10900
20240102,10:04:28,396.0,50,10900
20240102,10:05:38,388.0,50,10900
20240102,10:07:18,379.3,50,10900
20240102,10:24:23,410.1,50,10850
20240102,10:26:54,428.75,50,10850
20240102,10:27:37,428.75,650,10850
20240102,10:30:19,432.1,50,10850
20240102,10:35:41,432.3,50,10800
20240102,10:38:54,458.8,650,10800
20240102,10:39:46,466.4,50,10800
20240102,10:40:16,466.4,50,10800
20240102,10:40:18,466.4,50,10800
20240102,10:41:36,466.4,100,10600
20240102,10:58:59,466.4,200,10600
20240102,11:17:50,443.3,150,10600
20240102,11:54:48,440.05,50,10650
20240102,12:19:11,404.4,650,10650
20240102,12:34:24,415.95,50,10650
20240102,12:34:42,415.0,50,10650
20240102,12:35:12,404.4,50,10650
20240102,12:41:16,406.2,50,10650
20240102,12:51:12,418.0,50,10600
20240102,13:02:53,433.0,50,10550
20240102,13:05:15,435.25,50,10550
20240102,13:05:16,436.15,200,10550
20240102,13:05:54,434.2,250,10550
20240102,13:20:36,430.3,150,11000
20240102,13:23:02,438.8,700,11000
20240102,13:25:09,432.9,150,11000
20240102,13:37:44,414.15,50,10850
20240102,13:47:26,414.0,50,10850
20240102,13:51:28,405.05,50,10900
20240102,14:09:06,400.0,300,10850
20240102,14:12:15,379.8,100,10850
20240102,14:12:17,379.7,400,10850
20240102,14:13:35,373.3,100,10850
20240102,14:30:14,381.75,300,11050
20240102,14:30:24,376.35,50,11050
20240102,14:30:26,375.0,750,11050
20240102,14:30:28,375.0,200,11050
20240102,14:30:37,379.15,50,11050
20240102,14:32:45,378.0,200,11050
20240102,14:33:35,374.15,250,12250
20240102,14:33:41,373.3,400,12250
20240102,14:33:55,373.0,750,12250
20240102,14:34:03,373.6,250,12250
20240102,14:34:38,373.5,50,12250
20240102,14:35:39,374.8,400,12250
20240102,14:40:56,352.2,250,14350
20240102,14:41:08,358.75,50,14350
20240102,14:43:26,363.15,100,14650
20240102,14:51:06,370.4,50,14750
20240102,14:51:34,370.6,50,14800
20240102,14:56:05,385.2,50,14850
20240102,14:57:05,385.2,50,14850
20240102,14:57:28,387.05,50,14900
20240102,14:59:11,387.05,50,14900
20240102,14:59:26,390.7,50,14900
20240102,15:00:25,370.05,100,14900
20240102,15:00:27,370.0,150,14750
20240102,15:02:03,375.55,50,14750
20240102,15:02:21,376.1,100,14750
20240102,15:06:03,372.6,700,14600
20240102,15:06:08,372.55,50,14600
20240102,15:06:11,375.45,950,14600
20240102,15:06:13,375.45,250,16050
20240102,15:06:16,378.2,350,16050
20240102,15:08:01,411.0,100,16050
20240102,15:08:06,414.0,150,16050
20240102,15:08:10,411.0,150,16050
20240102,15:09:44,414.6,250,17100
20240102,15:10:43,428.0,50,17100
20240102,15:12:26,420.0,350,17000
20240102,15:12:28,420.0,200,17000
20240102,15:13:19,417.95,50,17000
20240102,15:20:01,408.65,50,17050
20240102,15:21:01,401.85,50,17050
20240102,15:22:44,408.0,100,17050
20240102,15:25:24,409.7,50,17050
20240102,15:25:52,410.9,50,17050
20240102,15:26:09,409.7,50,17050
20240102,15:27:01,411.8,450,17050
20240102,15:27:38,409.15,50,17050
20240102,15:28:44,411.0,50,17050
20240102,15:29:02,411.2,400,17050
20240102,15:29:03,411.2,50,17050
20240103,09:15:21,451.05,1,16950
20240103,09:15:21,451.05,50,16950
20240103,09:16:00,443.35,50,16950
20240103,09:16:06,443.35,50,16950
20240103,09:16:18,439.35,50,16950
20240103,09:16:29,439.35,50,16950
20240103,09:16:54,439.35,50,16950
20240103,09:17:02,439.35,50,16950
20240103,09:20:22,435.1,50,16950
20240103,09:21:23,435.1,100,17050
20240103,09:23:16,448.95,50,17050
20240103,09:23:50,447.9,100,17100
20240103,09:24:03,445.45,50,17100
20240103,09:26:47,442.25,500,17100
20240103,09:40:22,465.3,300,16650
20240103,09:40:50,468.05,50,16650
20240103,09:41:01,469.15,100,16650
20240103,09:42:46,478.25,50,16350
20240103,09:49:12,478.35,250,16300
20240103,09:52:06,478.35,50,16050
20240103,09:54:08,465.0,200,16100
20240103,09:58:25,461.5,1000,15950
20240103,10:00:36,470.65,50,16950
20240103,10:01:04,473.15,250,16950
20240103,10:01:30,473.1,250,16950
20240103,10:04:29,448.35,50,16500
20240103,10:07:31,468.6,300,16500
20240103,10:10:47,459.8,50,16200
20240103,10:16:56,464.1,400,16200
20240103,10:19:49,476.95,50,15800
20240103,10:22:40,497.6,50,15800
20240103,10:22:49,497.6,50,15800
20240103,10:29:48,480.6,50,15800
20240103,10:35:57,464.05,250,15800
20240103,10:36:40,462.65,100,15800
20240103,10:40:59,471.35,50,15550
20240103,10:44:12,475.95,50,15550
20240103,10:51:50,496.45,150,15500
20240103,10:52:05,493.3,100,15500
20240103,10:52:10,493.85,250,15500
20240103,10:52:59,495.5,250,15500
20240103,11:03:50,480.95,250,14850
20240103,11:19:12,466.85,300,14600
20240103,11:24:01,464.9,250,14300
20240103,11:31:36,475.0,150,14300
20240103,11:31:46,474.8,400,14050
20240103,11:31:47,474.25,250,14050
20240103,11:36:14,480.0,50,13250
20240103,11:42:25,470.6,250,13300
20240103,12:10:44,473.9,250,13050
20240103,12:21:26,476.0,50,12800
20240103,12:25:54,504.15,50,12800
20240103,12:32:06,517.4,50,12750
20240103,12:32:40,520.9,100,12750
20240103,12:54:31,520.9,50,12600
20240103,12:58:56,482.05,50,12600
20240103,13:05:36,469.1,100,12650
20240103,13:07:55,474.6,50,12600
20240103,13:58:03,484.5,50,12600
20240103,14:06:09,468.0,100,12600
20240103,14:08:58,468.0,50,12600
20240103,14:09:46,464.75,100,12600
20240103,14:22:42,492.05,100,12600
20240103,14:23:15,494.35,50,12600
20240103,14:23:41,490.7,50,12600
20240103,14:32:05,500.55,50,12650
20240103,14:35:15,504.95,1000,12700
20240103,14:35:35,506.75,50,12700
20240103,14:38:43,515.0,50,13400
20240103,14:40:15,516.0,250,13350
20240103,14:41:22,507.3,150,13350
20240103,14:43:15,507.5,100,13300
20240103,14:43:30,503.1,50,13300
20240103,14:43:32,502.85,100,13300
20240103,14:48:24,506.2,50,13150
20240103,14:55:42,492.15,100,13100
20240103,15:00:15,504.0,150,13100
20240103,15:07:50,530.0,100,12950
20240103,15:18:03,547.95,150,12850
20240103,15:24:35,547.95,1000,12850
20240103,15:25:33,535.05,50,12850
20240103,15:25:50,532.85,50,12850
20240103,15:26:20,531.8,50,12850
20240104,09:41:59,422.65,1,12000
20240104,09:41:59,422.6,150,12000
20240104,09:48:15,433.2,50,12150
20240104,09:59:32,433.2,50,12150
20240104,10:03:17,435.75,100,12200
20240104,10:08:59,435.75,50,12250
20240104,10:09:12,419.75,100,12250
20240104,10:14:25,409.4,50,12200
20240104,10:14:26,406.6,50,12200
20240104,10:23:53,403.0,50,12250
20240104,10:38:06,397.4,100,12300
20240104,10:45:57,396.0,250,12300
20240104,10:45:59,396.0,750,12300
20240104,10:57:46,396.0,300,11900
20240104,11:00:34,399.25,750,11600
20240104,11:02:59,395.7,50,11850
20240104,11:20:41,395.7,50,11800
20240104,11:21:37,396.45,50,11800
20240104,11:32:45,395.2,100,11850
20240104,11:53:31,385.0,50,11850
20240104,12:23:06,380.3,250,11850
20240104,12:30:55,370.25,100,11850
20240104,12:46:11,373.0,50,11800
20240104,13:00:15,380.0,50,11800
20240104,13:05:38,375.9,450,11850
20240104,13:06:08,375.75,100,12250
20240104,13:30:06,377.45,100,12300
20240104,13:34:54,382.0,250,12300
20240104,13:35:57,380.45,400,12400
20240104,13:41:43,368.45,1000,12400
20240104,13:41:53,368.45,250,12250
20240104,13:51:37,373.0,250,12500
20240104,13:51:48,372.55,50,12500
20240104,14:00:04,382.35,50,12550
20240104,14:01:10,381.0,50,12550
20240104,14:01:13,381.0,200,12550
20240104,14:06:39,384.75,500,12750
20240104,14:18:14,390.95,700,12750
20240104,14:28:03,398.85,100,13450
20240104,14:28:37,399.75,100,13450
20240104,14:28:38,401.0,400,13450
20240104,14:30:39,393.0,100,13450
20240104,14:32:14,386.0,300,13350
20240104,14:40:00,390.05,500,13200
20240104,14:40:46,391.6,50,13200
20240104,14:49:48,387.95,50,13300
20240104,14:50:27,388.7,50,13300
20240104,14:55:34,390.2,250,13300
20240104,14:55:49,390.2,100,13300
20240104,14:55:50,390.2,150,13300
20240104,14:56:43,389.45,50,13300
20240104,15:00:27,376.2,50,13550
20240104,15:03:53,379.15,50,13500
20240104,15:06:13,376.9,300,13500
20240104,15:06:59,370.75,250,13500
20240104,15:10:17,381.2,50,13750
20240104,15:10:42,380.25,150,13750
20240104,15:14:11,373.9,50,13750
20240104,15:17:41,367.25,100,13750
20240104,15:19:54,367.25,50,13750
20240104,15:20:21,368.65,100,13750
20240104,15:25:34,353.0,50,13750
20240104,15:26:14,347.55,50,13750
20240104,15:26:31,347.1,50,13750
20240104,15:27:25,344.15,100,13700
20240104,15:27:56,342.0,50,13700
20240104,15:28:20,342.0,100,13700
20240104,15:28:25,342.0,50,13700
20240104,15:29:21,339.0,50,13700
20240104,15:29:23,338.75,500,13700
20240104,15:29:31,338.75,100,13700
20240104,15:29:33,338.4,950,13700
20240104,15:29:35,338.2,900,13700
20240104,15:29:36,340.15,1250,13700
20240104,15:29:38,338.45,900,13700
20240104,15:29:40,340.2,500,13700
20240104,15:29:41,337.65,550,13700
20240104,15:29:43,340.2,550,13700
20240104,15:29:44,337.55,500,13700
20240104,15:29:46,337.55,200,13700
20240104,15:29:48,336.7,400,13700
20240104,15:29:49,340.2,350,13700
20240104,15:29:51,337.05,150,13700
20240104,15:29:58,334.85,300,13700
20240104,15:29:59,334.85,350,13700
20240105,09:15:05,355.65,1,15900
20240105,09:15:05,355.8,2050,15900
20240105,09:15:07,346.5,150,15900
20240105,09:15:10,337.7,850,15900
20240105,09:15:42,322.2,100,15900
20240105,09:15:55,318.3,800,15900
20240105,09:15:56,318.3,1800,15900
20240105,09:15:59,320.8,50,15900
20240105,09:16:00,316.2,400,15900
20240105,09:16:06,316.2,50,15900
20240105,09:16:16,318.1,50,15900
20240105,09:16:22,317.85,50,15900
20240105,09:16:26,318.3,50,15900
20240105,09:16:34,318.15,50,15900
20240105,09:16:42,317.85,50,15900
20240105,09:16:51,319.8,50,15900
20240105,09:16:52,317.85,250,15900
20240105,09:17:33,320.8,100,19300
20240105,09:17:36,320.55,250,19300
20240105,09:17:47,318.0,50,19300
20240105,09:17:53,317.95,50,19300
20240105,09:17:57,318.25,200,19300
20240105,09:18:00,319.65,400,19300
20240105,09:18:02,319.4,250,19300
20240105,09:18:03,319.5,400,19300
20240105,09:18:04,320.55,100,19300
20240105,09:18:19,321.35,50,19300
20240105,09:18:34,321.0,200,19300
20240105,09:18:38,322.8,250,19300
20240105,09:18:43,321.3,350,19300
20240105,09:18:53,320.95,250,19300
20240105,09:18:59,322.0,150,19300
20240105,09:19:03,325.75,200,19300
20240105,09:19:30,323.95,100,19300
20240105,09:19:42,323.7,50,19300
20240105,09:19:48,323.4,50,19300
20240105,09:20:00,328.05,100,19300
20240105,09:20:04,330.35,100,19300
20240105,09:20:05,331.8,100,19300
20240105,09:20:07,330.15,50,19300
20240105,09:20:31,331.15,100,19550
20240105,09:20:45,330.9,100,19550
20240105,09:20:57,328.5,100,19550
20240105,09:21:04,331.65,50,19550
20240105,09:22:00,332.6,50,19550
20240105,09:22:11,334.05,50,19550
20240105,09:22:20,333.75,200,19550
20240105,09:22:31,336.3,150,19550
20240105,09:22:33,336.45,100,19550
20240105,09:22:46,335.35,200,19550
20240105,09:23:04,333.45,50,19550
20240105,09:24:03,336.4,50,19550
20240105,09:24:20,335.75,100,19850
20240105,09:24:32,336.3,50,19850
20240105,09:24:33,336.1,100,19850
20240105,09:24:37,336.9,900,19850
20240105,09:24:39,336.85,50,19850
20240105,09:25:09,342.05,100,19850
20240105,09:25:11,342.15,50,19850
20240105,09:25:14,342.15,150,19850
20240105,09:27:13,343.7,300,19650
20240105,09:27:54,336.9,50,19650
20240105,09:28:16,338.4,50,19650
20240105,09:28:19,338.6,100,19650
20240105,09:28:24,339.9,650,19650
20240105,09:29:17,341.85,50,19850
20240105,09:29:34,340.0,50,19850
20240105,09:29:47,339.75,50,19850
20240105,09:30:00,338.95,50,19850
20240105,09:30:03,339.85,250,19850
20240105,09:30:29,335.95,50,19850
20240105,09:30:35,335.0,100,19850
20240105,09:30:37,334.45,100,19850
20240105,09:30:49,333.7,100,19850
20240105,09:31:03,330.0,50,19850
20240105,09:31:14,330.0,50,19850
20240105,09:31:48,326.6,100,19850
20240105,09:32:03,327.6,50,19850
20240105,09:35:06,333.95,50,19850
20240105,09:35:33,327.75,50,20000
20240105,09:35:49,327.0,50,20000
20240105,09:36:19,328.2,50,20000
20240105,09:36:48,331.9,200,20000
20240105,09:37:51,328.65,50,20000
20240105,09:40:42,329.45,250,20200
20240105,09:40:52,328.75,50,20200
20240105,09:40:58,326.35,50,20200
20240105,09:41:05,326.35,50,20200
20240105,09:41:12,324.1,50,20200
20240105,09:41:26,323.75,50,20050
20240105,09:43:02,326.6,100,20050
20240105,09:43:45,329.0,1800,20050
20240105,09:43:52,328.05,50,20050
20240105,09:44:12,328.15,50,20050
20240105,09:45:04,323.55,1500,21300
20240105,09:45:08,324.35,50,21300
20240105,09:45:09,324.5,1000,21300
20240105,09:45:11,324.85,500,21300
20240105,09:45:16,325.4,350,21300
20240105,09:45:33,328.15,50,21300
20240105,09:45:43,329.1,1800,21300
20240105,09:45:44,329.85,1800,21300
20240105,09:46:50,324.6,50,21300
20240105,09:47:09,323.5,50,21300
20240105,09:48:16,322.5,50,25050
20240105,09:49:11,326.5,50,25050
20240105,09:49:13,328.35,50,25050
20240105,09:49:39,329.5,50,25050
20240105,09:49:45,328.8,1800,25050
20240105,09:51:07,323.45,50,26500
20240105,09:51:15,322.5,50,26500
20240105,09:51:55,321.5,50,26500
20240105,09:51:57,320.8,50,26500
20240105,09:52:23,319.5,250,26500
20240105,09:53:16,317.5,100,26500
20240105,09:53:53,316.1,50,26950
20240105,09:54:05,316.1,50,26950
20240105,09:54:37,319.3,50,26950
20240105,09:55:33,319.95,50,26950
20240105,09:55:34,319.3,600,26950
20240105,09:55:36,319.4,100,26950
20240105,09:55:36,319.65,350,26950
20240105,09:55:37,319.3,200,26950
20240105,09:55:40,318.45,100,26950
20240105,09:55:40,318.45,50,26950
20240105,09:55:41,318.0,600,26950
20240105,09:55:43,317.9,500,26950
20240105,09:55:44,318.2,800,26950
20240105,09:55:45,318.1,600,26950
20240105,09:55:47,318.1,350,26950
20240105,09:55:48,317.45,400,26950
20240105,09:55:50,317.7,300,26950
20240105,09:56:59,316.5,100,26950
20240105,09:57:01,316.5,150,28550
20240105,09:57:26,317.5,50,28550
20240105,09:57:34,317.7,50,28550
20240105,09:57:50,318.0,50,28550
20240105,09:58:06,319.5,250,28550
20240105,09:58:59,316.6,600,28550
20240105,09:59:00,317.2,300,28550
20240105,09:59:07,316.35,50,28550
20240105,09:59:08,316.75,300,28550
20240105,09:59:13,315.35,550,28550
20240105,09:59:14,315.35,300,28550
20240105,09:59:15,318.15,300,28550
20240105,09:59:16,318.95,300,28550
20240105,09:59:18,318.15,250,28550
20240105,09:59:19,318.85,250,28550
20240105,09:59:20,319.45,300,28550
20240105,09:59:21,320.55,400,27100
20240105,09:59:23,320.05,300,27100
20240105,09:59:26,319.4,300,27100
20240105,09:59:28,318.9,300,27100
20240105,09:59:30,319.25,300,27100
20240105,09:59:39,318.85,200,27100
20240105,09:59:40,318.4,1800,27100
20240105,09:59:50,318.7,50,27100
20240105,10:00:03,319.0,250,27100
20240105,10:01:43,322.5,150,27100
20240105,10:01:54,323.4,100,27100
20240105,10:03:39,319.7,50,27800
20240105,10:05:01,321.15,150,27800
20240105,10:05:50,321.3,150,27100
20240105,10:07:31,321.0,50,27100
20240105,10:08:14,320.15,900,27100
20240105,10:09:17,319.1,50,28000
20240105,10:09:48,317.6,50,28000
20240105,10:11:46,321.75,500,28000
20240105,10:12:46,321.6,50,28050
20240105,10:12:49,322.55,150,28050
20240105,10:14:01,316.5,50,28050
20240105,10:14:35,321.05,100,28250
20240105,10:14:52,322.5,50,28250
20240105,10:15:31,325.0,50,28250
20240105,10:15:31,326.65,50,28250
20240105,10:16:18,319.8,200,28250
20240105,10:17:25,325.05,150,28200
20240105,10:17:44,324.6,50,28200
20240105,10:18:04,326.8,150,28200
20240105,10:18:05,326.8,50,28200
20240105,10:18:15,328.65,150,28200
20240105,10:18:16,328.95,50,28200
20240105,10:18:17,328.5,50,28200
20240105,10:18:19,329.3,200,28200
20240105,10:18:20,331.55,100,28200
20240105,10:18:22,331.6,150,28200
20240105,10:18:23,332.5,150,28200
20240105,10:18:25,332.3,100,28200
20240105,10:18:33,331.7,300,28200
20240105,10:18:35,331.85,150,28200
20240105,10:18:36,331.8,50,28200
20240105,10:18:43,331.8,50,28200
20240105,10:18:47,334.2,300,28200
20240105,10:18:48,333.75,150,28200
20240105,10:18:49,333.15,300,28200
20240105,10:18:50,332.35,300,28200
20240105,10:18:51,332.3,50,28200
20240105,10:18:56,332.75,50,28200
20240105,10:19:00,329.9,100,28200
20240105,10:19:25,331.4,50,28200
20240105,10:21:03,328.9,50,29000
20240105,10:21:27,328.35,750,29000
20240105,10:23:01,329.85,900,29000
20240105,10:24:08,329.0,50,29650
20240105,10:25:15,329.7,500,29650
20240105,10:26:22,326.5,50,29650
20240105,10:27:34,331.6,500,29850
20240105,10:27:57,329.25,50,29850
20240105,10:29:52,324.65,100,29100
20240105,10:30:49,324.5,50,29100
20240105,10:31:24,322.2,50,29100
20240105,10:32:14,320.0,100,29100
20240105,10:33:17,321.7,200,29100
20240105,10:34:11,323.7,50,29200
20240105,10:34:22,322.8,100,29200
20240105,10:34:55,320.5,50,29200
20240105,10:35:46,319.5,100,29200
20240105,10:36:00,319.5,50,29200
20240105,10:36:18,319.5,50,29200
20240105,10:36:55,319.45,50,29200
20240105,10:37:04,318.2,100,29200
20240105,10:37:09,317.0,50,29200
20240105,10:39:01,320.6,100,29300
20240105,10:40:04,317.85,50,29300
20240105,10:41:16,322.6,50,29300
20240105,10:43:40,336.0,150,29250
20240105,10:43:47,334.45,50,29250
20240105,10:43:50,334.4,200,29250
20240105,10:43:57,338.65,50,29250
20240105,10:44:03,338.1,800,29250
20240105,10:44:05,338.3,150,29250
20240105,10:44:10,337.75,150,29250
20240105,10:44:22,346.8,100,29250
20240105,10:44:23,349.2,150,29250
20240105,10:44:25,350.0,100,29250
20240105,10:44:27,345.95,500,29600
20240105,10:44:28,345.0,250,29600
20240105,10:44:43,341.7,100,29600
20240105,10:45:00,343.7,1500,29600
20240105,10:45:04,347.0,1050,29600
20240105,10:45:06,347.85,500,29600
20240105,10:45:10,343.95,1000,29600
20240105,10:45:11,344.15,350,29600
20240105,10:45:23,346.0,200,29600
20240105,10:45:30,345.95,50,29600
20240105,10:45:31,346.65,50,29600
20240105,10:45:35,347.75,50,29600
20240105,10:45:43,351.25,50,29600
20240105,10:45:53,351.5,100,29600
20240105,10:45:55,351.3,50,29600
20240105,10:46:00,355.35,50,29600
20240105,10:46:01,353.6,50,29600
20240105,10:46:12,353.85,1950,29600
20240105,10:46:30,353.6,50,29600
20240105,10:46:53,351.45,100,29600
20240105,10:47:00,346.35,100,29600
20240105,10:47:14,349.5,500,29600
20240105,10:47:23,353.5,50,29600
20240105,10:47:30,357.0,200,33850
20240105,10:48:21,360.4,150,33850
20240105,10:49:10,362.5,50,33850
20240105,10:49:12,363.2,50,33850
20240105,10:49:14,363.2,150,33850
20240105,10:49:15,359.1,150,33850
20240105,10:49:22,354.6,50,33850
20240105,10:50:01,360.15,100,33850
20240105,10:50:16,359.7,50,33850
20240105,10:50:45,357.15,50,33850
20240105,10:52:19,360.75,50,33850
20240105,10:52:24,360.6,100,33850
20240105,10:52:51,361.65,150,33850
20240105,10:52:56,367.15,50,33850
20240105,10:52:57,367.15,50,33850
20240105,10:53:02,367.2,150,33850
20240105,10:53:04,367.35,50,33850
20240105,10:53:11,374.4,150,33850
20240105,10:53:13,374.4,50,33850
20240105,10:53:20,369.5,50,33850
20240105,10:53:21,368.35,50,33850
20240105,10:53:43,368.35,150,33850
20240105,10:53:48,370.95,100,33850
20240105,10:54:03,375.65,50,33850
20240105,10:54:04,375.65,50,33850
20240105,10:54:05,373.8,50,33850
20240105,10:54:14,376.4,50,33850
20240105,10:54:18,379.35,50,33850
20240105,10:54:19,379.4,50,33850
20240105,10:54:21,379.4,300,33850
20240105,10:54:24,377.05,50,33850
20240105,10:54:28,375.75,50,33850
20240105,10:54:35,379.45,50,33850
20240105,10:54:47,381.75,50,33850
20240105,10:54:51,385.05,600,33850
20240105,10:55:03,385.05,100,33850
20240105,10:55:04,381.1,50,33850
20240105,10:55:18,384.6,200,33850
20240105,10:55:32,387.85,100,33850
20240105,10:55:34,387.85,100,33850
20240105,10:55:36,386.25,50,33850
20240105,10:55:42,384.6,200,33850
20240105,10:56:06,380.0,50,33850
20240105,10:56:09,380.0,50,33850
20240105,10:56:19,380.25,50,33850
20240105,10:56:28,375.65,250,33850
20240105,10:56:29,377.3,50,33850
20240105,10:56:37,379.35,300,33850
20240105,10:56:41,382.6,50,34300
20240105,10:56:49,385.0,50,34300
20240105,10:56:50,386.0,550,34300
20240105,10:56:55,384.2,300,34300
20240105,10:57:02,378.75,50,34300
20240105,10:58:23,378.75,50,34300
20240105,10:59:01,371.15,550,34300
20240105,10:59:02,371.1,200,34300
20240105,10:59:04,371.0,50,34300
20240105,10:59:43,368.85,1800,34300
20240105,10:59:45,369.5,1800,34300
20240105,10:59:49,370.8,150,34300
20240105,10:59:54,369.7,50,34300
20240105,10:59:55,369.65,50,34300
20240105,11:00:03,366.35,50,34300
20240105,11:00:05,366.9,50,34300
20240105,11:00:27,371.6,150,34300
20240105,11:00:30,370.65,50,34300
20240105,11:00:32,368.85,50,34300
20240105,11:02:11,373.65,50,34300
20240105,11:02:29,370.6,50,34300
20240105,11:04:07,364.8,50,34300
20240105,11:04:27,364.95,50,37250
20240105,11:04:30,365.3,50,37250
20240105,11:05:01,364.95,50,37250
20240105,11:06:13,362.8,100,37300
20240105,11:06:22,366.5,50,37300
20240105,11:06:23,367.95,100,37300
20240105,11:08:36,357.1,100,37150
20240105,11:09:22,354.2,50,37150
20240105,11:11:47,353.4,50,37150
20240105,11:13:23,351.4,150,37150
20240105,11:13:39,353.4,50,37150
20240105,11:13:43,354.6,50,37150
20240105,11:14:02,356.2,1800,37150
20240105,11:14:50,357.05,1800,37150
20240105,11:15:58,360.55,200,38900
20240105,11:16:05,360.8,100,38900
20240105,11:16:11,360.4,100,38900
20240105,11:17:01,362.3,50,38900
20240105,11:17:11,362.8,50,38900
20240105,11:17:40,364.0,50,40900
20240105,11:17:57,372.35,150,40900
20240105,11:18:04,370.9,550,40900
20240105,11:18:13,375.55,50,40900
20240105,11:18:23,376.25,200,40900
20240105,11:18:25,377.0,50,40900
20240105,11:18:36,378.0,50,40900
20240105,11:18:41,375.55,350,40900
20240105,11:19:47,375.0,50,40900
20240105,11:19:57,374.6,150,40900
20240105,11:20:01,375.85,50,40900
20240105,11:20:14,372.3,250,40900
20240105,11:20:16,373.4,100,40900
20240105,11:20:40,369.85,50,40900
20240105,11:20:47,368.45,100,40900
20240105,11:21:10,375.6,250,40900
20240105,11:21:31,374.1,50,40900
20240105,11:21:32,374.0,50,40900
20240105,11:22:01,372.0,50,40900
20240105,11:22:17,374.3,50,40900
20240105,11:22:45,371.7,50,40900
20240105,11:23:39,369.65,50,40850
20240105,11:24:00,366.25,550,40850
20240105,11:24:10,368.25,1800,40850
20240105,11:24:36,364.4,50,40850
20240105,11:24:43,365.1,100,40850
20240105,11:25:05,365.4,50,40850
20240105,11:25:22,367.6,50,40850
20240105,11:25:37,365.3,50,40850
20240105,11:25:40,365.3,100,40850
20240105,11:25:48,366.35,50,40850
20240105,11:25:53,363.2,50,40850
20240105,11:28:21,364.8,50,39200
20240105,11:28:41,360.8,50,39200
20240105,11:29:09,360.8,250,39200
20240105,11:29:10,360.8,300,39200
20240105,11:30:03,362.8,50,38950
20240105,11:30:13,360.8,200,38950
20240105,11:31:23,361.6,50,38950
20240105,11:31:50,362.9,250,38950
20240105,11:32:14,358.4,50,38950
20240105,11:33:55,360.55,50,39200
20240105,11:33:58,361.3,150,39200
20240105,11:34:02,362.9,150,39200
20240105,11:34:03,363.3,150,39200
20240105,11:34:04,363.8,150,39200
20240105,11:34:06,364.3,150,39200
20240105,11:34:06,364.5,150,39200
20240105,11:34:08,365.35,200,39200
20240105,11:34:10,365.9,300,39200
20240105,11:34:11,365.95,150,39200
20240105,11:34:12,364.65,150,39200
20240105,11:34:13,364.95,150,39200
20240105,11:34:16,364.9,450,39200
20240105,11:34:19,363.65,250,39200
20240105,11:35:03,365.65,50,39200
20240105,11:35:10,365.4,50,39200
20240105,11:35:36,365.0,50,39650
20240105,11:36:37,369.0,200,39650
20240105,11:37:04,371.15,50,39650
20240105,11:38:24,368.0,50,39650
20240105,11:38:25,367.15,50,39650
20240105,11:40:11,371.55,50,39700
20240105,11:44:34,374.8,50,39700
20240105,11:45:01,373.05,50,39650
20240105,11:45:41,377.6,50,39650
20240105,11:46:00,376.1,250,39650
20240105,11:47:54,385.2,550,39650
20240105,11:47:59,390.15,50,39650
20240105,11:48:00,391.0,200,39650
20240105,11:48:02,391.3,50,39650
20240105,11:48:09,391.3,550,39650
20240105,11:48:11,383.3,100,39650
20240105,11:49:00,380.0,50,39650
20240105,11:49:10,381.0,550,39650
20240105,11:49:42,376.85,50,39650
20240105,11:49:43,376.8,50,39650
20240105,11:50:12,378.8,50,39650
20240105,11:50:24,379.25,50,39650
20240105,11:52:44,370.7,50,39250
20240105,11:53:31,369.0,200,39250
20240105,11:53:59,366.15,250,39250
20240105,11:54:23,368.85,50,39250
20240105,11:55:02,367.3,50,39250
20240105,11:56:22,365.0,150,39250
20240105,11:59:49,363.85,200,39250
20240105,12:00:03,366.4,50,39250
20240105,12:00:52,366.65,50,39250
20240105,12:01:28,365.0,650,39250
20240105,12:01:30,364.45,50,39250
20240105,12:01:33,362.25,100,39250
20240105,12:01:43,364.7,50,39250
20240105,12:02:27,364.9,50,39250
20240105,12:02:32,364.9,50,39250
20240105,12:03:24,369.4,100,39250
20240105,12:04:53,356.1,50,39250
20240105,12:05:04,355.05,50,39250
20240105,12:05:10,350.0,100,39250
20240105,12:05:35,353.5,150,39250
20240105,12:06:00,357.25,50,39250
20240105,12:06:05,357.9,50,39250
20240105,12:06:09,359.85,50,39250
20240105,12:06:13,359.35,50,39250
20240105,12:06:43,357.9,200,39250
20240105,12:06:53,356.6,50,39250
20240105,12:07:05,359.85,50,39250
20240105,12:07:08,359.55,100,39250
20240105,12:07:32,356.75,350,39250
20240105,12:08:03,354.8,150,39250
20240105,12:09:34,355.15,50,39250
20240105,12:09:54,347.6,50,39250
20240105,12:09:59,346.6,50,39250
20240105,12:10:03,343.85,100,39250
20240105,12:10:06,344.15,150,39250
20240105,12:10:20,346.45,150,39250
20240105,12:10:26,344.45,150,39250
20240105,12:10:30,347.1,50,39250
20240105,12:11:13,347.25,200,39250
20240105,12:11:27,350.7,50,39250
20240105,12:11:41,350.7,50,39450
20240105,12:12:31,349.35,200,39450
20240105,12:13:54,352.3,50,39450
20240105,12:14:19,352.1,50,39450
20240105,12:14:43,350.7,200,39450
20240105,12:15:09,351.0,250,39450
20240105,12:15:46,349.2,50,39450
20240105,12:16:22,346.5,250,39450
20240105,12:17:15,341.55,150,39450
20240105,12:17:26,343.45,150,39450
20240105,12:17:29,343.45,50,39450
20240105,12:17:35,340.25,150,39450
20240105,12:17:47,339.0,150,39450
20240105,12:18:06,338.2,100,39450
20240105,12:18:08,338.85,50,39450
20240105,12:20:01,338.1,250,39450
20240105,12:20:07,336.15,100,39450
20240105,12:20:51,339.8,50,39500
20240105,12:20:58,340.35,50,39500
20240105,12:21:12,336.45,250,39500
20240105,12:21:14,338.4,50,39500
20240105,12:21:30,339.75,150,39500
20240105,12:23:05,331.15,50,39500
20240105,12:23:10,333.0,500,39500
20240105,12:23:12,332.45,150,39500
20240105,12:23:18,332.85,50,39500
20240105,12:23:19,332.75,150,39500
20240105,12:23:21,332.65,150,39500
20240105,12:23:22,333.35,150,39500
20240105,12:23:24,332.85,150,39500
20240105,12:23:25,333.25,150,39500
20240105,12:23:27,334.0,200,39500
20240105,12:23:29,334.15,200,39500
20240105,12:23:31,334.25,300,39500
20240105,12:23:33,335.0,200,39500
20240105,12:23:34,335.2,100,39500
20240105,12:23:44,333.85,50,40700
20240105,12:23:46,334.25,150,40700
20240105,12:23:48,335.0,200,40700
20240105,12:23:49,335.55,150,40700
20240105,12:23:51,335.65,150,40700
20240105,12:23:52,335.1,150,40700
20240105,12:23:53,335.7,150,40700
20240105,12:23:54,335.65,150,40700
20240105,12:24:37,335.8,50,40700
20240105,12:24:46,336.4,50,40700
20240105,12:24:47,336.4,100,40700
20240105,12:24:59,335.6,50,40700
20240105,12:25:00,335.0,50,40700
20240105,12:25:03,334.05,500,40700
20240105,12:25:09,335.6,150,40700
20240105,12:25:18,338.9,200,40700
20240105,12:25:37,336.25,50,40700
20240105,12:25:43,335.0,100,40700
20240105,12:25:44,334.0,750,40700
20240105,12:26:08,336.0,150,40700
20240105,12:26:10,336.0,600,40700
20240105,12:26:23,335.55,100,40700
20240105,12:26:24,335.25,50,40700
20240105,12:26:28,336.25,50,40700
20240105,12:26:32,335.45,50,40700
20240105,12:26:34,336.0,50,40700
20240105,12:26:39,335.85,50,40700
20240105,12:26:42,336.3,50,42000
20240105,12:26:51,337.8,50,42000
20240105,12:26:55,337.2,50,42000
20240105,12:26:58,336.75,50,42000
20240105,12:27:00,337.1,50,42000
20240105,12:27:05,336.8,50,42000
20240105,12:27:12,337.9,100,42000
20240105,12:27:39,339.5,250,42000
20240105,12:28:56,340.55,50,42000
20240105,12:28:57,341.5,100,42000
20240105,12:29:06,342.1,50,42000
20240105,12:29:07,341.9,50,42000
20240105,12:29:12,341.95,50,42000
20240105,12:29:27,342.55,50,42000
20240105,12:30:38,343.65,50,42200
20240105,12:30:54,344.6,50,42200
20240105,12:30:56,346.25,50,42200
20240105,12:30:57,344.9,50,42200
20240105,12:31:29,347.35,50,42200
20240105,12:31:45,340.8,50,42200
20240105,12:32:41,338.35,50,42200
20240105,12:33:24,341.5,50,42500
20240105,12:33:33,342.6,50,42500
20240105,12:33:56,343.0,50,42500
20240105,12:34:03,344.3,50,42500
20240105,12:34:31,348.0,50,42500
20240105,12:34:43,347.65,100,42500
20240105,12:34:55,350.0,50,42500
20240105,12:34:56,350.05,50,42500
20240105,12:35:15,350.0,150,42500
20240105,12:35:17,349.6,50,42500
20240105,12:35:18,349.7,150,42500
20240105,12:35:22,351.45,50,42500
20240105,12:35:32,351.45,150,42500
20240105,12:36:11,349.65,50,41750
20240105,12:36:25,348.25,100,41750
20240105,12:36:27,348.6,100,41750
20240105,12:36:30,348.45,100,41750
20240105,12:36:37,347.2,50,41750
20240105,12:37:04,346.45,50,41750
20240105,12:38:50,348.55,50,41750
20240105,12:39:03,346.1,50,41800
20240105,12:39:09,346.6,50,41800
20240105,12:39:41,343.7,100,41800
20240105,12:39:53,345.8,50,41800
20240105,12:39:54,346.3,100,41800
20240105,12:39:59,346.1,50,41800
20240105,12:40:28,347.15,50,41800
20240105,12:41:00,345.9,50,41800
20240105,12:41:21,349.25,50,41800
20240105,12:41:23,350.55,50,41800
20240105,12:41:25,351.15,100,41800
20240105,12:41:26,352.35,150,41800
20240105,12:41:27,352.45,50,41800
20240105,12:41:29,353.2,300,41800
20240105,12:41:30,352.95,100,41800
20240105,12:42:24,353.4,50,42000
20240105,12:42:32,351.0,50,42000
20240105,12:42:36,351.2,50,42000
20240105,12:42:40,351.0,50,42000
20240105,12:42:51,355.0,50,42000
20240105,12:42:52,356.0,350,42000
20240105,12:42:54,355.95,100,42000
20240105,12:43:00,352.5,50,42000
20240105,12:43:17,354.9,50,42000
20240105,12:43:22,355.6,50,42000
20240105,12:43:30,353.55,100,42000
20240105,12:43:34,355.7,50,42000
20240105,12:44:03,357.05,100,42000
20240105,12:44:05,356.55,50,42000
20240105,12:44:57,351.95,50,42050
20240105,12:45:26,351.2,50,42050
20240105,12:45:41,351.2,100,42050
20240105,12:46:01,354.65,50,42050
20240105,12:46:10,356.7,100,42050
20240105,12:46:12,358.0,100,42050
20240105,12:46:14,358.65,150,42050
20240105,12:46:21,356.7,550,42050
20240105,12:46:38,354.8,100,42050
20240105,12:47:07,356.2,50,42050
20240105,12:48:59,349.7,150,42050
20240105,12:49:03,347.4,50,42050
20240105,12:49:09,346.6,550,42050
20240105,12:49:20,344.7,100,42050
20240105,12:49:56,345.6,50,42050
20240105,12:50:02,344.55,100,42050
20240105,12:50:02,344.65,50,42050
20240105,12:51:15,350.4,50,42050
20240105,12:51:16,349.25,50,42050
20240105,12:51:19,350.25,50,42050
20240105,12:52:50,354.75,350,42050
20240105,12:53:23,355.0,50,42050
20240105,12:54:40,355.2,50,42050
20240105,12:54:47,357.0,350,42200
20240105,12:55:12,358.9,50,42200
20240105,12:55:46,359.05,550,42200
20240105,12:55:56,353.1,50,42200
20240105,12:56:27,356.65,50,42200
20240105,12:59:03,357.3,100,42250
20240105,12:59:06,357.1,50,42250
20240105,12:59:11,357.35,50,42250
20240105,12:59:13,357.3,50,42250
20240105,12:59:24,355.95,150,42250
20240105,12:59:38,357.0,50,42250
20240105,12:59:46,361.95,150,42250
20240105,12:59:47,360.5,50,42250
20240105,12:59:55,362.1,250,42550
20240105,12:59:59,362.4,150,42550
20240105,13:00:05,358.65,100,42550
20240105,13:00:08,358.55,50,42550
20240105,13:00:25,362.0,50,42550
20240105,13:00:32,359.55,50,42550
20240105,13:01:02,360.5,50,42550
20240105,13:01:18,358.2,100,42550
20240105,13:01:28,357.9,50,42550
20240105,13:01:55,355.0,50,42550
20240105,13:01:57,352.95,50,42550
20240105,13:02:00,353.35,100,42550
20240105,13:02:04,354.15,50,42550
20240105,13:02:05,353.05,100,42550
20240105,13:02:24,350.25,150,42550
20240105,13:02:47,350.0,50,42550
20240105,13:02:47,350.4,50,42550
20240105,13:02:48,351.15,50,42450
20240105,13:03:02,349.05,100,42450
20240105,13:03:03,348.5,50,42450
20240105,13:03:08,351.0,550,42450
20240105,13:03:14,354.6,50,42450
20240105,13:03:19,354.1,50,42450
20240105,13:03:41,351.8,50,42450
20240105,13:03:48,350.0,50,42450
20240105,13:04:21,353.55,50,42450
20240105,13:04:30,352.2,50,42450
20240105,13:05:06,352.65,50,42450
20240105,13:05:16,351.1,50,42450
20240105,13:05:34,351.2,50,42450
20240105,13:06:46,355.5,50,42500
20240105,13:06:58,355.9,50,42500
20240105,13:07:39,355.15,50,42500
20240105,13:08:45,349.0,100,42500
20240105,13:08:58,348.5,500,42550
20240105,13:09:09,351.0,50,42550
20240105,13:09:12,349.35,50,42550
20240105,13:09:21,347.15,200,42550
20240105,13:10:50,348.6,50,42550
20240105,13:14:10,346.65,100,42550
20240105,13:15:43,348.9,200,42550
20240105,13:16:07,352.8,150,42550
20240105,13:16:21,352.05,100,42550
20240105,13:17:12,353.0,50,42550
20240105,13:17:19,354.75,50,42550
20240105,13:18:22,352.65,500,42550
20240105,13:19:02,348.8,50,42550
20240105,13:19:26,348.9,50,42550
20240105,13:19:41,348.0,200,42550
20240105,13:20:02,344.05,100,42550
20240105,13:20:23,347.55,50,42550
20240105,13:20:44,347.4,50,42550
20240105,13:21:31,344.7,50,42200
20240105,13:23:05,347.25,50,42200
20240105,13:23:40,347.85,50,42200
20240105,13:23:52,343.65,100,42200
20240105,13:24:18,344.7,50,42200
20240105,13:24:50,346.5,50,42200
20240105,13:26:20,351.1,50,42200
20240105,13:26:22,351.05,50,42200
20240105,13:27:04,354.55,50,42200
20240105,13:28:23,351.0,50,42400
20240105,13:28:25,352.3,50,42400
20240105,13:28:27,352.95,150,42400
20240105,13:28:53,352.75,50,42400
20240105,13:29:01,352.1,50,42400
20240105,13:29:14,352.5,50,42400
20240105,13:29:50,355.0,50,42400
20240105,13:30:01,355.4,50,42700
20240105,13:30:12,355.65,50,42700
20240105,13:30:15,356.05,100,42700
20240105,13:30:20,355.35,50,42700
20240105,13:31:03,355.0,50,42700
20240105,13:31:09,356.0,100,42700
20240105,13:31:33,356.55,250,42700
20240105,13:31:34,356.45,100,42700
20240105,13:31:56,356.65,100,42700
20240105,13:31:58,356.65,50,42700
20240105,13:31:59,357.9,50,42700
20240105,13:32:04,359.0,250,42700
20240105,13:32:10,359.2,50,42700
20240105,13:33:48,361.7,100,42850
20240105,13:33:49,364.2,50,42850
20240105,13:33:50,362.7,200,42850
20240105,13:34:13,364.35,50,42850
20240105,13:34:15,364.2,50,42850
20240105,13:34:21,365.7,50,42850
20240105,13:34:43,365.35,50,42850
20240105,13:35:03,362.7,100,42850
20240105,13:35:05,363.15,50,42850
20240105,13:35:08,363.95,100,42850
20240105,13:35:11,364.95,50,42850
20240105,13:35:43,360.1,50,42850
20240105,13:35:49,360.9,150,42850
20240105,13:35:56,363.45,50,42600
20240105,13:36:08,364.05,50,42600
20240105,13:36:40,364.2,50,42600
20240105,13:36:41,363.9,50,42600
20240105,13:36:42,363.9,50,42600
20240105,13:36:43,364.35,100,42600
20240105,13:37:02,364.05,50,42600
20240105,13:37:27,365.1,250,42600
20240105,13:37:32,365.25,250,42600
20240105,13:37:35,364.45,50,42600
20240105,13:37:56,366.6,50,42600
20240105,13:38:10,364.45,100,42600
20240105,13:38:14,366.45,50,42600
20240105,13:38:33,364.5,50,42600
20240105,13:38:37,363.7,50,42600
20240105,13:38:38,363.65,150,42600
20240105,13:38:41,364.6,50,42600
20240105,13:38:48,363.6,100,42600
20240105,13:38:53,364.35,50,42600
20240105,13:39:04,364.65,150,42850
20240105,13:39:06,363.75,500,42850
20240105,13:39:17,365.6,50,42850
20240105,13:39:45,364.0,50,42850
20240105,13:39:54,364.95,50,42850
20240105,13:40:03,366.45,50,42850
20240105,13:40:04,366.85,50,42850
20240105,13:40:09,368.7,50,42850
20240105,13:40:13,369.3,50,42850
20240105,13:40:22,371.0,200,42850
20240105,13:40:28,374.25,50,42850
20240105,13:40:30,374.4,100,42850
20240105,13:40:36,375.3,500,42850
20240105,13:40:40,376.2,50,42850
20240105,13:40:42,376.2,100,42850
20240105,13:40:48,376.2,50,42850
20240105,13:40:50,374.85,100,42850
20240105,13:40:51,375.1,100,42850
20240105,13:40:54,373.6,500,42850
20240105,13:40:55,377.0,200,42850
20240105,13:40:56,378.0,50,42850
20240105,13:41:00,377.85,50,42850
20240105,13:41:01,378.3,150,42850
20240105,13:41:02,378.15,200,42850
20240105,13:41:03,378.3,50,42850
20240105,13:41:04,378.9,150,42850
20240105,13:41:05,379.5,100,42850
20240105,13:41:08,378.3,50,42850
20240105,13:41:10,379.35,50,42850
20240105,13:41:11,378.7,50,42850
20240105,13:41:12,378.0,500,42850
20240105,13:41:15,378.15,200,42850
20240105,13:41:16,377.6,50,42850
20240105,13:41:19,376.35,250,42850
20240105,13:41:20,377.4,100,42850
20240105,13:41:21,377.4,100,42850
20240105,13:41:22,378.3,50,42850
20240105,13:41:23,378.15,50,42850
20240105,13:41:28,379.35,50,42850
20240105,13:41:32,378.75,50,42850
20240105,13:41:36,381.6,50,42850
20240105,13:41:37,381.6,50,42850
20240105,13:41:40,382.8,100,42850
20240105,13:41:41,382.2,100,42850
20240105,13:41:42,382.2,50,42850
20240105,13:41:44,381.9,150,42850
20240105,13:41:46,380.85,100,42850
20240105,13:41:47,381.9,50,42850
20240105,13:41:55,379.2,50,43300
20240105,13:41:56,379.8,150,43300
20240105,13:42:00,381.9,50,43300
20240105,13:42:01,381.75,50,43300
20240105,13:42:03,380.85,50,43300
20240105,13:42:09,380.7,150,43300
20240105,13:42:10,380.7,200,43300
20240105,13:42:11,379.95,50,43300
20240105,13:42:13,379.05,200,43300
20240105,13:42:14,378.6,50,43300
20240105,13:42:15,378.3,200,43300
20240105,13:42:16,378.7,50,43300
20240105,13:42:22,380.1,150,43300
20240105,13:42:27,376.8,50,43300
20240105,13:42:28,376.9,100,43300
20240105,13:42:30,378.45,100,43300
20240105,13:42:32,378.45,50,43300
20240105,13:42:33,379.2,100,43300
20240105,13:42:38,377.55,50,43300
20240105,13:42:39,378.3,100,43300
20240105,13:42:41,379.05,200,43300
20240105,13:42:42,378.6,100,43300
20240105,13:42:43,378.3,50,43300
20240105,13:42:44,378.15,100,43300
20240105,13:42:45,378.0,50,43300
20240105,13:42:49,377.7,100,43300
20240105,13:42:50,377.4,150,43300
20240105,13:42:54,376.25,100,43300
20240105,13:42:59,374.25,50,43300
20240105,13:43:02,374.5,50,43300
20240105,13:43:06,374.4,50,43300
20240105,13:43:07,373.25,100,43300
20240105,13:43:11,373.8,50,43300
20240105,13:43:18,375.3,50,43300
20240105,13:43:41,370.0,100,43300
20240105,13:43:42,370.4,50,43300
20240105,13:43:44,369.8,50,43300
20240105,13:43:50,369.2,50,43300
20240105,13:43:51,368.9,50,43300
20240105,13:44:21,368.25,50,43300
20240105,13:44:42,367.0,50,43300
20240105,13:44:51,364.9,50,43300
20240105,13:45:04,369.75,100,44450
20240105,13:45:06,370.15,50,44450
20240105,13:45:12,372.3,50,44450
20240105,13:45:15,370.6,50,44450
20240105,13:45:17,368.55,50,44450
20240105,13:45:35,365.3,50,44450
20240105,13:45:36,364.2,500,44450
20240105,13:45:55,365.1,350,44450
20240105,13:46:12,369.65,50,44450
20240105,13:46:13,369.75,250,44450
20240105,13:46:21,371.0,250,44450
20240105,13:46:36,367.7,50,44450
20240105,13:48:34,358.2,50,44250
20240105,13:49:07,362.15,500,44250
20240105,13:50:03,365.1,50,44250
20240105,13:50:15,364.6,50,44250
20240105,13:50:32,362.0,50,44250
20240105,13:51:04,365.8,50,44250
20240105,13:51:19,365.85,50,43900
20240105,13:51:23,365.55,50,43900
20240105,13:51:26,365.1,50,43900
20240105,13:51:29,365.4,50,43900
20240105,13:51:49,365.7,50,43900
20240105,13:52:50,366.9,200,43900
20240105,13:53:28,364.65,50,43900
20240105,13:53:35,364.05,50,43900
20240105,13:53:46,364.65,50,43900
20240105,13:54:00,366.9,50,43900
20240105,13:54:03,366.6,100,44550
20240105,13:54:05,365.85,50,44550
20240105,13:54:07,366.3,50,44550
20240105,13:54:18,366.45,50,44550
20240105,13:54:26,366.45,50,44550
20240105,13:54:34,364.65,50,44550
20240105,13:55:03,365.25,50,44550
20240105,13:55:37,368.35,50,44550
20240105,13:55:38,368.55,500,44550
20240105,13:55:39,367.35,50,44550
20240105,13:55:41,367.65,50,44550
20240105,13:55:59,373.1,50,44550
20240105,13:55:59,371.1,50,44550
20240105,13:56:01,372.45,50,44550
20240105,13:56:03,371.4,50,44550
20240105,13:56:18,372.6,50,44550
20240105,13:56:31,377.25,50,44550
20240105,13:56:32,377.55,50,44550
20240105,13:56:33,377.55,50,44550
20240105,13:56:41,375.75,150,44550
20240105,13:56:43,375.0,50,44550
20240105,13:56:52,371.55,50,44550
20240105,13:56:53,371.7,50,44550
20240105,13:56:54,371.55,50,44550
20240105,13:56:55,371.55,50,44550
20240105,13:56:58,371.3,50,46450
20240105,13:57:01,374.7,50,46450
20240105,13:57:06,372.75,50,46450
20240105,13:57:08,371.85,50,46450
20240105,13:57:10,371.4,50,46450
20240105,13:57:19,369.4,100,46450
20240105,13:57:22,368.8,100,46450
20240105,13:57:31,366.9,50,46450
20240105,13:57:32,366.15,50,46450
20240105,13:57:36,365.25,50,46450
20240105,13:57:38,362.8,50,46450
20240105,13:57:39,363.15,50,46450
20240105,13:57:40,361.9,150,46450
20240105,13:57:41,362.05,150,46450
20240105,13:57:45,362.1,250,46450
20240105,13:57:47,361.25,100,46450
20240105,13:57:47,361.45,50,46450
20240105,13:57:49,364.5,50,46450
20240105,13:57:51,364.5,150,46450
20240105,13:58:17,360.1,50,46450
20240105,13:58:32,355.8,50,46450
20240105,13:58:37,354.5,50,46450
20240105,13:58:39,354.75,500,46450
20240105,13:58:41,356.65,50,46450
20240105,13:58:56,354.35,100,46450
20240105,13:59:03,355.1,100,46450
20240105,13:59:05,355.8,50,46450
20240105,13:59:09,356.85,150,46450
20240105,13:59:10,356.55,150,46450
20240105,13:59:11,357.3,100,46450
20240105,13:59:12,357.45,100,46450
20240105,13:59:13,357.15,100,46450
20240105,13:59:21,356.9,100,46450
20240105,13:59:24,358.2,50,46450
20240105,13:59:25,355.75,200,46450
20240105,13:59:26,356.0,100,46450
20240105,13:59:30,354.7,50,46450
20240105,13:59:47,356.45,50,46450
20240105,13:59:50,358.35,50,46450
20240105,14:00:01,357.9,2600,47250
20240105,14:00:01,357.2,50,47250
20240105,14:00:03,357.2,350,47250
20240105,14:00:23,353.55,200,47250
20240105,14:00:56,369.45,200,47250
20240105,14:00:58,368.85,300,47250
20240105,14:00:59,366.9,100,47250
20240105,14:01:00,366.3,50,47250
20240105,14:01:08,363.6,50,47250
20240105,14:01:14,365.25,50,47250
20240105,14:01:44,366.4,550,47250
20240105,14:02:01,367.9,100,47250
20240105,14:03:03,373.2,100,47900
20240105,14:03:20,376.0,150,47900
20240105,14:03:24,378.3,50,47900
20240105,14:03:26,378.45,50,47900
20240105,14:03:27,377.8,100,47900
20240105,14:03:29,381.0,50,47900
20240105,14:03:31,377.05,50,47900
20240105,14:03:53,382.65,450,47900
20240105,14:03:58,381.25,50,47900
20240105,14:04:29,383.05,50,47900
20240105,14:04:31,386.3,50,47900
20240105,14:04:32,387.15,100,47900
20240105,14:04:37,385.45,50,47900
20240105,14:04:45,384.45,150,47900
20240105,14:04:48,384.55,250,47900
20240105,14:04:49,384.65,50,47900
20240105,14:04:50,386.1,200,47900
20240105,14:05:00,384.2,300,47900
20240105,14:05:02,384.5,50,47900
20240105,14:05:03,384.3,100,47900
20240105,14:05:20,382.9,50,47900
20240105,14:05:23,384.6,50,47900
20240105,14:05:29,389.55,50,47900
20240105,14:05:39,387.15,50,47900
20240105,14:06:06,382.65,50,48800
20240105,14:06:09,382.8,50,48800
20240105,14:06:24,381.1,100,48800
20240105,14:06:36,382.35,50,48800
20240105,14:07:07,378.45,100,48800
20240105,14:07:14,379.95,50,48800
20240105,14:07:15,379.9,50,48800
20240105,14:07:17,382.15,50,48800
20240105,14:09:30,395.0,2200,49100
20240105,14:09:41,392.65,150,49100
20240105,14:09:43,392.0,100,49100
20240105,14:09:58,397.9,50,49100
20240105,14:10:02,397.9,150,49100
20240105,14:10:17,394.6,50,49100
20240105,14:10:37,393.85,200,49100
20240105,14:11:20,390.8,150,49100
20240105,14:11:42,397.85,50,49100
20240105,14:11:43,397.75,50,49100
20240105,14:12:27,396.45,100,49850
20240105,14:13:30,407.15,1500,49850
20240105,14:13:49,411.2,50,49850
20240105,14:13:55,411.2,1800,49850
20240105,14:14:01,407.15,50,49850
20240105,14:14:02,408.05,1800,49850
20240105,14:14:04,408.0,50,49850
20240105,14:14:30,404.5,50,49850
20240105,14:14:48,402.45,50,49850
20240105,14:14:58,404.7,50,49850
20240105,14:15:01,404.5,4000,50150
20240105,14:15:02,405.7,350,50150
20240105,14:15:03,406.95,250,50150
20240105,14:15:06,407.5,200,50150
20240105,14:15:07,410.25,1000,50150
20240105,14:15:08,410.2,1000,50150
20240105,14:15:14,406.3,1000,50150
20240105,14:15:19,405.25,700,50150
20240105,14:15:42,401.3,900,50150
20240105,14:16:06,395.6,200,50150
20240105,14:17:33,412.0,200,50150
20240105,14:17:40,412.55,100,50150
20240105,14:18:06,417.7,100,48700
20240105,14:18:07,416.8,50,48700
20240105,14:18:08,416.4,50,48700
20240105,14:18:10,416.2,100,48700
20240105,14:18:11,416.2,150,48700
20240105,14:18:12,416.8,50,48700
20240105,14:18:13,416.9,50,48700
20240105,14:18:24,412.7,50,48700
20240105,14:18:25,414.7,100,48700
20240105,14:18:33,413.95,50,48700
20240105,14:18:36,415.7,250,48700
20240105,14:18:50,422.9,50,48700
20240105,14:18:54,424.35,50,48700
20240105,14:19:15,425.8,50,48700
20240105,14:19:16,427.05,50,48700
20240105,14:19:21,427.05,50,48700
20240105,14:19:26,426.85,50,48700
20240105,14:19:30,425.85,50,48700
20240105,14:19:50,422.1,150,48700
20240105,14:19:51,420.05,400,48700
20240105,14:19:52,421.6,500,48700
20240105,14:19:52,418.7,300,48700
20240105,14:19:53,419.3,350,48700
20240105,14:19:54,417.75,500,48700
20240105,14:20:15,425.6,100,48700
20240105,14:20:17,427.6,100,48700
20240105,14:20:19,428.4,1800,48700
20240105,14:20:23,431.95,1800,48700
20240105,14:20:52,433.15,50,48700
20240105,14:21:00,433.15,50,45500
20240105,14:21:01,428.8,50,45500
20240105,14:21:03,427.8,50,45500
20240105,14:21:16,431.2,50,45500
20240105,14:21:56,430.15,50,45500
20240105,14:22:14,428.85,50,45500
20240105,14:22:29,425.8,100,45500
20240105,14:22:36,430.4,100,45500
20240105,14:22:38,429.15,50,45500
20240105,14:22:58,429.15,50,45500
20240105,14:23:01,425.6,250,45500
20240105,14:23:09,424.15,50,45500
20240105,14:23:13,419.3,250,45500
20240105,14:23:18,422.75,150,45500
20240105,14:23:36,419.15,250,45500
20240105,14:24:08,418.05,200,45500
20240105,14:25:06,424.2,100,45200
20240105,14:25:07,424.2,50,45200
20240105,14:25:59,423.6,100,45200
20240105,14:28:39,422.0,200,44750
20240105,14:29:32,415.45,50,44750
20240105,14:31:26,416.0,50,44950
20240105,14:31:45,411.25,50,44950
20240105,14:32:01,410.95,50,44950
20240105,14:32:51,415.1,550,44950
20240105,14:33:33,410.75,50,44400
20240105,14:34:33,408.85,50,44400
20240105,14:34:34,408.05,50,44400
20240105,14:37:39,415.25,50,44450
20240105,14:39:06,406.4,200,44450
20240105,14:39:41,401.0,100,44450
20240105,14:40:25,402.0,50,44450
20240105,14:40:27,401.75,50,44450
20240105,14:40:31,401.0,50,44450
20240105,14:42:15,401.0,50,44450
20240105,14:42:33,400.0,50,44250
20240105,14:43:16,392.5,50,44250
20240105,14:43:48,391.6,50,44250
20240105,14:44:12,384.7,250,44250
20240105,14:44:14,384.65,50,44250
20240105,14:44:19,383.25,150,44250
20240105,14:44:44,384.6,100,44250
20240105,14:45:04,382.0,50,43850
20240105,14:45:14,381.65,50,43850
20240105,14:45:21,380.0,50,43850
20240105,14:45:35,380.0,50,43850
20240105,14:45:36,379.95,50,43850
20240105,14:45:43,379.15,100,43850
20240105,14:46:22,375.0,50,43850
20240105,14:46:39,373.35,50,43850
20240105,14:46:59,377.0,50,43850
20240105,14:47:02,378.5,150,43850
20240105,14:47:32,375.0,50,43850
20240105,14:48:10,370.1,50,43900
20240105,14:49:52,359.25,50,43900
20240105,14:50:03,359.85,50,43900
20240105,14:50:12,357.5,200,43900
20240105,14:50:34,345.9,650,43900
20240105,14:50:34,346.0,50,43900
20240105,14:50:36,347.2,100,43900
20240105,14:50:38,348.35,50,43900
20240105,14:50:46,343.9,100,43900
20240105,14:50:49,342.0,150,43900
20240105,14:50:50,342.0,150,43900
20240105,14:50:53,339.0,50,43900
20240105,14:50:55,341.1,1800,43900
20240105,14:50:57,339.85,150,43900
20240105,14:50:58,340.2,50,43900
20240105,14:50:59,340.2,100,43900
20240105,14:51:01,337.35,50,43900
20240105,14:51:05,336.8,2100,42650
20240105,14:51:05,336.7,50,42650
20240105,14:51:13,341.4,1800,42650
20240105,14:51:14,337.8,50,42650
20240105,14:51:18,339.4,150,42650
20240105,14:51:20,342.0,50,42650
20240105,14:52:01,342.0,400,42650
20240105,14:52:02,343.95,100,42650
20240105,14:52:03,344.0,50,42650
20240105,14:52:09,346.1,50,42650
20240105,14:52:12,346.4,100,42650
20240105,14:52:16,346.15,50,42650
20240105,14:52:25,339.35,50,42650
20240105,14:52:32,342.1,50,42650
20240105,14:52:39,342.55,50,42650
20240105,14:53:00,332.5,900,42650
20240105,14:53:01,332.55,550,42650
20240105,14:53:05,334.2,300,42650
20240105,14:53:06,335.65,50,42650
20240105,14:53:09,337.9,50,42650
20240105,14:53:41,342.3,50,42650
20240105,14:53:44,342.8,150,42650
20240105,14:53:48,342.35,150,42650
20240105,14:54:07,340.0,50,42650
20240105,14:54:09,340.0,100,41250
20240105,14:54:46,337.2,50,41250
20240105,14:54:49,337.05,100,41250
20240105,14:55:06,333.6,50,41250
20240105,14:55:07,333.3,50,41250
20240105,14:55:08,331.9,150,41250
20240105,14:55:10,332.6,50,41250
20240105,14:55:11,331.15,150,41250
20240105,14:55:12,331.85,150,41250
20240105,14:55:23,337.4,50,41250
20240105,14:55:24,333.15,150,41250
20240105,14:55:30,331.1,200,41250
20240105,14:55:31,330.95,300,41250
20240105,14:55:32,330.45,150,41250
20240105,14:55:34,332.1,150,41250
20240105,14:55:35,330.5,150,41250
20240105,14:55:36,331.25,150,41250
20240105,14:55:41,333.25,100,41250
20240105,14:56:28,333.55,50,41250
20240105,14:56:58,334.4,50,41250
20240105,14:57:00,332.1,50,41250
20240105,14:57:42,337.25,50,39550
20240105,14:58:27,337.8,250,39550
20240105,14:58:56,341.6,50,39550
20240105,14:59:08,344.85,250,39550
20240105,14:59:11,344.0,50,39550
20240105,14:59:28,336.85,600,39550
20240105,14:59:29,335.0,50,39550
20240105,14:59:38,332.7,400,39550
20240105,15:00:02,339.05,50,39550
20240105,15:00:09,330.0,50,38800
20240105,15:00:26,323.55,150,38800
20240105,15:00:27,325.95,900,38800
20240105,15:00:36,326.1,50,38800
20240105,15:00:38,328.05,50,38800
20240105,15:00:51,328.05,150,38800
20240105,15:00:52,328.45,200,38800
20240105,15:01:08,323.85,50,38800
20240105,15:01:13,321.3,150,38800
20240105,15:01:15,319.85,250,38800
20240105,15:01:23,319.95,50,38800
20240105,15:01:42,323.25,50,38800
20240105,15:02:01,320.6,800,38800
20240105,15:02:25,312.6,500,38800
20240105,15:02:26,312.6,250,38800
20240105,15:02:27,309.95,750,38800
20240105,15:02:29,309.2,750,38800
20240105,15:02:31,308.4,200,38800
20240105,15:02:33,307.5,300,38800
20240105,15:02:35,307.5,1000,38800
20240105,15:02:39,310.8,50,38800
20240105,15:03:07,315.15,350,36450
20240105,15:03:09,317.15,150,36450
20240105,15:03:18,310.8,50,36450
20240105,15:03:54,323.1,500,36450
20240105,15:04:36,320.2,50,36450
20240105,15:05:04,309.0,150,36450
20240105,15:05:32,308.5,900,36450
20240105,15:05:58,314.35,200,36450
20240105,15:06:24,325.8,900,36450
20240105,15:06:37,327.5,100,36450
20240105,15:06:41,324.5,100,36450
20240105,15:06:56,327.15,250,36450
20240105,15:07:12,321.8,100,36450
20240105,15:07:19,320.15,350,36450
20240105,15:07:20,319.75,100,36450
20240105,15:07:22,319.35,250,36450
20240105,15:07:23,319.4,250,36450
20240105,15:07:25,319.15,250,36450
20240105,15:07:26,319.25,250,36450
20240105,15:07:36,315.85,50,36450
20240105,15:07:37,315.75,150,36450
20240105,15:07:48,316.45,50,36450
20240105,15:07:57,314.35,50,36450
20240105,15:08:19,314.4,50,36450
20240105,15:08:27,313.35,50,36450
20240105,15:08:28,313.4,300,36450
20240105,15:08:42,316.2,50,36450
20240105,15:09:00,315.95,100,36450
20240105,15:09:07,317.0,200,35400
20240105,15:09:37,320.8,100,35400
20240105,15:09:49,326.0,50,35400
20240105,15:10:49,322.75,50,35400
20240105,15:11:42,319.1,300,35400
20240105,15:11:47,317.2,100,35400
20240105,15:11:57,322.75,50,35400
20240105,15:12:00,324.0,200,35400
20240105,15:12:15,330.0,150,34800
20240105,15:12:25,329.5,50,34800
20240105,15:12:29,331.75,100,34800
20240105,15:12:48,333.65,50,34800
20240105,15:12:57,332.85,250,34800
20240105,15:12:59,333.35,50,34800
20240105,15:13:01,330.5,300,34800
20240105,15:13:08,329.05,250,34800
20240105,15:13:10,330.5,50,34800
20240105,15:13:11,330.6,100,34800
20240105,15:13:15,329.45,250,34800
20240105,15:13:16,329.25,250,34800
20240105,15:13:17,328.25,300,34800
20240105,15:13:18,328.2,500,34800
20240105,15:13:21,329.25,250,34800
20240105,15:13:25,328.75,150,34800
20240105,15:13:33,332.45,100,34800
20240105,15:13:39,334.85,50,34800
20240105,15:13:56,333.15,100,34800
20240105,15:14:14,329.7,50,34800
20240105,15:15:01,329.45,50,34800
20240105,15:15:11,332.45,250,33700
20240105,15:16:28,346.2,100,33700
20240105,15:16:34,346.55,150,33700
20240105,15:16:40,344.6,50,33700
20240105,15:16:59,344.95,50,33700
20240105,15:17:14,350.1,900,33700
20240105,15:17:35,348.75,100,33700
20240105,15:18:11,349.5,500,33350
20240105,15:19:14,348.9,500,33350
20240105,15:19:53,346.15,50,33350
20240105,15:21:01,342.55,50,33350
20240105,15:21:06,341.65,200,33350
20240105,15:21:46,339.35,50,33550
20240105,15:22:46,346.0,350,33550
20240105,15:22:52,347.85,100,33550
20240105,15:23:53,347.4,50,33550
20240105,15:25:11,343.65,300,33150
20240105,15:25:14,344.15,100,33150
20240105,15:25:31,339.65,50,33150
20240105,15:25:32,339.65,50,33150
20240105,15:25:41,338.5,100,33150
20240105,15:26:09,338.85,200,33150
20240105,15:26:10,338.95,500,33150
20240105,15:26:14,339.15,450,33150
20240105,15:26:45,332.55,50,33150
20240105,15:27:03,331.7,1250,33150
20240105,15:27:07,330.9,250,33150
20240105,15:27:10,330.85,350,33050
20240105,15:27:12,331.8,100,33050
20240105,15:28:05,331.95,100,33050
20240105,15:28:16,332.2,50,33050
20240105,15:28:43,335.15,50,33050
20240105,15:29:03,335.85,100,33050
20240105,15:29:54,340.9,50,33050
20240108,09:15:09,347.65,1,32800
20240108,09:15:09,344.0,1,32800
20240108,09:15:09,344.05,800,32800
20240108,09:15:10,347.5,1250,32800
20240108,09:15:20,345.8,50,32800
20240108,09:15:33,345.45,150,32800
20240108,09:15:43,339.55,250,32800
20240108,09:15:53,341.3,100,32800
20240108,09:16:06,328.95,550,32800
20240108,09:16:08,328.95,50,32800
20240108,09:16:09,335.4,150,32800
20240108,09:16:12,336.1,350,32800
20240108,09:16:17,336.1,300,32800
20240108,09:16:29,327.65,50,32800
20240108,09:16:32,327.65,50,32800
20240108,09:16:37,327.6,250,32800
20240108,09:17:04,327.6,600,32800
20240108,09:18:12,333.9,350,33800
20240108,09:18:36,329.05,50,33800
20240108,09:18:40,329.0,50,33800
20240108,09:19:01,329.4,50,33800
20240108,09:19:14,329.0,100,33800
20240108,09:20:13,327.4,50,33800
20240108,09:20:16,327.4,50,33800
20240108,09:20:26,329.0,50,33800
20240108,09:20:44,329.0,50,33800
20240108,09:20:56,336.3,50,33800
20240108,09:21:01,337.6,50,33800
20240108,09:21:04,336.4,50,33800
20240108,09:21:07,338.5,50,33800
20240108,09:21:12,340.65,800,33800
20240108,09:21:14,341.25,50,33800
20240108,09:21:58,345.0,250,33800
20240108,09:22:01,341.85,50,33800
20240108,09:22:37,335.75,50,33800
20240108,09:23:10,323.85,200,33800
20240108,09:23:11,323.85,600,33800
20240108,09:23:26,320.1,100,33700
20240108,09:23:31,318.35,50,33700
20240108,09:23:33,318.35,50,33700
20240108,09:24:20,314.6,50,33700
20240108,09:24:28,314.6,100,33700
20240108,09:24:32,315.6,50,33700
20240108,09:24:44,314.4,50,33700
20240108,09:25:04,313.95,50,33700
20240108,09:25:13,313.4,50,33700
20240108,09:25:21,312.0,50,33700
20240108,09:25:24,312.0,50,33700
20240108,09:25:26,313.2,50,33700
20240108,09:25:31,312.8,50,33700
20240108,09:25:41,312.85,50,33700
20240108,09:26:17,314.55,50,33700
20240108,09:26:25,315.4,50,33800
20240108,09:29:08,326.8,50,33800
20240108,09:29:22,325.15,250,33800
20240108,09:29:50,329.4,50,33800
20240108,09:30:22,332.85,50,33800
20240108,09:30:23,330.6,50,33800
20240108,09:30:25,329.3,100,33800
20240108,09:30:58,339.75,400,33800
20240108,09:30:58,339.0,300,33800
20240108,09:31:04,343.0,50,33800
20240108,09:31:40,337.45,50,33800
20240108,09:31:41,338.05,50,33800
20240108,09:31:56,340.45,250,33800
20240108,09:32:09,349.1,600,33800
20240108,09:32:10,349.1,50,33800
20240108,09:32:11,344.55,50,33800
20240108,09:32:28,340.0,50,34900
20240108,09:32:31,337.95,50,34900
20240108,09:32:37,340.0,300,34900
20240108,09:32:48,337.65,50,34900
20240108,09:33:06,345.0,50,34900
20240108,09:33:46,354.0,500,34900
20240108,09:33:48,354.0,300,34900
20240108,09:33:50,353.55,500,34900
20240108,09:33:53,353.4,200,34900
20240108,09:33:56,352.5,100,34900
20240108,09:34:13,355.7,200,34900
20240108,09:34:14,355.8,150,34900
20240108,09:34:19,356.9,50,34900
20240108,09:34:31,360.9,50,34900
20240108,09:34:35,360.9,100,34900
20240108,09:34:36,359.7,50,34900
20240108,09:34:41,358.05,100,34900
20240108,09:34:42,358.1,50,34900
20240108,09:34:59,360.35,200,34900
20240108,09:35:04,360.1,100,34900
20240108,09:35:07,358.95,300,34900
20240108,09:35:09,360.1,50,34900
20240108,09:35:13,361.5,1050,34900
20240108,09:35:14,360.9,150,34900
20240108,09:35:43,361.2,400,34900
20240108,09:35:44,360.9,50,35750
20240108,09:35:45,361.05,50,35750
20240108,09:36:03,362.85,50,35750
20240108,09:36:04,363.3,50,35750
20240108,09:36:14,366.4,50,35750
20240108,09:36:22,366.45,50,35750
20240108,09:37:58,371.7,200,35750
20240108,09:37:59,371.7,50,35750
20240108,09:38:00,369.6,650,35750
20240108,09:38:14,371.2,50,35750
20240108,09:38:19,371.55,50,35750
20240108,09:38:36,377.7,100,36050
20240108,09:38:48,378.0,50,36050
20240108,09:38:50,378.0,1650,36050
20240108,09:39:01,383.1,50,36050
20240108,09:39:04,383.25,100,36050
20240108,09:39:25,383.25,100,36050
20240108,09:39:27,379.1,100,36050
20240108,09:40:21,385.9,100,36050
20240108,09:40:33,388.1,750,36050
20240108,09:40:54,395.75,900,36050
20240108,09:40:56,395.75,200,36050
20240108,09:41:04,391.55,100,36050
20240108,09:41:06,391.2,150,36050
20240108,09:41:13,390.0,750,36050
20240108,09:41:18,388.1,50,36050
20240108,09:41:22,388.8,50,38600
20240108,09:41:27,388.1,50,38600
20240108,09:41:34,387.6,50,38600
20240108,09:41:51,382.9,100,38600
20240108,09:42:44,391.7,50,38600
20240108,09:42:50,389.6,50,38600
20240108,09:45:10,392.65,50,38450
20240108,09:45:13,392.9,50,38450
20240108,09:45:50,400.35,500,38450
20240108,09:45:51,402.2,150,38450
20240108,09:47:04,392.65,100,38450
20240108,09:47:05,394.65,50,38450
20240108,09:47:34,399.9,50,39050
20240108,09:47:35,401.1,100,39050
20240108,09:49:41,406.75,100,39050
20240108,09:49:49,408.7,250,39050
20240108,09:49:55,408.7,100,39050
20240108,09:50:23,405.75,100,39050
20240108,09:50:44,400.7,100,39200
20240108,09:51:16,402.7,50,39200
20240108,09:51:48,391.05,50,39200
20240108,09:51:52,390.05,50,39200
20240108,09:51:56,389.85,100,39200
20240108,09:52:02,392.1,50,39200
20240108,09:53:02,381.6,200,39200
20240108,09:53:14,388.2,100,39200
20240108,09:53:19,390.0,50,39200
20240108,09:54:31,373.7,50,39100
20240108,09:54:39,376.65,100,39100
20240108,09:55:02,379.5,250,39100
20240108,09:55:05,376.65,200,39100
20240108,09:57:56,371.4,50,39500
20240108,09:58:05,374.0,50,39500
20240108,09:58:12,372.5,50,39500
20240108,09:59:21,372.7,50,39500
20240108,10:00:14,382.35,50,39650
20240108,10:00:41,386.7,50,39650
20240108,10:00:44,385.75,100,39650
20240108,10:00:45,384.55,50,39650
20240108,10:00:56,381.45,50,39650
20240108,10:01:01,381.4,50,39650
20240108,10:01:16,374.05,100,39650
20240108,10:01:26,374.65,50,39650
20240108,10:02:05,361.3,600,39650
20240108,10:02:10,363.15,50,39650
20240108,10:02:47,369.65,150,39150
20240108,10:02:48,369.7,50,39150
20240108,10:02:58,372.75,50,39150
20240108,10:03:48,362.25,100,39150
20240108,10:03:55,363.45,100,39150
20240108,10:04:15,359.25,50,39150
20240108,10:04:16,359.55,100,39150
20240108,10:04:21,360.25,50,39150
20240108,10:04:46,369.2,50,39150
20240108,10:04:57,372.0,50,39150
20240108,10:05:25,373.9,50,39150
20240108,10:05:56,373.1,150,38700
20240108,10:06:27,378.05,50,38700
20240108,10:06:57,380.45,150,38700
20240108,10:07:00,381.1,500,38700
20240108,10:07:20,375.1,100,38700
20240108,10:07:22,375.1,50,38700
20240108,10:09:00,370.75,500,39400
20240108,10:10:01,373.6,300,39400
20240108,10:10:53,368.75,50,39400
20240108,10:10:55,368.75,50,39400
20240108,10:11:08,364.3,50,39400
20240108,10:11:27,369.8,50,38700
20240108,10:11:51,366.15,50,38700
20240108,10:12:05,368.25,50,38700
20240108,10:12:09,367.15,50,38700
20240108,10:12:24,365.15,50,38700
20240108,10:12:37,366.35,50,38700
20240108,10:12:50,365.85,50,38700
20240108,10:13:04,362.0,50,38700
20240108,10:13:56,362.0,50,38700
20240108,10:14:16,357.9,50,38700
20240108,10:14:30,354.3,50,38400
20240108,10:14:31,354.8,100,38400
20240108,10:14:32,356.45,200,38400
20240108,10:14:34,356.8,50,38400
20240108,10:14:56,359.5,50,38400
20240108,10:15:05,357.45,1500,38400
20240108,10:15:07,355.35,1000,38400
20240108,10:15:08,355.0,50,38400
20240108,10:15:13,356.55,500,38400
20240108,10:15:18,357.9,350,38400
20240108,10:15:26,358.0,50,38400
20240108,10:15:31,359.2,100,38400
20240108,10:15:45,362.05,100,38400
20240108,10:16:07,355.0,500,38400
20240108,10:16:24,358.15,50,38400
20240108,10:18:46,368.0,500,38650
20240108,10:19:12,369.75,50,38650
20240108,10:19:27,370.0,50,38650
20240108,10:19:36,376.05,100,38650
20240108,10:19:57,377.6,700,38650
20240108,10:20:00,375.6,500,38650
20240108,10:20:05,375.1,100,38650
20240108,10:20:58,366.7,150,38650
20240108,10:21:00,365.75,500,39300
20240108,10:21:01,366.5,700,39300
20240108,10:21:08,365.0,50,39300
20240108,10:21:50,361.95,100,39300
20240108,10:25:16,364.95,50,38250
20240108,10:25:19,366.9,50,38250
20240108,10:26:22,356.9,100,38250
20240108,10:26:38,360.6,100,38200
20240108,10:26:43,360.9,50,38200
20240108,10:28:15,358.05,50,38200
20240108,10:30:02,352.65,50,38200
20240108,10:30:10,349.0,100,38300
20240108,10:30:18,351.35,50,38300
20240108,10:30:19,351.3,50,38300
20240108,10:30:33,355.05,200,38300
20240108,10:31:01,344.7,50,38300
20240108,10:31:12,346.8,350,38300
20240108,10:31:17,346.3,50,38300
20240108,10:32:14,346.75,100,38300
20240108,10:32:41,343.95,50,38650
20240108,10:33:01,337.25,150,38650
20240108,10:33:03,335.0,100,38650
20240108,10:33:06,335.7,50,38650
20240108,10:33:07,337.4,100,38650
20240108,10:33:43,333.9,100,38650
20240108,10:34:01,324.15,100,38650
20240108,10:34:06,325.95,50,38650
20240108,10:34:17,325.0,50,38650
20240108,10:34:20,324.0,50,38650
20240108,10:34:29,324.95,50,38650
20240108,10:34:39,325.9,200,38650
20240108,10:34:40,325.2,50,38650
20240108,10:34:41,324.9,50,38650
20240108,10:35:09,325.0,50,38650
20240108,10:35:47,325.0,50,38500
20240108,10:35:52,327.8,250,38500
20240108,10:36:12,327.7,50,38500
20240108,10:37:13,327.65,50,38500
20240108,10:37:19,327.3,50,38500
20240108,10:37:26,328.45,50,38500
20240108,10:38:46,327.55,50,38550
20240108,10:39:32,330.75,100,38550
20240108,10:39:46,333.8,50,38550
20240108,10:39:51,334.6,50,38550
20240108,10:40:24,335.4,50,38550
20240108,10:41:30,345.0,200,38550
20240108,10:41:31,346.0,50,38550
20240108,10:41:53,350.2,50,38500
20240108,10:41:55,352.95,100,38500
20240108,10:41:58,354.85,50,38500
20240108,10:42:07,356.4,250,38500
20240108,10:43:02,362.7,50,38500
20240108,10:43:03,363.45,100,38500
20240108,10:43:36,365.1,50,38500
20240108,10:43:37,366.9,50,38500
20240108,10:43:57,366.9,100,38500
20240108,10:44:31,370.65,50,38500
20240108,10:44:40,368.1,50,38400
20240108,10:44:41,365.7,100,38400
20240108,10:45:37,365.0,50,38400
20240108,10:45:39,365.0,50,38400
20240108,10:46:06,373.9,50,38400
20240108,10:46:08,373.1,50,38400
20240108,10:46:38,373.65,50,38400
20240108,10:46:43,372.9,350,38400
20240108,10:47:03,367.35,500,38400
20240108,10:47:21,371.55,50,38400
20240108,10:48:00,371.55,50,38650
20240108,10:49:41,375.15,400,38650
20240108,10:49:54,377.6,100,38650
20240108,10:50:51,377.2,50,39100
20240108,10:50:59,381.0,450,39100
20240108,10:51:00,381.1,50,39100
20240108,10:51:13,383.95,50,39100
20240108,10:51:14,383.3,50,39100
20240108,10:51:18,383.95,200,39100
20240108,10:51:20,385.9,400,39100
20240108,10:51:42,384.55,100,39100
20240108,10:52:00,390.8,500,39100
20240108,10:52:01,388.6,50,39100
20240108,10:52:30,392.6,300,39100
20240108,10:52:39,392.8,500,39100
20240108,10:53:05,392.2,100,39100
20240108,10:53:44,398.1,500,39100
20240108,10:53:45,398.15,50,39650
20240108,10:53:49,397.8,100,39650
20240108,10:54:04,395.45,350,39650
20240108,10:54:15,400.0,250,39650
20240108,10:54:18,399.1,100,39650
20240108,10:54:59,406.0,50,39650
20240108,10:55:00,408.0,150,39650
20240108,10:55:45,408.0,50,39650
20240108,10:55:48,407.95,500,39650
20240108,10:56:11,403.8,50,39650
20240108,10:56:16,408.4,100,39650
20240108,10:56:40,409.15,50,39300
20240108,10:56:41,409.4,100,39300
20240108,10:56:43,409.75,250,39300
20240108,10:57:05,413.55,50,39300
20240108,10:57:06,413.55,500,39300
20240108,10:58:09,409.65,300,39300
20240108,11:00:02,418.55,50,39250
20240108,11:00:03,418.8,100,39250
20240108,11:00:42,418.8,600,39250
20240108,11:01:21,408.1,100,39250
20240108,11:01:27,409.25,100,39250
20240108,11:01:50,404.15,150,39250
20240108,11:02:18,406.55,50,39250
20240108,11:04:03,407.45,250,38600
20240108,11:04:04,409.85,250,38600
20240108,11:04:19,407.0,50,38600
20240108,11:05:02,400.9,100,38600
20240108,11:05:34,405.85,50,38400
20240108,11:05:52,411.5,50,38400
20240108,11:06:02,411.1,250,38400
20240108,11:06:21,415.9,250,38400
20240108,11:06:25,416.7,250,38400
20240108,11:06:26,417.55,250,38400
20240108,11:06:33,423.85,450,38400
20240108,11:06:52,431.2,1000,38400
20240108,11:06:53,433.8,400,38400
20240108,11:06:59,434.35,50,38400
20240108,11:07:03,434.35,250,38400
20240108,11:07:12,438.7,150,38400
20240108,11:07:16,438.7,50,38400
20240108,11:07:17,437.95,50,38400
20240108,11:07:26,443.0,50,38400
20240108,11:07:34,445.0,50,38400
20240108,11:07:50,448.25,150,38400
20240108,11:07:52,449.6,50,38400
20240108,11:07:57,449.6,50,38400
20240108,11:07:58,448.8,100,38400
20240108,11:07:59,448.4,100,38400
20240108,11:08:00,448.0,50,38400
20240108,11:08:02,451.65,50,38400
20240108,11:09:00,451.65,50,39550
20240108,11:09:11,440.3,50,39550
20240108,11:09:24,427.0,50,39550
20240108,11:10:07,441.5,100,39550
20240108,11:10:21,439.6,100,39550
20240108,11:11:36,446.75,500,39600
20240108,11:11:58,446.6,50,39600
20240108,11:11:59,446.7,50,39600
20240108,11:12:01,447.8,100,39600
20240108,11:13:57,444.35,250,39600
20240108,11:15:02,437.3,1500,39600
20240108,11:15:03,436.3,500,39700
20240108,11:15:08,438.5,1250,39700
20240108,11:15:16,435.9,500,39700
20240108,11:15:22,435.05,350,39700
20240108,11:15:34,439.85,500,39700
20240108,11:16:02,442.0,150,39700
20240108,11:16:04,442.55,500,39700
20240108,11:16:24,447.1,100,39700
20240108,11:17:04,442.6,250,39700
20240108,11:17:12,441.2,50,39700
20240108,11:20:00,423.65,50,38400
20240108,11:20:32,429.3,200,38400
20240108,11:21:54,431.2,50,38450
20240108,11:22:00,437.75,100,38450
20240108,11:22:22,434.9,150,38450
20240108,11:26:25,426.1,400,38550
20240108,11:27:36,424.1,250,38850
20240108,11:27:58,425.25,150,38850
20240108,11:28:04,422.2,50,38850
20240108,11:28:55,422.0,150,38850
20240108,11:32:07,422.0,50,38850
20240108,11:32:20,422.0,200,38750
20240108,11:34:02,425.0,550,38800
20240108,11:34:54,416.6,550,38800
20240108,11:35:01,410.0,200,38800
20240108,11:35:25,410.5,100,38800
20240108,11:36:20,402.0,50,38300
20240108,11:36:23,401.7,50,38300
20240108,11:36:51,404.9,200,38300
20240108,11:45:07,399.15,500,38150
20240108,11:46:31,406.45,250,38150
20240108,11:48:05,418.1,50,38100
20240108,11:49:03,415.9,50,38100
20240108,11:49:46,412.0,150,38100
20240108,11:50:38,414.7,50,38100
20240108,11:50:59,422.5,500,37950
20240108,11:51:28,429.2,100,37950
20240108,11:51:29,428.65,100,37950
20240108,11:52:06,425.75,200,37950
20240108,11:52:15,432.75,150,37950
20240108,11:52:16,433.25,100,37950
20240108,11:53:14,448.05,150,37950
20240108,11:53:15,447.55,200,37950
20240108,11:53:16,447.1,250,37950
20240108,11:53:24,450.4,100,37950
20240108,11:53:25,449.6,250,37950
20240108,11:53:26,447.9,50,37950
20240108,11:54:04,456.2,50,38250
20240108,11:54:21,467.6,150,38250
20240108,11:54:56,471.65,50,38250
20240108,11:55:54,478.6,50,38250
20240108,11:56:36,478.6,150,38250
20240108,11:57:01,475.2,50,38450
20240108,11:57:27,467.5,200,38450
20240108,11:57:28,469.4,100,38450
20240108,11:57:46,475.25,50,38450
20240108,11:57:57,485.75,100,38450
20240108,11:57:58,486.35,300,38450
20240108,11:58:46,495.0,50,38450
20240108,11:58:52,495.0,50,38450
20240108,11:58:53,494.1,150,38450
20240108,11:58:58,491.6,500,38450
20240108,11:59:21,496.0,50,38450
20240108,12:00:00,496.0,50,38500
20240108,12:00:02,488.3,150,38500
20240108,12:00:27,481.7,250,38500
20240108,12:01:01,476.15,50,38500
20240108,12:01:06,477.3,250,38500
20240108,12:02:08,472.35,150,38500
20240108,12:02:17,468.75,150,38500
20240108,12:02:55,480.95,50,38000
20240108,12:03:01,472.85,100,38000
20240108,12:04:02,472.45,50,38000
20240108,12:04:33,469.35,50,38000
20240108,12:05:08,479.8,50,38000
20240108,12:06:00,479.25,50,38050
20240108,12:07:05,466.45,100,38050
20240108,12:07:17,464.2,50,38050
20240108,12:08:16,459.55,50,38050
20240108,12:08:18,460.25,100,38050
20240108,12:09:56,463.3,50,37900
20240108,12:10:13,464.9,150,37900
20240108,12:12:36,464.6,100,37600
20240108,12:12:58,461.2,50,37600
20240108,12:13:27,460.3,100,37600
20240108,12:14:15,455.8,250,37600
20240108,12:14:31,458.95,700,37600
20240108,12:16:07,448.15,50,37200
20240108,12:16:36,448.15,50,37200
20240108,12:16:38,448.25,150,37200
20240108,12:17:19,449.75,100,37200
20240108,12:17:21,449.0,100,37200
20240108,12:17:33,459.9,150,37200
20240108,12:17:39,458.75,100,37200
20240108,12:17:40,460.0,100,37200
20240108,12:17:53,461.3,50,36700
20240108,12:17:58,464.7,50,36700
20240108,12:20:09,455.0,50,36700
20240108,12:20:12,454.5,50,36700
20240108,12:21:14,463.5,50,36650
20240108,12:21:29,463.8,350,36650
20240108,12:21:37,465.3,150,36650
20240108,12:22:09,465.8,300,36650
20240108,12:24:43,459.3,100,36200
20240108,12:24:47,459.65,50,36200
20240108,12:26:18,457.8,100,36200
20240108,12:27:34,466.8,50,36000
20240108,12:28:34,464.65,50,36000
20240108,12:29:06,468.95,50,36000
20240108,12:30:16,457.15,50,36000
20240108,12:31:32,458.3,50,36000
20240108,12:31:37,455.7,100,36000
20240108,12:32:03,449.05,50,36000
20240108,12:32:29,443.45,50,36000
20240108,12:32:30,445.1,50,36000
20240108,12:32:31,445.25,50,36000
20240108,12:32:32,443.45,50,36000
20240108,12:32:37,441.75,50,36000
20240108,12:32:43,443.65,50,36000
20240108,12:33:03,432.8,50,35650
20240108,12:33:43,427.8,150,35650
20240108,12:34:06,428.4,150,35650
20240108,12:35:06,432.2,50,35650
20240108,12:35:20,432.15,50,35650
20240108,12:37:25,437.6,50,35450
20240108,12:37:50,438.55,50,35450
20240108,12:38:05,436.85,100,35450
20240108,12:39:00,435.25,250,35300
20240108,12:39:06,433.95,50,35300
20240108,12:39:40,437.45,50,35300
20240108,12:40:27,437.45,50,35300
20240108,12:40:40,439.8,50,35300
20240108,12:41:10,437.8,100,35300
20240108,12:41:26,440.6,100,35300
20240108,12:44:04,439.85,650,34750
20240108,12:44:41,439.45,150,34750
20240108,12:45:44,440.95,50,34550
20240108,12:45:55,439.95,150,34550
20240108,12:47:00,448.65,50,34550
20240108,12:48:18,441.15,100,34650
20240108,12:48:20,443.0,50,34650
20240108,12:50:21,452.55,100,34650
20240108,12:50:45,458.8,50,34650
20240108,12:51:17,454.6,600,34650
20240108,12:52:04,452.6,100,34650
20240108,12:52:16,455.0,150,34650
20240108,12:52:17,454.5,150,34650
20240108,12:52:22,454.1,250,34650
20240108,12:52:30,451.3,50,34650
20240108,12:54:37,460.0,100,35300
20240108,12:54:46,459.5,50,35300
20240108,12:55:47,463.55,50,35300
20240108,12:55:58,461.85,50,35300
20240108,13:00:03,473.6,50,35300
20240108,13:00:06,473.0,50,35300
20240108,13:03:34,450.0,50,35350
20240108,13:06:13,459.45,250,35350
20240108,13:11:14,462.05,200,35350
20240108,13:15:00,462.6,100,35250
20240108,13:18:17,458.3,50,35250
20240108,13:18:33,457.2,50,35250
20240108,13:18:35,458.05,50,35250
20240108,13:20:39,450.45,50,35250
20240108,13:20:44,449.45,50,35250
20240108,13:20:44,450.35,50,35250
20240108,13:21:00,444.7,50,35250
20240108,13:21:20,442.4,50,35250
20240108,13:22:12,442.35,100,35250
20240108,13:23:01,452.0,100,35250
20240108,13:25:00,456.15,50,35250
20240108,13:25:35,446.15,50,35250
20240108,13:25:45,446.25,50,35250
20240108,13:30:18,448.35,350,35250
20240108,13:33:56,458.5,50,35050
20240108,13:34:05,452.7,150,35050
20240108,13:34:24,450.3,50,35050
20240108,13:35:41,460.6,50,35050
20240108,13:38:53,461.1,50,35050
20240108,13:41:23,457.7,50,35050
20240108,13:44:41,478.9,50,35100
20240108,13:45:13,479.05,50,35050
20240108,13:45:46,484.65,400,35050
20240108,13:46:04,489.0,50,35050
20240108,13:46:05,489.35,150,35050
20240108,13:46:30,474.3,50,35050
20240108,13:48:46,463.6,50,35100
20240108,13:48:47,463.2,400,35100
20240108,13:49:01,464.8,50,35100
20240108,13:50:42,467.0,550,35100
20240108,13:50:52,464.95,50,35100
20240108,13:55:44,460.55,50,34950
20240108,13:56:58,457.85,50,34900
20240108,13:57:30,459.15,150,34900
20240108,13:58:13,457.3,50,34900
20240108,14:01:26,446.1,250,34700
20240108,14:02:15,444.15,50,34700
20240108,14:03:02,436.95,50,34500
20240108,14:05:38,434.55,150,34500
20240108,14:05:52,435.4,50,34500
20240108,14:09:00,446.45,50,34450
20240108,14:10:26,451.75,50,34450
20240108,14:10:35,447.9,150,34450
20240108,14:10:51,441.9,50,34450
20240108,14:11:11,439.5,500,34450
20240108,14:12:21,443.6,150,34900
20240108,14:12:23,444.15,150,34900
20240108,14:12:54,443.8,50,34900
20240108,14:17:01,442.05,50,34900
20240108,14:17:57,441.9,150,34900
20240108,14:17:58,441.8,200,34900
20240108,14:18:59,440.45,50,34750
20240108,14:19:57,436.85,50,34750
20240108,14:20:54,439.9,50,34750
20240108,14:23:01,449.15,800,34600
20240108,14:23:42,459.4,50,34600
20240108,14:23:52,464.4,50,34600
20240108,14:23:56,468.5,50,34600
20240108,14:24:33,470.15,100,34200
20240108,14:24:36,468.5,50,34200
20240108,14:25:55,470.25,50,34200
20240108,14:26:00,472.5,50,34200
20240108,14:26:07,474.45,50,34200
20240108,14:26:11,477.95,50,34200
20240108,14:26:32,477.95,50,34200
20240108,14:27:01,476.95,50,34200
20240108,14:27:03,477.85,50,34150
20240108,14:27:20,476.8,50,34150
20240108,14:27:25,479.75,100,34150
20240108,14:27:42,478.55,50,34150
20240108,14:28:11,469.55,50,34150
20240108,14:28:43,475.35,50,34150
20240108,14:29:40,476.2,50,34150
20240108,14:29:51,485.45,50,34150
20240108,14:30:05,479.7,50,34000
20240108,14:30:48,480.8,50,34000
20240108,14:30:54,485.5,50,34000
20240108,14:31:27,485.4,50,34000
20240108,14:31:51,495.0,50,34000
20240108,14:31:52,497.0,100,34000
20240108,14:32:17,497.0,50,34000
20240108,14:32:22,489.55,50,34000
20240108,14:33:16,496.95,50,33850
20240108,14:33:22,501.6,50,33850
20240108,14:33:30,501.95,50,33850
20240108,14:33:37,505.0,400,33850
20240108,14:33:43,505.0,100,33850
20240108,14:33:58,501.2,50,33850
20240108,14:34:16,511.0,500,33850
20240108,14:34:29,511.0,50,33850
20240108,14:35:14,509.1,50,33850
20240108,14:35:14,505.25,50,33850
20240108,14:35:24,499.1,400,33850
20240108,14:35:50,507.1,50,33850
20240108,14:35:59,510.85,50,33850
20240108,14:36:42,507.85,50,32700
20240108,14:36:47,505.3,50,32700
20240108,14:36:53,499.05,50,32700
20240108,14:37:03,502.1,50,32700
20240108,14:37:07,501.15,50,32700
20240108,14:37:25,493.75,50,32700
20240108,14:37:42,504.0,50,32700
20240108,14:37:44,505.15,50,32700
20240108,14:38:33,516.15,50,32700
20240108,14:38:35,516.15,100,32700
20240108,14:38:53,527.5,500,32700
20240108,14:39:02,527.5,100,32700
20240108,14:39:25,520.7,50,32900
20240108,14:40:46,505.75,650,32900
20240108,14:41:06,501.95,50,32900
20240108,14:42:05,513.1,150,33450
20240108,14:42:19,507.4,650,33450
20240108,14:42:40,503.85,200,33450
20240108,14:46:00,505.6,50,32650
20240108,14:46:29,509.65,50,32650
20240108,14:47:00,512.2,50,32650
20240108,14:47:33,508.8,50,32650
20240108,14:48:01,510.1,50,32650
20240108,14:49:40,500.0,50,32800
20240108,14:49:44,497.65,50,32800
20240108,14:50:11,498.95,50,32800
20240108,14:55:29,517.2,50,32750
20240108,15:00:03,502.2,50,32700
20240108,15:00:21,506.75,50,32750
20240108,15:00:22,505.6,50,32750
20240108,15:01:20,505.6,50,32750
20240108,15:01:45,527.25,50,32750
20240108,15:01:54,513.05,50,32750
20240108,15:01:55,514.0,50,32750
20240108,15:02:28,510.55,50,32750
20240108,15:04:10,527.75,50,32750
20240108,15:05:35,527.75,50,32600
20240108,15:05:45,519.45,50,32600
20240108,15:07:22,515.8,50,32550
20240108,15:08:53,512.8,50,32550
20240108,15:09:24,514.65,50,32550
20240108,15:09:48,514.3,50,32550
20240108,15:10:26,515.8,50,32550
20240108,15:10:57,520.1,100,32550
20240108,15:11:29,516.2,500,32550
20240108,15:12:09,526.05,50,32550
20240108,15:15:02,526.35,50,32500
20240108,15:15:12,528.15,50,32500
20240108,15:16:00,528.15,50,32500
20240108,15:17:29,535.65,50,32500
20240108,15:17:31,535.65,400,32500
20240108,15:18:03,535.9,50,32500
20240108,15:18:35,542.65,500,32150
20240108,15:18:42,542.65,50,32150
20240108,15:18:51,542.65,50,32150
20240108,15:18:59,536.9,50,32150
20240108,15:19:42,534.65,50,32150
20240108,15:20:04,534.25,50,32150
20240108,15:20:21,531.35,200,32150
20240108,15:20:24,529.95,250,32150
20240108,15:20:55,540.0,50,32150
20240108,15:22:10,534.5,50,31800
20240108,15:26:26,535.7,150,31800
20240108,15:27:08,538.2,50,31800
20240108,15:27:20,540.75,100,31600
