date,time,tick_price,volume,open_interest
20231222,13:09:46,447.2,900,900
20231226,12:10:37,538.15,1,900
20231226,12:10:37,538.15,50,900
20231226,13:47:39,524.9,50,950
20231226,13:48:19,497.5,50,1000
20231227,13:11:00,571.7,1,950
20231227,13:11:00,571.7,50,950
20231229,10:16:56,571.7,1,1000
20231229,10:16:56,571.7,50,1000
20231229,11:44:37,686.65,50,1000
20240103,14:36:48,448.1,1,1000
20240103,14:36:48,448.1,50,1000
20240103,14:36:57,448.1,250,1000
20240103,14:37:16,447.25,50,1000
20240103,14:38:41,446.6,250,1000
20240103,14:40:49,445.25,50,1500
20240103,14:41:01,445.25,50,1500
20240103,14:41:17,451.15,50,1500
20240103,14:41:29,452.05,50,1500
20240103,14:42:31,454.7,50,1500
20240103,14:42:39,454.7,50,1450
20240103,14:42:48,454.6,50,1450
20240103,14:43:30,454.3,100,1450
20240103,14:56:35,464.3,400,1500
20240103,14:57:01,464.5,150,1500
20240103,15:00:15,464.5,150,1650
20240103,15:00:26,453.95,150,1650
20240103,15:03:29,448.2,100,1950
20240103,15:21:08,429.75,50,2050
20240103,15:22:09,429.75,50,2100
20240103,15:22:18,431.5,50,2100
20240103,15:22:27,431.9,50,2100
20240103,15:22:36,431.05,50,2100
20240103,15:23:56,431.05,50,2100
20240104,09:20:05,476.65,1,2350
20240104,09:20:05,476.65,100,2350
20240104,09:40:06,490.3,100,2450
20240104,10:26:02,508.3,50,2350
20240104,10:27:51,508.65,50,2350
20240105,13:33:47,508.65,1,2400
20240105,13:33:47,508.65,50,2400
20240108,14:36:56,506.4,1,2400
20240108,14:36:56,506.4,50,2400
20240108,15:11:11,390.0,50,2400
20240108,15:12:57,389.45,50,2450
20240108,15:13:20,385.6,50,2450
20240108,15:14:47,385.6,50,2450
20240108,15:17:10,389.85,50,2600
20240108,15:17:40,387.35,50,2600
20240108,15:18:00,386.25,50,2600
20240108,15:19:37,387.0,100,2750
20240108,15:19:57,405.8,150,2750
20240108,15:20:07,390.7,50,2750
20240108,15:20:17,387.7,100,2750
20240108,15:20:38,391.05,50,2750
20240108,15:20:58,384.0,50,2750
20240108,15:21:08,384.0,50,2750
20240108,15:22:26,385.85,150,3050
20240108,15:22:36,385.75,150,3050
20240108,15:22:56,386.6,50,3050
20240108,15:23:06,386.55,100,3050
20240108,15:23:16,386.55,50,3050
20240108,15:23:53,386.4,100,3050
20240108,15:24:04,387.05,50,3050
20240108,15:24:13,386.45,50,3050
20240108,15:24:23,383.95,50,3750
20240110,09:28:31,361.7,1,3800
20240110,09:28:31,361.65,100,3800
20240110,09:30:29,347.9,400,3800
20240110,09:33:14,347.9,50,4200
20240110,09:35:06,382.45,50,4200
20240110,09:36:26,382.45,650,4300
20240110,09:36:57,372.65,50,4300
20240110,09:37:08,378.9,450,4300
20240110,09:37:39,373.5,400,4300
20240110,10:08:02,386.4,150,5850
20240110,12:09:45,389.75,100,5850
20240110,12:09:55,389.75,50,5850
20240110,14:58:51,450.0,250,5900
20240110,14:59:16,453.55,100,5900
20240110,15:00:38,455.45,50,5900
20240110,15:00:50,468.3,100,6000
20240110,15:01:03,468.3,600,6000
20240110,15:01:15,465.85,100,6000
20240110,15:01:37,463.8,50,6000
20240110,15:03:18,470.65,250,6000
20240110,15:03:30,469.0,50,6000
20240110,15:03:40,468.0,100,6150
20240110,15:04:25,473.7,50,6150
20240110,15:05:48,474.1,100,6150
20240110,15:20:09,474.1,50,6150
20240110,15:22:43,464.3,50,6150
20240112,09:15:30,465.65,1,6150
20240112,09:15:30,465.65,150,6150
20240116,09:21:50,740.0,1,6150
20240116,09:21:50,740.0,50,6150
20240116,10:47:20,783.0,50,6150
20240116,11:01:35,783.0,50,6100
20240116,11:38:10,769.0,50,6150
20240116,13:38:17,650.0,50,6150
20240116,13:38:28,650.0,400,6150
20240116,13:38:38,650.0,600,6150
20240116,13:38:58,653.8,100,6150
20240116,13:39:30,656.3,300,5150
20240116,13:41:40,668.55,100,5150
20240116,13:43:12,669.35,200,4850
20240116,13:45:37,680.3,50,4850
20240116,13:46:52,693.05,50,4850
20240116,14:22:05,717.8,50,4800
20240116,14:42:10,695.2,400,4750
20240116,15:02:03,709.4,50,4350
20240116,15:02:12,707.7,50,4350
20240116,15:02:22,707.35,50,4350
20240116,15:02:31,704.7,50,4350
20240116,15:02:49,706.4,50,4350
20240116,15:09:35,702.5,50,4350
20240116,15:09:53,702.5,100,4350
20240117,09:47:50,550.0,1,4200
20240117,09:47:50,550.0,50,4200
20240117,10:04:49,537.1,50,4200
20240117,10:06:59,526.4,150,4200
20240117,10:10:33,519.5,50,4350
20240117,10:20:35,519.5,50,4400
20240117,10:21:00,532.7,50,4400
20240117,10:32:51,531.0,50,4400
20240117,10:40:28,487.75,50,4350
20240117,10:53:23,487.75,100,4350
20240117,11:00:28,503.85,50,4450
20240117,11:06:56,498.95,250,4400
20240117,11:07:06,501.05,300,4400
20240117,11:10:45,508.6,100,4400
20240117,11:17:31,501.8,450,4400
20240117,11:17:42,502.2,150,4400
20240117,11:31:28,495.3,100,4700
20240117,12:01:56,466.8,50,4800
20240117,12:56:15,463.35,50,4800
20240117,13:01:55,463.35,200,4800
20240117,13:02:43,461.05,450,4800
20240117,13:04:30,461.05,50,5000
20240117,13:04:41,461.5,550,5000
20240117,13:07:10,464.25,100,5450
20240117,13:07:19,464.25,100,5450
20240117,13:07:28,464.6,450,5450
20240117,13:07:56,464.55,50,5450
20240117,13:10:06,464.3,100,6150
20240117,13:15:18,452.45,100,6250
20240117,13:16:56,452.45,450,6250
20240117,13:23:53,450.0,100,6700
20240117,13:29:29,450.0,50,6700
20240117,13:30:07,456.65,450,6700
20240117,13:31:32,452.0,200,7200
20240117,13:31:53,450.6,50,7200
20240117,13:32:48,450.15,250,7200
20240117,13:37:55,445.0,50,7500
20240117,13:39:18,435.4,100,7500
20240117,13:40:09,435.4,100,7550
20240117,13:40:49,446.55,100,7550
20240117,14:10:09,457.25,50,7750
20240117,14:22:04,435.0,100,7750
20240117,14:23:42,435.0,100,7750
20240117,14:27:43,429.0,50,7800
20240117,14:27:55,422.85,300,7800
20240117,14:29:54,420.0,100,7800
20240117,14:30:51,420.0,50,7900
20240117,14:35:45,420.75,50,7950
20240117,14:38:30,415.45,50,7950
20240117,14:41:52,404.4,300,8000
20240117,14:42:39,403.25,100,8000
20240117,14:43:12,401.8,100,8000
20240117,14:43:35,403.4,50,8000
20240117,14:47:39,403.65,50,8150
20240117,14:47:48,403.65,250,8150
20240117,14:50:14,402.85,50,8200
20240117,14:50:24,405.15,50,8200
20240117,14:55:08,411.7,50,8300
20240117,15:02:20,397.6,50,8300
20240117,15:04:57,397.6,50,8300
20240117,15:06:17,404.9,50,8300
20240117,15:08:26,395.0,100,8400
20240117,15:08:45,392.95,50,8400
20240117,15:10:01,392.95,100,8400
20240117,15:10:05,405.2,50,8400
20240117,15:10:24,405.3,50,8400
20240117,15:12:59,415.8,50,8450
20240117,15:16:32,407.45,50,8450
20240117,15:17:49,402.0,100,8450
20240117,15:19:45,398.1,50,8400
20240117,15:20:24,399.5,100,8400
20240117,15:27:05,401.9,50,8350
20240118,09:15:49,344.9,1,8350
20240118,09:15:49,342.8,100,8350
20240118,09:15:59,326.9,200,8350
20240118,09:16:11,324.85,100,8350
20240118,09:16:22,316.85,550,8350
20240118,09:16:33,315.15,50,8350
20240118,09:16:44,315.15,100,8350
20240118,09:16:55,316.0,100,8350
20240118,09:17:05,313.0,100,8350
20240118,09:17:14,313.0,500,8350
20240118,09:17:40,319.8,100,9500
20240118,09:17:58,326.55,200,9500
20240118,09:18:08,326.0,400,9500
20240118,09:18:18,326.0,500,9500
20240118,09:18:30,335.15,200,9500
20240118,09:18:41,335.55,100,9500
20240118,09:18:52,334.55,100,9500
20240118,09:19:03,334.6,50,9500
20240118,09:19:13,326.85,150,9500
20240118,09:19:22,332.35,50,9500
20240118,09:19:31,329.0,100,9500
20240118,09:19:51,329.65,100,9500
20240118,09:20:03,326.0,200,9500
20240118,09:20:13,327.65,50,9500
20240118,09:20:15,328.3,100,9500
20240118,09:20:29,333.05,50,9500
20240118,09:20:34,332.45,200,9500
20240118,09:20:37,330.1,150,10700
20240118,09:20:46,329.55,50,10700
20240118,09:20:48,332.4,50,10700
20240118,09:21:04,329.85,300,10700
20240118,09:21:45,329.5,100,10700
20240118,09:22:06,328.0,1450,10700
20240118,09:22:16,329.9,100,10700
20240118,09:22:56,329.3,900,10700
20240118,09:23:27,329.65,150,10700
20240118,09:24:07,327.0,150,13350
20240118,09:24:27,324.65,200,13350
20240118,09:24:58,326.35,100,13350
20240118,09:25:09,329.05,50,13350
20240118,09:25:30,329.05,100,13350
20240118,09:25:41,326.5,50,13350
20240118,09:25:52,330.5,350,13350
20240118,09:26:02,325.45,450,13350
20240118,09:26:13,325.35,700,13350
20240118,09:26:34,320.0,400,13350
20240118,09:27:06,320.0,150,15500
20240118,09:27:25,320.0,500,15500
20240118,09:27:45,323.95,50,15500
20240118,09:27:56,320.85,550,15500
20240118,09:28:18,324.45,50,15500
20240118,09:28:30,320.0,100,15500
20240118,09:29:31,319.35,150,15500
20240118,09:29:40,319.5,50,15500
20240118,09:30:09,316.0,1300,16800
20240118,09:30:18,318.95,50,16800
20240118,09:30:38,317.95,400,16800
20240118,09:30:58,315.0,750,16800
20240118,09:31:18,313.8,50,16800
20240118,09:31:29,315.9,50,16800
20240118,09:31:41,314.0,100,16800
20240118,09:31:51,316.0,50,16800
20240118,09:32:21,316.0,50,16800
20240118,09:32:31,315.0,100,16800
20240118,09:32:42,312.35,150,16800
20240118,09:33:24,312.35,150,19000
20240118,09:33:35,312.35,100,19000
20240118,09:33:57,310.0,50,19000
20240118,09:34:57,310.0,100,19000
20240118,09:35:26,310.0,250,19000
20240118,09:35:36,310.75,50,19000
20240118,09:35:47,307.1,150,19350
20240118,09:36:12,303.6,100,19350
20240118,09:36:35,303.6,100,19350
20240118,09:36:47,300.0,400,19350
20240118,09:36:59,299.85,100,19350
20240118,09:37:09,296.6,400,19350
20240118,09:37:20,295.75,100,19350
20240118,09:37:31,294.45,150,19350
20240118,09:37:42,295.2,50,19350
20240118,09:37:53,296.25,100,19350
20240118,09:38:05,294.5,100,19350
20240118,09:38:28,293.65,750,19350
20240118,09:38:38,296.45,100,19350
20240118,09:38:48,296.3,50,20600
20240118,09:39:07,294.0,200,20600
20240118,09:39:47,293.3,750,20600
20240118,09:39:56,294.0,50,20600
20240118,09:40:07,292.0,600,20600
20240118,09:40:18,292.0,100,20600
20240118,09:41:21,292.8,200,20600
20240118,09:41:30,293.0,200,20600
20240118,09:41:40,292.0,300,20600
20240118,09:41:50,292.0,50,21850
20240118,09:41:59,294.25,50,21850
20240118,09:42:09,295.15,100,21850
20240118,09:42:19,297.0,400,21850
20240118,09:42:55,297.6,150,21850
20240118,09:43:04,295.8,150,21850
20240118,09:44:32,295.05,100,21850
20240118,09:44:42,294.6,150,21850
20240118,09:44:52,295.1,500,22150
20240118,09:45:12,294.65,100,22150
20240118,09:45:22,294.35,100,22150
20240118,09:45:31,295.05,150,22150
20240118,09:45:50,294.1,100,22150
20240118,09:46:09,294.55,50,22150
20240118,09:46:19,292.85,400,22150
20240118,09:46:48,290.0,50,22150
20240118,09:46:59,289.75,100,22150
20240118,09:47:11,284.15,300,22150
20240118,09:47:46,284.15,100,22150
20240118,09:47:58,285.3,100,22550
20240118,09:48:29,279.1,300,22550
20240118,09:48:41,279.0,50,22550
20240118,09:49:04,277.25,250,22550
20240118,09:49:16,275.85,50,22550
20240118,09:49:37,275.85,150,22550
20240118,09:49:47,275.85,400,22550
20240118,09:49:57,277.6,100,22550
20240118,09:50:06,276.2,50,22550
20240118,09:50:16,275.0,50,22550
20240118,09:50:27,274.0,650,22550
20240118,09:50:59,272.9,200,23650
20240118,09:51:10,271.5,1500,23650
20240118,09:51:21,270.0,300,23650
20240118,09:51:33,269.5,1000,23650
20240118,09:52:25,265.45,100,23650
20240118,09:52:47,260.1,200,23650
20240118,09:52:58,258.5,500,23650
20240118,09:53:09,264.4,100,23650
20240118,09:53:18,264.45,100,23650
20240118,09:53:27,263.65,150,23650
20240118,09:53:36,263.0,100,23650
20240118,09:54:35,264.45,100,26450
20240118,09:54:45,266.15,100,26450
20240118,09:55:07,261.6,200,26450
20240118,09:55:18,262.25,50,26450
20240118,09:55:28,262.15,50,26450
20240118,09:56:07,264.75,200,26450
20240118,09:56:16,264.05,300,26450
20240118,09:56:46,262.0,50,26450
20240118,09:56:57,259.5,200,27100
20240118,09:57:09,258.0,100,27100
20240118,09:57:21,255.95,1050,27100
20240118,09:57:32,255.95,500,27100
20240118,09:58:06,257.35,250,27100
20240118,09:58:26,257.0,1350,27100
20240118,09:58:48,256.45,100,27100
20240118,09:58:59,255.05,100,27100
20240118,09:59:53,255.05,50,29250
20240118,10:00:13,255.85,50,29250
20240118,10:00:34,256.3,100,29250
20240118,10:00:44,258.0,350,29250
20240118,10:00:55,258.1,600,29250
20240118,10:01:17,266.9,300,29250
20240118,10:01:28,266.05,200,29250
20240118,10:01:50,267.0,750,29250
20240118,10:02:00,266.85,50,29250
20240118,10:02:11,265.0,250,29250
20240118,10:02:41,267.25,50,29250
20240118,10:03:01,267.85,200,30150
20240118,10:03:33,267.55,100,30150
20240118,10:03:43,265.95,150,30150
20240118,10:04:44,265.95,50,30150
20240118,10:05:04,265.95,100,30150
20240118,10:05:53,268.35,50,30300
20240118,10:06:13,271.05,150,30300
20240118,10:06:24,269.05,100,30300
20240118,10:06:45,272.2,100,30300
20240118,10:07:06,275.0,50,30300
20240118,10:07:19,281.45,250,30300
20240118,10:07:42,276.0,350,30300
20240118,10:07:53,273.6,100,30300
20240118,10:08:15,279.6,100,30300
20240118,10:08:25,277.3,100,30300
20240118,10:08:35,280.6,400,30300
20240118,10:08:57,284.0,150,30950
20240118,10:09:08,285.0,50,30950
20240118,10:09:21,294.1,300,30950
20240118,10:09:34,289.1,150,30950
20240118,10:09:45,294.15,250,30950
20240118,10:09:58,305.0,200,30950
20240118,10:10:11,313.9,1450,30950
20240118,10:10:24,313.55,1150,30950
20240118,10:10:36,305.25,500,30950
20240118,10:10:48,298.6,550,30950
20240118,10:11:00,297.6,500,30950
20240118,10:11:12,295.65,1700,30950
20240118,10:11:23,296.1,100,30950
20240118,10:11:33,293.1,350,30950
20240118,10:11:44,288.0,1550,30950
20240118,10:11:56,290.75,2250,33200
20240118,10:12:18,294.6,1600,33200
20240118,10:12:28,295.4,500,33200
20240118,10:12:50,299.8,300,33200
20240118,10:13:00,298.6,200,33200
20240118,10:13:11,296.35,400,33200
20240118,10:13:21,296.55,200,33200
20240118,10:13:42,295.8,200,33200
20240118,10:13:52,294.2,100,33200
20240118,10:14:03,293.1,200,33200
20240118,10:14:13,290.6,400,33200
20240118,10:14:23,291.35,50,33200
20240118,10:14:44,292.9,150,33200
20240118,10:14:54,293.45,200,34600
20240118,10:15:25,290.0,300,34600
20240118,10:15:36,289.75,200,34600
20240118,10:15:48,284.95,400,34600
20240118,10:15:59,287.05,100,34600
20240118,10:16:09,285.7,300,34600
20240118,10:16:20,286.75,50,34600
20240118,10:16:30,284.5,650,34600
20240118,10:16:40,284.6,200,34600
20240118,10:16:51,281.0,250,34600
20240118,10:17:23,286.3,500,34600
20240118,10:17:33,287.1,650,34600
20240118,10:17:43,286.3,100,34600
20240118,10:17:53,287.15,450,35450
20240118,10:18:14,287.2,200,35450
20240118,10:18:34,285.0,550,35450
20240118,10:18:44,283.4,850,35450
20240118,10:18:54,282.25,200,35450
20240118,10:19:04,282.4,750,35450
20240118,10:19:13,281.95,50,35450
20240118,10:19:33,279.8,150,35450
20240118,10:20:02,281.4,100,35450
20240118,10:20:12,281.4,100,35450
20240118,10:20:22,283.2,100,35450
20240118,10:20:32,285.55,350,35450
20240118,10:20:42,284.4,1400,35450
20240118,10:20:53,286.3,100,35650
20240118,10:21:03,287.3,250,35650
20240118,10:21:15,287.8,1000,35650
20240118,10:21:35,288.9,500,35650
20240118,10:21:56,293.1,350,35650
20240118,10:22:07,292.7,100,35650
20240118,10:22:18,291.85,700,35650
20240118,10:22:39,292.55,100,35650
20240118,10:22:49,291.8,100,35650
20240118,10:23:00,294.15,300,35650
20240118,10:23:11,292.5,1000,35650
20240118,10:23:42,294.05,50,35650
20240118,10:23:52,293.55,50,35650
20240118,10:24:14,290.45,250,35150
20240118,10:24:45,290.85,100,35150
20240118,10:25:05,293.35,100,35150
20240118,10:25:15,293.35,50,35150
20240118,10:25:36,295.95,50,35150
20240118,10:26:07,297.9,300,35150
20240118,10:26:30,298.45,300,35150
20240118,10:26:52,300.5,600,35600
20240118,10:27:03,300.8,450,35600
20240118,10:27:14,302.9,750,35600
20240118,10:27:24,302.05,200,35600
20240118,10:27:35,298.5,150,35600
20240118,10:27:46,301.4,50,35600
20240118,10:27:56,300.9,300,35600
20240118,10:28:27,302.55,150,35600
20240118,10:28:36,303.5,450,35600
20240118,10:28:58,304.0,350,35600
20240118,10:29:09,307.65,600,35600
20240118,10:29:19,305.95,100,35600
20240118,10:29:30,306.7,50,35600
20240118,10:29:40,305.05,1000,35600
20240118,10:30:01,303.65,100,34200
20240118,10:30:11,303.95,450,34200
20240118,10:30:21,304.65,500,34200
20240118,10:30:31,305.65,50,34200
20240118,10:30:42,308.0,1600,34200
20240118,10:30:52,304.05,250,34200
20240118,10:31:03,306.5,1300,34200
20240118,10:31:13,305.95,100,34200
20240118,10:31:23,308.3,100,34200
20240118,10:31:44,304.3,50,34200
20240118,10:31:54,307.05,150,34200
20240118,10:32:05,306.45,50,34200
20240118,10:32:15,303.65,300,34200
20240118,10:32:25,304.9,100,34200
20240118,10:33:54,302.25,50,35200
20240118,10:34:05,298.85,50,35200
20240118,10:34:17,296.6,50,35200
20240118,10:34:27,296.7,100,35200
20240118,10:34:37,295.6,100,35200
20240118,10:34:49,292.35,800,35200
20240118,10:35:00,293.9,300,35200
20240118,10:35:10,296.15,800,35200
20240118,10:35:21,294.75,100,35200
20240118,10:35:31,292.6,100,35200
20240118,10:35:42,290.45,500,35200
20240118,10:35:52,294.0,250,35750
20240118,10:36:13,295.4,900,35750
20240118,10:36:23,294.35,200,35750
20240118,10:36:34,297.85,200,35750
20240118,10:36:55,302.0,550,35750
20240118,10:37:06,304.5,200,35750
20240118,10:37:17,303.9,450,35750
20240118,10:37:57,305.0,50,35750
20240118,10:38:18,305.65,200,35750
20240118,10:38:38,305.85,50,35750
20240118,10:39:08,306.85,350,35550
20240118,10:39:18,309.55,100,35550
20240118,10:39:29,307.85,100,35550
20240118,10:39:39,310.65,300,35550
20240118,10:40:12,310.3,50,35550
20240118,10:40:34,310.55,450,35550
20240118,10:40:44,310.0,200,35550
20240118,10:41:04,306.45,100,35550
20240118,10:41:15,306.3,100,35550
20240118,10:41:25,308.0,550,35550
20240118,10:41:36,309.55,350,35550
20240118,10:42:06,309.65,50,35000
20240118,10:42:16,311.2,250,35000
20240118,10:42:27,310.0,100,35000
20240118,10:42:38,310.3,400,35000
20240118,10:42:50,313.65,250,35000
20240118,10:43:02,312.6,50,35000
20240118,10:43:14,312.3,1200,35000
20240118,10:43:36,310.8,500,35000
20240118,10:44:39,317.0,150,35000
20240118,10:44:52,315.95,600,35000
20240118,10:45:05,317.3,800,35750
20240118,10:45:17,317.95,150,35750
20240118,10:45:28,317.6,450,35750
20240118,10:45:39,316.25,250,35750
20240118,10:45:50,315.2,500,35750
20240118,10:46:11,315.3,100,35750
20240118,10:46:42,312.45,100,35750
20240118,10:46:52,310.65,350,35750
20240118,10:47:03,310.4,450,35750
20240118,10:47:34,314.55,600,35750
20240118,10:47:55,320.0,400,35800
20240118,10:48:06,325.55,450,35800
20240118,10:48:19,322.95,350,35800
20240118,10:48:30,327.25,650,35800
20240118,10:48:42,325.85,550,35800
20240118,10:48:53,327.65,1350,35800
20240118,10:49:05,330.0,200,35800
20240118,10:49:17,328.9,200,35800
20240118,10:49:28,328.0,50,35800
20240118,10:49:39,329.45,100,35800
20240118,10:49:50,323.35,850,35800
20240118,10:49:57,324.55,550,35800
20240118,10:50:08,325.95,100,35800
20240118,10:50:10,326.0,200,35800
20240118,10:50:29,326.2,50,35800
20240118,10:50:32,326.2,50,35800
20240118,10:50:37,328.85,50,35800
20240118,10:50:38,328.85,50,35800
20240118,10:50:40,329.45,100,35800
20240118,10:50:47,327.85,50,35800
20240118,10:50:54,327.95,100,35800
20240118,10:51:05,327.85,600,35350
20240118,10:51:16,326.95,50,35350
20240118,10:51:41,326.45,50,35350
20240118,10:51:54,324.6,50,35350
20240118,10:52:07,320.95,400,35350
20240118,10:52:19,320.7,100,35350
20240118,10:52:31,318.85,500,35350
20240118,10:52:41,321.6,50,35350
20240118,10:52:52,323.8,100,35350
20240118,10:53:23,323.45,400,35350
20240118,10:53:33,323.55,50,35350
20240118,10:53:43,322.2,50,35350
20240118,10:54:03,322.15,150,35450
20240118,10:54:13,322.2,100,35450
20240118,10:54:23,319.75,50,35450
20240118,10:54:34,318.6,100,35450
20240118,10:54:56,318.3,450,35450
20240118,10:55:07,316.8,50,35450
20240118,10:55:29,314.2,50,35450
20240118,10:55:41,309.7,500,35450
20240118,10:55:52,312.5,100,35450
20240118,10:56:02,311.45,50,35450
20240118,10:56:35,318.75,450,35450
20240118,10:56:45,318.05,350,35450
20240118,10:57:16,316.6,50,35850
20240118,10:57:26,313.45,100,35850
20240118,10:57:37,317.2,150,35850
20240118,10:57:47,316.6,50,35850
20240118,10:58:17,318.35,250,35850
20240118,10:59:08,321.95,100,35850
20240118,10:59:19,322.9,50,35850
20240118,11:00:10,320.2,400,36200
20240118,11:00:42,324.7,350,36200
20240118,11:00:53,322.9,400,36200
20240118,11:01:14,322.5,50,36200
20240118,11:01:45,321.0,50,36200
20240118,11:01:55,319.6,350,36200
20240118,11:02:06,315.95,50,36200
20240118,11:02:17,317.4,150,36200
20240118,11:02:27,317.15,50,36200
20240118,11:02:47,317.65,100,36200
20240118,11:03:27,315.0,100,35750
20240118,11:03:38,313.65,600,35750
20240118,11:03:58,313.65,100,35750
20240118,11:04:08,314.1,150,35750
20240118,11:04:48,318.35,50,35750
20240118,11:05:37,318.0,50,35750
20240118,11:06:17,318.0,100,35600
20240118,11:06:47,320.5,100,35600
20240118,11:08:11,324.45,100,35600
20240118,11:08:21,324.3,50,35600
20240118,11:08:41,324.45,150,35600
20240118,11:09:02,327.2,50,35300
20240118,11:09:13,330.0,550,35300
20240118,11:09:26,331.5,700,35300
20240118,11:09:39,332.6,800,35300
20240118,11:09:51,333.4,100,35300
20240118,11:10:03,332.3,100,35300
20240118,11:10:15,329.4,400,35300
20240118,11:10:28,328.95,50,35300
20240118,11:10:59,333.1,50,35300
20240118,11:11:20,333.75,50,35300
20240118,11:11:30,333.05,100,35300
20240118,11:11:41,333.25,50,35300
20240118,11:11:51,332.55,650,35300
20240118,11:12:01,331.7,100,35450
20240118,11:12:13,331.8,50,35450
20240118,11:12:23,335.0,100,35450
20240118,11:12:34,331.5,650,35450
20240118,11:12:45,329.2,650,35450
20240118,11:13:07,328.1,300,35450
20240118,11:13:59,333.35,100,35450
20240118,11:14:20,333.35,500,35450
20240118,11:14:40,333.35,50,35450
20240118,11:14:50,332.75,250,35450
20240118,11:15:00,330.65,650,36500
20240118,11:15:10,329.95,50,36500
20240118,11:15:20,326.3,450,36500
20240118,11:15:31,324.5,1200,36500
20240118,11:15:52,327.2,50,36500
20240118,11:16:03,326.5,550,36500
20240118,11:16:13,325.3,450,36500
20240118,11:17:06,320.0,50,36500
20240118,11:17:28,321.6,550,36500
20240118,11:17:38,320.95,650,36500
20240118,11:17:48,321.75,150,36500
20240118,11:17:56,320.95,50,36500
20240118,11:18:44,320.75,400,37800
20240118,11:18:52,320.0,150,37800
20240118,11:18:58,317.95,100,37800
20240118,11:19:20,318.4,100,37800
20240118,11:19:30,318.4,100,37800
20240118,11:19:40,316.15,50,37800
20240118,11:19:50,317.85,50,37800
20240118,11:20:51,319.65,100,37800
20240118,11:21:10,318.6,200,38100
20240118,11:21:50,318.9,50,38100
20240118,11:23:31,328.85,50,38100
20240118,11:23:51,329.0,400,38100
20240118,11:23:57,330.0,50,38100
20240118,11:24:43,330.75,200,38400
20240118,11:24:46,330.7,50,38400
20240118,11:25:14,333.3,100,38400
20240118,11:25:24,330.7,150,38400
20240118,11:27:12,329.65,50,38300
20240118,11:28:21,327.35,50,38300
20240118,11:29:10,328.35,50,38300
20240118,11:29:29,327.95,100,38300
20240118,11:30:18,327.5,50,38300
20240118,11:30:28,326.5,50,38300
20240118,11:31:16,327.95,50,38300
20240118,11:31:46,329.8,200,38300
20240118,11:32:06,335.0,450,38300
20240118,11:32:18,334.95,250,38300
20240118,11:33:13,332.9,50,38300
20240118,11:33:34,332.9,50,38300
20240118,11:33:44,332.9,50,38300
20240118,11:34:15,333.95,50,38300
20240118,11:34:44,331.05,250,38300
20240118,11:35:04,330.0,100,38300
20240118,11:35:14,328.5,50,38300
20240118,11:35:44,328.0,50,38300
20240118,11:36:05,325.0,50,38100
20240118,11:37:04,325.0,50,38100
20240118,11:37:14,325.0,50,38100
20240118,11:38:06,323.7,400,38100
20240118,11:38:26,324.35,100,38100
20240118,11:38:36,322.95,50,38100
20240118,11:38:56,322.8,100,38100
20240118,11:39:55,320.6,150,38650
20240118,11:41:03,318.0,200,38650
20240118,11:42:11,317.3,100,38850
20240118,11:42:33,310.05,100,38850
20240118,11:42:45,310.0,100,38850
20240118,11:42:56,306.95,150,38850
20240118,11:43:07,307.8,250,38850
20240118,11:43:18,307.1,100,38850
20240118,11:43:38,311.2,400,38850
20240118,11:44:16,312.95,50,38850
20240118,11:44:37,315.8,550,38850
20240118,11:46:33,318.95,50,38900
20240118,11:47:01,317.05,50,38900
20240118,11:47:20,316.7,50,38900
20240118,11:48:32,319.2,50,39000
20240118,11:49:14,317.15,50,39000
20240118,11:49:41,318.5,100,39000
20240118,11:50:00,318.0,100,39000
20240118,11:50:38,318.2,100,39000
20240118,11:50:47,317.3,50,39000
20240118,11:51:35,319.6,200,39100
20240118,11:51:44,319.0,100,39100
20240118,11:53:26,323.0,150,39100
20240118,11:54:36,327.55,50,39300
20240118,11:54:46,328.15,450,39300
20240118,11:54:56,327.3,100,39300
20240118,11:55:34,328.75,150,39300
20240118,11:56:12,326.45,50,39300
20240118,11:56:59,332.0,150,39300
20240118,11:57:10,334.0,50,38800
20240118,11:57:20,332.95,50,38800
20240118,11:57:30,335.0,50,38800
20240118,11:57:41,338.0,1050,38800
20240118,11:58:16,336.6,150,38800
20240118,11:59:01,340.0,400,38800
20240118,11:59:13,341.55,50,38800
20240118,11:59:25,339.5,500,38800
20240118,11:59:36,341.55,150,38800
20240118,12:00:08,341.55,300,38800
20240118,12:00:18,340.2,50,38350
20240118,12:00:29,338.25,250,38350
20240118,12:00:40,341.0,50,38350
20240118,12:01:00,342.65,700,38350
20240118,12:01:11,345.9,1200,38350
20240118,12:01:33,345.9,100,38350
20240118,12:03:20,333.5,50,38000
20240118,12:04:02,338.25,600,38000
20240118,12:04:54,340.8,50,38000
20240118,12:05:05,340.1,350,38000
20240118,12:05:15,339.2,50,38000
20240118,12:05:36,341.1,1000,38000
20240118,12:06:18,343.15,50,37800
20240118,12:06:29,344.25,50,37800
20240118,12:06:39,343.3,50,37800
20240118,12:07:12,348.2,100,37800
20240118,12:07:57,348.2,650,37800
20240118,12:08:10,345.0,50,37800
20240118,12:09:04,343.95,250,37300
20240118,12:09:23,345.9,150,37300
20240118,12:10:06,347.55,450,37300
20240118,12:10:48,348.4,100,37300
20240118,12:10:59,349.45,500,37300
20240118,12:11:12,350.0,100,37300
20240118,12:11:36,353.6,50,37300
20240118,12:11:47,353.6,700,37300
20240118,12:11:59,353.35,50,37300
20240118,12:12:11,352.1,50,37300
20240118,12:12:33,351.0,100,37850
20240118,12:12:44,348.7,50,37850
20240118,12:13:16,351.85,50,37850
20240118,12:13:26,349.85,150,37850
20240118,12:13:37,350.0,100,37850
20240118,12:14:20,350.6,50,37850
20240118,12:14:31,352.75,50,37850
20240118,12:14:42,352.15,200,37850
20240118,12:15:06,355.0,150,37850
20240118,12:15:18,355.0,50,37850
20240118,12:15:41,353.6,50,37850
20240118,12:16:45,350.9,50,37850
20240118,12:19:38,351.45,250,37700
20240118,12:19:59,355.0,100,37700
20240118,12:21:13,350.35,250,37700
20240118,12:21:23,351.1,50,37700
20240118,12:21:34,352.45,250,37700
20240118,12:22:16,353.45,50,37700
20240118,12:22:37,353.55,50,37700
20240118,12:22:49,360.0,400,37700
20240118,12:23:00,360.25,950,37700
20240118,12:23:12,361.9,450,37700
20240118,12:23:23,363.0,250,37700
20240118,12:23:34,365.5,700,37700
20240118,12:24:12,368.8,100,36050
20240118,12:24:25,370.0,300,36050
20240118,12:24:50,367.35,50,36050
20240118,12:25:23,365.4,50,36050
20240118,12:25:34,366.65,150,36050
20240118,12:27:33,368.2,200,36050
20240118,12:30:10,356.7,200,36050
20240118,12:30:23,356.4,100,36200
20240118,12:31:20,353.25,50,36200
20240118,12:31:31,354.45,1050,36200
20240118,12:32:45,354.05,50,36200
20240118,12:33:15,353.55,100,35600
20240118,12:33:28,348.5,50,35600
20240118,12:33:41,342.35,200,35600
20240118,12:33:53,342.9,450,35600
20240118,12:34:04,338.55,150,35600
20240118,12:34:16,336.75,750,35600
20240118,12:34:28,337.75,50,35600
20240118,12:34:51,332.6,50,35600
20240118,12:35:04,327.55,50,35600
20240118,12:35:16,330.95,250,35600
20240118,12:35:27,334.0,1200,35600
20240118,12:35:38,334.0,100,35600
20240118,12:35:49,335.6,400,35600
20240118,12:35:59,334.0,50,35600
20240118,12:36:10,336.7,250,35250
20240118,12:36:32,338.0,50,35250
20240118,12:36:54,336.0,150,35250
20240118,12:37:04,335.0,50,35250
20240118,12:37:15,332.25,650,35250
20240118,12:37:27,334.8,700,35250
20240118,12:37:41,334.0,350,35250
20240118,12:40:20,330.85,150,36450
20240118,12:40:31,331.05,50,36450
20240118,12:40:53,330.35,650,36450
20240118,12:42:08,330.4,100,36450
20240118,12:42:19,329.45,350,37000
20240118,12:42:42,322.55,50,37000
20240118,12:43:06,319.9,700,37000
20240118,12:43:30,320.4,200,37000
20240118,12:43:40,321.05,100,37000
20240118,12:43:51,318.5,300,37000
20240118,12:44:02,319.3,50,37000
20240118,12:44:26,318.35,750,37000
20240118,12:44:39,316.7,100,37000
20240118,12:45:34,318.7,50,37250
20240118,12:45:44,317.2,50,37250
20240118,12:45:54,318.25,50,37250
20240118,12:46:37,319.95,50,37250
20240118,12:47:09,318.05,250,37250
20240118,12:48:12,320.0,250,37250
20240118,12:48:23,317.55,100,37300
20240118,12:48:34,318.0,950,37300
20240118,12:48:57,313.7,50,37300
20240118,12:49:09,314.2,100,37300
20240118,12:49:33,312.85,400,37300
20240118,12:49:44,314.9,350,37300
20240118,12:50:49,321.9,200,37300
20240118,12:51:00,321.3,50,37300
20240118,12:51:12,322.75,50,37300
20240118,12:51:23,322.95,50,36150
20240118,12:51:33,321.75,250,36150
20240118,12:51:54,321.75,50,36150
20240118,12:52:04,320.45,50,36150
20240118,12:52:26,321.9,50,36150
20240118,12:53:09,323.15,100,36150
20240118,12:53:19,322.4,100,36150
20240118,12:53:30,323.0,450,36150
20240118,12:54:04,326.25,300,36150
20240118,12:55:20,323.6,50,36200
20240118,12:55:52,326.1,450,36200
20240118,12:56:03,326.85,50,36200
20240118,12:56:24,327.0,50,36200
20240118,12:57:06,323.0,250,36200
20240118,12:58:20,317.85,50,36550
20240118,12:59:46,316.0,100,36550
20240118,13:00:08,314.0,50,36550
20240118,13:00:31,311.3,1700,36550
20240118,13:00:44,312.8,1750,36550
20240118,13:00:56,315.75,100,36550
20240118,13:01:06,316.25,50,36550
20240118,13:01:17,314.75,250,36550
20240118,13:01:28,315.45,50,36550
20240118,13:01:49,317.25,250,36550
20240118,13:02:11,315.35,100,36550
20240118,13:02:43,315.2,700,36550
20240118,13:02:53,314.45,350,36550
20240118,13:03:26,314.4,100,37700
20240118,13:03:37,312.8,200,37700
20240118,13:04:08,312.0,350,37700
20240118,13:04:31,312.0,50,37700
20240118,13:04:42,315.15,300,37700
20240118,13:05:46,319.45,50,37700
20240118,13:06:19,319.1,1150,38650
20240118,13:08:14,320.7,1000,38650
20240118,13:09:07,322.3,250,38650
20240118,13:10:20,321.25,100,38750
20240118,13:10:31,322.0,250,38750
20240118,13:10:42,321.8,50,38750
20240118,13:11:03,321.3,50,38750
20240118,13:11:23,318.35,50,38750
20240118,13:12:15,317.5,400,38750
20240118,13:12:26,315.45,100,39100
20240118,13:12:47,316.5,250,39100
20240118,13:12:57,315.0,50,39100
20240118,13:13:13,314.4,50,39100
20240118,13:14:06,316.5,50,39100
20240118,13:14:17,316.4,350,39100
20240118,13:16:10,317.3,750,38650
20240118,13:16:31,317.85,150,38650
20240118,13:16:59,318.9,150,38650
20240118,13:17:39,315.0,450,38650
20240118,13:17:50,314.95,50,38650
20240118,13:18:01,312.65,450,38650
20240118,13:19:44,320.1,150,37750
20240118,13:21:31,324.4,50,37750
20240118,13:21:42,324.75,1150,37750
20240118,13:21:57,322.45,50,37750
20240118,13:22:53,322.45,50,37750
20240118,13:23:05,322.0,100,37750
20240118,13:24:08,328.0,350,37750
20240118,13:24:31,328.45,150,37750
20240118,13:25:02,325.55,250,37750
20240118,13:26:37,319.65,50,37750
20240118,13:28:00,319.0,450,37650
20240118,13:30:25,315.35,50,37250
20240118,13:30:57,313.75,50,37250
20240118,13:33:34,312.7,50,37250
20240118,13:33:55,310.0,150,37250
20240118,13:34:58,312.25,150,37250
20240118,13:36:15,313.0,50,37250
20240118,13:37:15,307.0,200,37450
20240118,13:37:36,305.05,100,37450
20240118,13:37:48,308.0,100,37450
20240118,13:38:10,304.75,300,37450
20240118,13:39:12,305.85,150,37450
20240118,13:39:21,304.25,50,37450
20240118,13:40:02,308.55,100,37850
20240118,13:41:01,307.5,150,37850
20240118,13:41:42,306.55,500,37850
20240118,13:42:03,304.15,1150,37850
20240118,13:42:15,302.15,50,37850
20240118,13:43:08,304.9,50,38700
20240118,13:43:28,308.6,50,38700
20240118,13:43:48,308.8,50,38700
20240118,13:43:57,308.95,50,38700
20240118,13:44:07,307.55,50,38700
20240118,13:44:45,308.75,50,38700
20240118,13:44:54,307.6,450,38700
20240118,13:45:03,307.6,150,38700
20240118,13:45:23,307.85,50,39250
20240118,13:46:34,310.0,50,39250
20240118,13:46:53,310.3,50,39250
20240118,13:47:11,310.0,250,39250
20240118,13:47:29,309.6,50,39250
20240118,13:48:08,310.4,150,39250
20240118,13:48:38,313.8,100,39500
20240118,13:49:58,309.5,300,39500
20240118,13:50:37,310.75,150,39500
20240118,13:50:57,309.55,400,39500
20240118,13:51:08,308.75,50,39500
20240118,13:52:27,308.15,50,39450
20240118,13:52:36,308.8,50,39450
20240118,13:53:15,310.65,50,39450
20240118,13:53:45,312.8,100,39450
20240118,13:54:09,315.0,200,39450
20240118,13:54:43,316.25,50,39300
20240118,13:55:25,316.25,50,39300
20240118,13:55:36,317.0,500,39300
20240118,13:56:08,318.35,50,39300
20240118,13:56:29,315.6,150,39300
20240118,13:57:11,314.45,100,39300
20240118,13:58:01,315.1,750,39250
20240118,13:58:36,315.75,100,39250
20240118,13:59:08,313.6,50,39250
20240118,13:59:58,313.35,150,39250
20240118,14:00:57,311.0,150,39850
20240118,14:01:37,311.0,50,39850
20240118,14:02:17,311.55,400,39850
20240118,14:02:47,315.25,50,39850
20240118,14:03:46,314.4,250,40000
20240118,14:03:56,314.4,50,40000
20240118,14:04:24,310.8,200,40000
20240118,14:05:31,311.85,50,40000
20240118,14:07:00,309.6,200,40250
20240118,14:07:13,309.8,50,40250
20240118,14:07:37,306.4,50,40250
20240118,14:08:39,309.85,100,40250
20240118,14:08:49,310.0,50,40250
20240118,14:08:59,309.1,50,40250
20240118,14:09:19,309.8,100,40250
20240118,14:09:37,309.85,50,40500
20240118,14:09:46,308.65,450,40500
20240118,14:09:56,308.05,750,40500
20240118,14:10:36,306.85,50,40500
20240118,14:10:58,305.7,50,40500
20240118,14:11:19,306.7,200,40500
20240118,14:11:29,305.5,50,40500
20240118,14:11:50,305.85,50,40500
20240118,14:12:00,306.25,50,40500
20240118,14:12:20,307.95,150,40500
20240118,14:12:30,309.3,850,41400
20240118,14:12:41,310.45,100,41400
20240118,14:12:51,309.75,50,41400
20240118,14:13:01,308.55,300,41400
20240118,14:13:10,309.7,500,41400
20240118,14:13:31,311.7,400,41400
20240118,14:13:42,313.0,200,41400
20240118,14:14:03,314.05,250,41400
20240118,14:14:13,314.45,100,41400
20240118,14:14:24,313.6,50,41400
20240118,14:14:34,314.3,250,41400
20240118,14:14:44,313.4,100,41400
20240118,14:14:54,313.2,50,41400
20240118,14:15:03,313.0,100,41400
20240118,14:15:23,312.6,150,41400
20240118,14:15:32,313.2,50,41300
20240118,14:15:43,314.9,50,41300
20240118,14:16:48,315.25,150,41300
20240118,14:17:15,314.6,200,41300
20240118,14:17:35,312.0,100,41300
20240118,14:17:56,309.75,100,41300
20240118,14:18:06,308.8,300,41300
20240118,14:19:16,308.85,50,41800
20240118,14:20:06,308.25,50,41800
20240118,14:20:16,308.65,50,41800
20240118,14:20:46,308.75,50,41800
20240118,14:22:03,308.5,50,41800
20240118,14:22:13,309.45,100,41800
20240118,14:22:42,310.55,100,41800
20240118,14:25:24,305.1,100,41800
20240118,14:25:35,304.0,50,41800
20240118,14:25:46,305.6,200,41800
20240118,14:26:16,303.95,50,41800
20240118,14:26:37,304.6,400,41800
20240118,14:26:58,302.0,100,41800
20240118,14:27:09,300.0,350,41800
20240118,14:27:21,298.0,50,41800
20240118,14:27:33,300.75,600,42850
20240118,14:27:44,299.9,50,42850
20240118,14:27:57,299.9,1050,42850
20240118,14:30:39,298.4,250,43750
20240118,14:30:50,296.1,200,43750
20240118,14:31:02,293.3,350,43750
20240118,14:31:26,297.0,200,43750
20240118,14:31:36,295.6,100,43750
20240118,14:31:47,299.0,50,43750
20240118,14:32:09,298.9,200,43750
20240118,14:32:19,298.75,400,43750
20240118,14:32:30,298.55,200,43750
20240118,14:33:22,298.0,1050,43750
20240118,14:33:42,298.75,50,43700
20240118,14:34:20,299.05,150,43700
20240118,14:34:49,299.55,800,43700
20240118,14:35:19,299.55,50,43700
20240118,14:35:40,302.1,50,43700
20240118,14:36:10,300.0,50,43700
20240118,14:37:09,302.5,800,43850
20240118,14:37:19,304.0,50,43850
20240118,14:37:30,304.25,100,43850
20240118,14:37:50,304.95,50,43850
20240118,14:38:01,306.75,50,43850
20240118,14:38:21,305.05,200,43850
20240118,14:38:31,305.6,500,43850
20240118,14:38:51,309.45,100,43850
20240118,14:39:02,313.55,600,43850
20240118,14:39:13,311.65,100,43850
20240118,14:39:33,310.75,100,44850
20240118,14:39:43,308.25,100,44850
20240118,14:40:22,308.0,50,44850
20240118,14:40:42,311.1,50,44850
20240118,14:40:51,312.0,100,44850
20240118,14:41:01,310.5,200,44850
20240118,14:41:10,312.0,50,44850
20240118,14:41:21,315.9,250,44850
20240118,14:41:55,318.45,100,44850
20240118,14:42:06,318.4,150,44850
20240118,14:42:17,322.5,100,44850
20240118,14:42:29,325.3,500,44600
20240118,14:42:41,324.45,800,44600
20240118,14:43:15,319.1,50,44600
20240118,14:43:26,321.15,50,44600
20240118,14:43:37,321.25,50,44600
20240118,14:43:48,319.6,50,44600
20240118,14:43:58,321.7,650,44600
20240118,14:44:31,320.9,50,44600
20240118,14:44:42,324.7,200,44600
20240118,14:45:02,324.0,100,44600
20240118,14:45:13,320.5,50,44600
20240118,14:45:23,322.1,50,44600
20240118,14:45:34,322.1,50,44750
20240118,14:45:45,319.0,50,44750
20240118,14:46:07,319.6,50,44750
20240118,14:46:17,323.5,250,44750
20240118,14:46:28,324.3,650,44750
20240118,14:46:39,323.25,50,44750
20240118,14:46:49,325.55,150,44750
20240118,14:46:57,324.0,150,44750
20240118,14:47:00,323.2,50,44750
20240118,14:47:09,323.2,1000,44750
20240118,14:47:10,323.7,350,44750
20240118,14:47:31,325.7,50,44750
20240118,14:47:36,325.5,50,44750
20240118,14:47:37,325.5,100,44750
20240118,14:47:39,323.95,100,44750
20240118,14:47:46,324.95,50,44750
20240118,14:47:49,324.8,100,44750
20240118,14:47:50,324.8,300,44750
20240118,14:47:53,325.0,50,44750
20240118,14:47:55,325.3,100,44750
20240118,14:48:02,324.7,450,44750
20240118,14:48:12,323.65,150,44750
20240118,14:48:33,324.5,300,46250
20240118,14:48:53,325.6,950,46250
20240118,14:49:41,326.0,200,46250
20240118,14:49:50,324.85,50,46250
20240118,14:50:19,326.45,50,46250
20240118,14:50:29,328.45,300,46250
20240118,14:50:51,329.8,1400,46250
20240118,14:51:12,330.8,1300,46250
20240118,14:51:23,332.0,50,46250
20240118,14:51:34,329.05,200,46250
20240118,14:51:44,329.0,50,49450
20240118,14:52:05,333.0,50,49450
20240118,14:52:08,333.9,200,49450
20240118,14:52:12,334.6,50,49450
20240118,14:52:15,332.3,50,49450
20240118,14:52:25,334.65,50,49450
20240118,14:52:56,329.3,50,49450
20240118,14:53:01,329.5,50,49450
20240118,14:53:11,329.45,50,49450
20240118,14:53:21,329.3,300,49450
20240118,14:53:34,325.0,200,49450
20240118,14:53:47,326.65,750,49450
20240118,14:54:08,323.9,250,49450
20240118,14:54:39,325.0,450,49000
20240118,14:55:00,325.1,100,49000
20240118,14:55:10,324.75,50,49000
20240118,14:55:54,319.0,700,49000
20240118,14:56:25,322.8,350,49000
20240118,14:56:45,321.95,50,49000
20240118,14:57:48,317.25,50,48950
20240118,14:58:19,318.0,50,48950
20240118,14:58:39,320.0,50,48950
20240118,14:58:50,317.9,300,48950
20240118,14:59:00,315.2,450,48950
20240118,14:59:10,315.1,1400,48950
20240118,15:00:00,310.3,50,48950
20240118,15:00:20,314.0,150,48950
20240118,15:00:31,313.6,650,49650
20240118,15:00:41,314.7,200,49650
20240118,15:01:02,311.4,1000,49650
20240118,15:01:12,313.65,750,49650
20240118,15:01:42,313.65,50,49650
20240118,15:02:02,312.6,400,49650
20240118,15:02:22,312.75,200,49650
20240118,15:02:32,310.75,50,49650
20240118,15:02:41,311.5,50,49650
20240118,15:02:51,310.0,500,49650
20240118,15:03:01,310.0,50,49650
20240118,15:03:20,309.7,250,49650
20240118,15:04:27,312.3,250,49850
20240118,15:04:56,312.3,300,49850
20240118,15:05:05,312.3,100,49850
20240118,15:05:15,311.35,850,49850
20240118,15:05:24,311.5,400,49850
20240118,15:05:34,313.9,650,49850
20240118,15:05:53,312.0,1000,49850
20240118,15:06:03,312.4,50,49850
20240118,15:06:13,314.7,700,49850
20240118,15:06:26,319.35,50,49850
20240118,15:06:38,321.4,300,49700
20240118,15:06:49,324.1,750,49700
20240118,15:07:00,326.9,1000,49700
20240118,15:07:11,328.9,300,49700
20240118,15:07:22,326.9,50,49700
20240118,15:07:33,327.8,250,49700
20240118,15:08:03,328.9,200,49700
20240118,15:08:13,328.9,900,49700
20240118,15:08:23,330.0,300,49700
20240118,15:08:56,326.3,1200,49700
20240118,15:09:09,327.15,200,49700
20240118,15:09:19,325.5,200,49700
20240118,15:09:29,325.0,700,49700
20240118,15:09:40,324.4,100,47100
20240118,15:10:00,323.2,200,47100
20240118,15:10:10,323.2,200,47100
20240118,15:10:39,324.35,100,47100
20240118,15:10:49,324.35,450,47100
20240118,15:10:59,327.9,150,47100
20240118,15:11:11,329.1,100,47100
20240118,15:11:23,327.45,100,47100
20240118,15:11:33,324.95,150,47100
20240118,15:11:43,326.25,200,47100
20240118,15:11:53,324.85,150,47100
20240118,15:12:37,327.05,50,47850
20240118,15:13:18,323.4,250,47850
20240118,15:14:05,321.15,100,47850
20240118,15:14:18,321.35,100,47850
20240118,15:14:31,325.0,1500,47850
20240118,15:14:43,323.1,350,47850
20240118,15:15:03,324.1,350,47850
20240118,15:15:13,324.4,50,47850
20240118,15:15:33,322.15,100,47850
20240118,15:15:43,321.75,200,47100
20240118,15:16:02,322.25,450,47100
20240118,15:16:22,323.05,250,47100
20240118,15:16:52,323.35,900,47100
20240118,15:17:21,322.4,100,47100
20240118,15:17:30,323.0,100,47100
20240118,15:17:39,321.75,600,47100
20240118,15:18:07,322.4,200,47100
20240118,15:18:25,324.05,100,47100
20240118,15:18:43,325.9,150,47750
20240118,15:18:53,325.1,300,47750
20240118,15:19:01,325.55,100,47750
20240118,15:19:25,328.35,200,47750
20240118,15:19:37,328.95,250,47750
20240118,15:19:58,328.95,100,47750
20240118,15:20:09,329.4,1100,47750
20240118,15:20:18,329.6,1250,47750
20240118,15:20:29,331.8,950,47750
20240118,15:20:39,332.0,1000,47750
20240118,15:20:50,332.0,650,47750
20240118,15:21:00,332.8,50,47750
20240118,15:21:10,333.15,1000,47750
20240118,15:21:20,333.85,150,47750
20240118,15:21:31,334.0,650,47750
20240118,15:21:40,335.0,450,47000
20240118,15:22:02,335.0,100,47000
20240118,15:22:14,335.2,550,47000
20240118,15:22:25,335.5,50,47000
20240118,15:22:47,336.85,600,47000
20240118,15:23:21,339.05,100,47000
20240118,15:23:33,340.0,350,47000
20240118,15:23:44,339.9,350,47000
20240118,15:23:57,341.1,350,47000
20240118,15:24:09,337.05,700,47000
20240118,15:24:21,339.45,300,47000
20240118,15:24:32,337.75,600,48350
20240118,15:25:02,337.75,100,48350
20240118,15:25:13,338.1,150,48350
20240118,15:25:23,338.4,350,48350
20240118,15:25:33,337.2,150,48350
20240118,15:25:43,336.8,100,48350
20240118,15:26:06,336.4,250,48350
20240118,15:26:17,337.55,150,48350
20240118,15:26:27,338.7,250,48350
20240118,15:26:38,339.5,400,48350
20240118,15:26:49,341.1,150,48350
20240118,15:27:00,340.35,50,48350
20240118,15:27:11,341.1,550,48350
20240118,15:27:22,340.05,200,48350
20240118,15:27:31,340.1,100,48350
20240118,15:27:41,338.9,150,49150
20240118,15:27:52,340.0,350,49150
20240118,15:28:02,338.9,250,49150
20240118,15:28:12,341.7,200,49150
20240118,15:28:23,340.0,300,49150
20240118,15:28:33,340.0,300,49150
20240118,15:28:53,339.5,600,49150
20240118,15:29:04,339.05,300,49150
20240118,15:29:15,338.0,200,49150
20240118,15:29:25,340.0,850,49150
20240118,15:29:35,341.0,100,49150
20240118,15:29:47,340.05,600,49150
20240118,15:30:00,344.0,1300,49150
20240119,09:15:46,390.0,1,47100
20240119,09:15:46,394.45,150,47100
20240119,09:15:51,388.05,850,47100
20240119,09:15:55,389.2,200,47100
20240119,09:16:00,387.95,500,47100
20240119,09:16:05,385.4,450,47100
20240119,09:16:09,388.8,250,47100
20240119,09:16:14,389.65,100,47100
20240119,09:16:22,392.6,350,47100
20240119,09:16:27,393.05,650,47100
20240119,09:16:35,390.95,150,47100
20240119,09:16:43,394.1,200,47100
20240119,09:16:48,395.7,200,47100
20240119,09:16:52,395.7,50,47100
20240119,09:16:57,396.45,50,47100
20240119,09:17:01,396.55,100,47100
20240119,09:17:05,397.45,100,47100
20240119,09:17:09,397.45,200,47100
20240119,09:17:14,393.45,350,47100
20240119,09:17:18,391.85,150,47100
20240119,09:17:23,393.65,150,47100
20240119,09:17:27,391.25,150,45800
20240119,09:17:31,391.1,300,45800
20240119,09:17:35,393.0,100,45800
20240119,09:17:39,393.55,250,45800
20240119,09:17:48,396.8,100,45800
20240119,09:18:01,400.0,150,45800
20240119,09:18:05,403.9,50,45800
20240119,09:18:09,406.25,150,45800
20240119,09:18:18,406.45,850,45800
20240119,09:18:23,408.4,1650,45800
20240119,09:18:31,406.65,100,45800
20240119,09:18:40,405.4,200,45800
20240119,09:18:44,406.2,650,45800
20240119,09:18:49,402.5,50,45800
20240119,09:18:51,400.0,50,45800
20240119,09:19:06,396.65,100,45800
20240119,09:19:09,396.1,100,45800
20240119,09:19:16,397.5,50,45800
20240119,09:19:21,400.0,50,45800
20240119,09:19:27,403.15,50,45800
20240119,09:19:39,404.15,50,45800
20240119,09:19:42,403.6,50,45800
20240119,09:19:47,405.1,50,45800
20240119,09:19:51,405.05,100,45800
20240119,09:19:52,404.35,1700,45800
20240119,09:19:59,405.0,50,45800
20240119,09:20:01,403.6,50,45800
20240119,09:20:19,402.7,50,45800
20240119,09:20:27,402.65,450,44850
20240119,09:20:29,401.3,50,44850
20240119,09:21:04,394.8,100,44850
20240119,09:21:06,394.8,250,44850
20240119,09:21:08,394.95,150,44850
20240119,09:21:21,395.55,100,44850
20240119,09:21:38,400.0,200,44850
20240119,09:21:43,401.7,200,44850
20240119,09:21:46,404.25,50,44850
20240119,09:21:56,407.0,50,44850
20240119,09:22:01,406.25,50,44850
20240119,09:22:06,406.9,50,44850
20240119,09:22:09,405.9,50,44850
20240119,09:22:14,403.75,50,44850
20240119,09:22:19,401.9,50,44850
20240119,09:22:21,402.3,100,44850
20240119,09:22:22,403.8,50,44850
20240119,09:22:26,403.15,50,44850
20240119,09:22:28,402.7,50,44850
20240119,09:22:33,399.55,50,44850
20240119,09:22:36,400.0,50,44850
20240119,09:22:41,402.6,50,44850
20240119,09:22:44,400.9,100,44850
20240119,09:22:46,401.15,50,44850
20240119,09:22:59,403.6,50,44850
20240119,09:23:04,403.0,50,44850
20240119,09:23:49,403.0,50,44850
20240119,09:23:56,402.8,150,43850
20240119,09:24:07,400.4,450,43850
20240119,09:24:11,400.95,50,43850
20240119,09:24:22,401.95,50,43850
20240119,09:24:27,400.6,50,43850
20240119,09:25:04,395.3,50,43850
20240119,09:25:07,394.0,150,43850
20240119,09:25:11,394.15,50,43850
20240119,09:25:22,395.0,200,43850
20240119,09:25:36,395.2,150,43850
20240119,09:25:49,396.5,50,43850
20240119,09:25:51,399.35,50,43850
20240119,09:26:09,401.1,50,43850
20240119,09:26:22,403.95,200,43850
20240119,09:26:37,404.6,50,43150
20240119,09:26:39,403.5,50,43150
20240119,09:26:42,404.0,50,43150
20240119,09:26:49,405.0,100,43150
20240119,09:26:54,402.7,50,43150
20240119,09:27:06,404.55,150,43150
20240119,09:27:18,404.5,50,43150
20240119,09:27:21,403.8,50,43150
20240119,09:27:33,405.0,50,43150
20240119,09:27:34,404.3,100,43150
20240119,09:27:38,405.6,100,43150
20240119,09:27:41,403.65,50,43150
20240119,09:27:43,406.0,50,43150
20240119,09:27:46,407.0,50,43150
20240119,09:28:02,410.0,400,43150
20240119,09:28:11,413.3,500,43150
20240119,09:28:21,413.3,100,43150
20240119,09:28:24,411.2,100,43150
20240119,09:28:26,410.55,50,43150
20240119,09:28:36,412.5,50,43150
20240119,09:29:07,409.7,50,43150
20240119,09:29:11,408.85,150,43150
20240119,09:29:12,408.15,100,43150
20240119,09:29:32,409.1,50,41650
20240119,09:29:39,411.95,150,41650
20240119,09:29:47,412.4,50,41650
20240119,09:30:01,412.0,50,41650
20240119,09:30:02,412.5,1000,41650
20240119,09:30:07,415.0,100,41650
20240119,09:30:09,415.6,50,41650
20240119,09:30:11,415.8,250,41650
20240119,09:30:14,415.25,50,41650
20240119,09:30:27,411.5,50,41650
20240119,09:30:52,407.85,50,41650
20240119,09:31:01,407.3,50,41650
20240119,09:31:02,409.55,100,41650
20240119,09:31:06,410.8,100,41650
20240119,09:31:12,412.95,100,41650
20240119,09:31:22,412.1,50,41650
20240119,09:31:34,412.7,50,41650
20240119,09:31:41,412.8,100,41650
20240119,09:32:09,411.5,50,41650
20240119,09:32:19,410.0,200,41650
20240119,09:32:27,405.0,50,40250
20240119,09:32:36,397.8,50,40250
20240119,09:32:41,392.3,100,40250
20240119,09:32:44,399.0,200,40250
20240119,09:32:46,400.8,250,40250
20240119,09:32:47,402.6,300,40250
20240119,09:32:49,401.8,200,40250
20240119,09:32:51,400.4,100,40250
20240119,09:32:52,399.6,50,40250
20240119,09:32:54,398.4,100,40250
20240119,09:32:59,400.2,200,40250
20240119,09:33:01,400.4,200,40250
20240119,09:33:11,399.6,50,40250
20240119,09:33:14,399.05,100,40250
20240119,09:33:26,394.6,100,40250
20240119,09:33:29,393.9,50,40250
20240119,09:33:32,397.7,150,40250
20240119,09:33:36,394.0,50,40250
20240119,09:34:03,400.1,200,40250
20240119,09:34:32,401.4,50,40250
20240119,09:35:07,396.5,100,40250
20240119,09:35:22,395.85,300,40250
20240119,09:35:24,396.3,100,40250
20240119,09:35:27,394.8,150,40250
20240119,09:35:31,394.7,50,39000
20240119,09:35:39,394.0,150,39000
20240119,09:35:44,397.05,200,39000
20240119,09:35:58,397.05,50,39000
20240119,09:36:09,397.6,50,39000
20240119,09:36:13,398.2,150,39000
20240119,09:36:47,398.5,50,39000
20240119,09:37:01,396.0,50,39000
20240119,09:37:44,398.9,500,39000
20240119,09:40:16,405.0,200,38950
20240119,09:40:41,410.0,50,38950
20240119,09:40:49,409.4,350,38950
20240119,09:41:16,402.5,50,38950
20240119,09:41:26,398.9,50,38950
20240119,09:41:29,399.6,50,38550
20240119,09:41:34,400.75,50,38550
20240119,09:41:43,398.7,50,38550
20240119,09:42:26,393.3,50,38550
20240119,09:42:35,390.0,50,38550
20240119,09:42:43,391.8,100,38550
20240119,09:42:45,390.25,200,38550
20240119,09:42:58,392.0,50,38550
20240119,09:43:31,395.0,100,38550
20240119,09:44:14,390.3,50,38550
20240119,09:44:31,388.0,500,38100
20240119,09:44:38,390.7,300,38100
20240119,09:44:39,391.0,50,38100
20240119,09:44:50,392.8,200,38100
20240119,09:45:06,387.75,50,38100
20240119,09:45:53,382.4,50,38100
20240119,09:45:58,382.4,50,38100
20240119,09:46:06,385.0,100,38100
20240119,09:46:23,384.9,350,38100
20240119,09:46:30,385.95,50,38100
20240119,09:47:05,387.0,250,38100
20240119,09:48:03,389.3,50,37800
20240119,09:48:36,390.0,100,37800
20240119,09:48:46,391.0,50,37800
20240119,09:48:58,393.55,50,37800
20240119,09:48:59,393.55,50,37800
20240119,09:49:16,393.6,50,37800
20240119,09:49:26,394.0,300,37800
20240119,09:49:43,389.75,100,37800
20240119,09:49:51,388.75,50,37800
20240119,09:50:20,384.0,250,37800
20240119,09:50:30,382.2,150,37800
20240119,09:50:53,382.2,300,37300
20240119,09:51:00,382.2,50,37300
20240119,09:51:21,380.4,50,37300
20240119,09:51:26,380.4,50,37300
20240119,09:51:30,381.0,50,37300
20240119,09:51:51,379.3,50,37300
20240119,09:51:53,379.3,100,37300
20240119,09:51:55,379.05,50,37300
20240119,09:51:56,379.05,100,37300
20240119,09:52:21,383.15,150,37300
20240119,09:54:15,390.5,50,36400
20240119,09:54:24,390.6,50,36400
20240119,09:55:02,390.6,50,36400
20240119,09:57:17,398.0,500,36450
20240119,09:57:22,399.0,100,36450
20240119,09:57:49,399.0,50,36450
20240119,09:57:52,399.6,50,36450
20240119,10:00:08,393.2,50,35950
20240119,10:00:18,393.2,50,35950
20240119,10:01:23,398.6,100,35950
20240119,10:01:51,398.7,850,35950
20240119,10:02:18,391.8,300,35950
20240119,10:03:38,398.6,50,34950
20240119,10:03:45,400.3,100,34950
20240119,10:03:47,398.3,450,34950
20240119,10:03:52,397.8,300,34950
20240119,10:04:43,397.8,50,34950
20240119,10:09:24,392.45,50,34500
20240119,10:09:35,391.3,50,34500
20240119,10:10:04,394.7,150,34500
20240119,10:10:07,392.6,300,34500
20240119,10:10:39,388.0,500,34500
20240119,10:10:44,387.3,500,34500
20240119,10:10:45,389.05,50,34500
20240119,10:10:47,389.25,150,34500
20240119,10:10:59,388.35,100,34500
20240119,10:11:09,391.75,400,34500
20240119,10:11:10,393.1,400,34500
20240119,10:11:22,394.55,250,34500
20240119,10:12:07,398.0,500,32750
20240119,10:12:42,399.0,50,32750
20240119,10:14:33,394.1,50,32750
20240119,10:14:49,394.5,50,32250
20240119,10:14:55,395.15,400,32250
20240119,10:15:07,397.0,50,32250
20240119,10:15:25,396.6,150,32250
20240119,10:15:55,396.55,350,32250
20240119,10:15:58,394.95,500,32250
20240119,10:17:34,397.6,50,32250
20240119,10:19:42,390.0,50,31500
20240119,10:20:05,390.95,150,31500
20240119,10:20:07,392.0,50,31500
20240119,10:20:10,391.2,150,31500
20240119,10:20:18,394.7,50,31500
20240119,10:21:05,396.2,50,31350
20240119,10:21:24,396.2,50,31350
20240119,10:22:56,390.0,50,31350
20240119,10:23:00,392.75,100,31350
20240119,10:23:01,393.0,50,31350
20240119,10:24:02,404.4,50,31150
20240119,10:25:40,408.0,50,31150
20240119,10:25:59,408.0,50,31150
20240119,10:26:30,407.4,50,31150
20240119,10:26:44,408.6,50,31200
20240119,10:26:49,410.0,100,31200
20240119,10:27:07,410.0,50,31200
20240119,10:28:07,413.1,100,31200
20240119,10:28:48,413.4,250,31200
20240119,10:29:03,415.15,500,31200
20240119,10:29:14,415.05,50,31200
20240119,10:29:39,418.0,100,31200
20240119,10:29:58,419.3,550,31200
20240119,10:30:37,419.3,250,31200
20240119,10:31:00,417.0,300,31200
20240119,10:31:12,420.0,250,31200
20240119,10:31:38,420.0,150,31200
20240119,10:32:35,422.4,100,31200
20240119,10:32:57,424.5,50,30150
20240119,10:33:07,426.1,50,30150
20240119,10:33:36,426.1,150,30150
20240119,10:34:12,419.4,800,30150
20240119,10:35:01,416.7,250,30150
20240119,10:35:03,415.85,100,30150
20240119,10:35:04,418.0,1000,30150
20240119,10:35:32,418.2,50,30150
20240119,10:36:29,412.1,400,29050
20240119,10:37:16,413.65,50,29050
20240119,10:39:34,409.05,100,29050
20240119,10:39:55,411.6,500,29050
20240119,10:40:57,409.2,500,29050
20240119,10:41:02,409.05,450,29050
20240119,10:41:49,405.65,100,29050
20240119,10:42:21,409.6,300,29050
20240119,10:43:04,409.7,300,29050
20240119,10:44:42,404.45,300,29050
20240119,10:44:45,402.95,100,29050
20240119,10:45:10,405.5,150,29050
20240119,10:46:25,399.6,500,29050
20240119,10:46:33,400.25,500,29050
20240119,10:46:45,400.85,150,29050
20240119,10:48:09,397.25,50,29900
20240119,10:48:56,401.1,150,29900
20240119,10:50:21,399.65,50,29900
20240119,10:50:22,399.95,50,29900
20240119,10:52:56,400.5,400,29900
20240119,10:54:00,398.6,50,29900
20240119,10:54:31,397.85,150,29900
20240119,10:57:51,390.0,50,29950
20240119,10:58:12,387.45,150,29950
20240119,10:59:59,382.25,500,30150
20240119,11:00:02,381.95,50,30150
20240119,11:00:05,381.0,500,30150
20240119,11:00:37,379.75,50,30150
20240119,11:01:07,384.3,100,30150
20240119,11:01:49,389.0,50,30150
20240119,11:02:02,387.55,50,30150
20240119,11:02:12,385.85,100,30150
20240119,11:02:32,387.05,50,30150
20240119,11:02:47,391.0,100,29950
20240119,11:02:53,391.0,50,29950
20240119,11:02:55,391.0,350,29950
20240119,11:03:10,390.65,50,29950
20240119,11:05:07,386.35,250,29950
20240119,11:06:10,375.25,50,29750
20240119,11:06:12,375.2,300,29750
20240119,11:06:42,375.2,500,29750
20240119,11:06:49,370.0,50,29750
20240119,11:06:50,368.1,100,29750
20240119,11:06:54,365.85,150,29750
20240119,11:06:57,365.3,250,29750
20240119,11:07:05,368.7,50,29750
20240119,11:07:15,370.2,350,29750
20240119,11:07:22,368.45,50,29750
20240119,11:07:45,363.8,100,29750
20240119,11:07:47,363.8,50,29750
20240119,11:08:00,358.85,150,29750
20240119,11:08:02,356.05,200,29750
20240119,11:08:05,355.35,50,29750
20240119,11:08:07,355.35,150,29750
20240119,11:08:08,359.4,650,29750
20240119,11:08:10,361.6,100,29750
20240119,11:08:12,360.8,300,29750
20240119,11:08:13,360.0,200,29750
20240119,11:08:33,366.4,100,29750
20240119,11:08:45,367.1,250,28750
20240119,11:09:22,362.4,100,28750
20240119,11:09:24,362.0,500,28750
20240119,11:09:50,358.85,150,28750
20240119,11:09:53,359.1,250,28750
20240119,11:09:57,359.15,50,28750
20240119,11:10:00,357.2,250,28750
20240119,11:10:03,356.45,50,28750
20240119,11:10:17,356.25,100,28750
20240119,11:10:35,359.4,500,28750
20240119,11:11:12,364.85,50,28750
20240119,11:11:45,360.0,50,28900
20240119,11:11:57,358.5,250,28900
20240119,11:12:02,357.9,50,28900
20240119,11:12:10,361.05,50,28900
20240119,11:12:11,358.6,100,28900
20240119,11:12:13,360.25,500,28900
20240119,11:12:29,361.85,50,28900
20240119,11:12:51,363.1,150,28900
20240119,11:13:01,362.0,50,28900
20240119,11:13:47,363.05,50,28900
20240119,11:14:07,360.25,200,28900
20240119,11:14:24,360.25,50,28900
20240119,11:14:32,359.35,50,28900
20240119,11:14:40,357.4,400,28900
20240119,11:14:44,359.95,150,29100
20240119,11:15:35,352.9,50,29100
20240119,11:15:39,352.9,300,29100
20240119,11:15:52,355.4,50,29100
20240119,11:16:04,358.15,100,29100
20240119,11:16:39,362.75,100,29100
20240119,11:16:47,363.7,150,29100
20240119,11:16:49,364.75,100,29100
20240119,11:17:04,365.0,150,29100
20240119,11:17:12,363.4,150,29100
20240119,11:17:17,367.95,50,29100
20240119,11:18:19,364.65,250,28850
20240119,11:19:05,365.0,100,28850
20240119,11:19:37,364.65,800,28850
20240119,11:20:20,367.5,500,28850
20240119,11:20:50,367.5,50,28900
20240119,11:21:53,369.0,50,28900
20240119,11:22:03,370.0,50,28900
20240119,11:22:18,372.0,500,28900
20240119,11:22:47,372.0,250,28900
20240119,11:23:56,360.0,150,28600
20240119,11:24:02,359.1,50,28600
20240119,11:24:19,365.1,100,28600
20240119,11:25:47,364.8,50,28600
20240119,11:26:19,365.25,50,28600
20240119,11:26:55,365.3,250,28700
20240119,11:27:09,364.8,150,28700
20240119,11:28:00,364.1,300,28700
20240119,11:28:02,366.25,200,28700
20240119,11:29:22,369.35,300,28700
20240119,11:29:38,368.85,200,28700
20240119,11:29:55,368.05,150,28050
20240119,11:31:03,370.9,50,28050
20240119,11:31:25,369.05,350,28050
20240119,11:33:07,368.6,50,27650
20240119,11:34:55,372.2,150,27650
20240119,11:35:17,375.1,50,27650
20240119,11:35:37,370.0,50,27650
20240119,11:37:25,370.0,150,27550
20240119,11:38:35,374.75,50,27550
20240119,11:38:37,376.4,550,27550
20240119,11:38:55,382.0,100,27550
20240119,11:39:23,384.85,200,27550
20240119,11:39:26,387.0,500,27550
20240119,11:39:36,387.0,50,27550
20240119,11:40:47,378.75,50,27550
20240119,11:41:28,379.05,50,27550
20240119,11:41:53,379.15,150,27250
20240119,11:42:00,377.95,50,27250
20240119,11:42:07,376.25,50,27250
20240119,11:42:08,376.15,50,27250
20240119,11:43:00,372.7,450,27250
20240119,11:43:03,373.8,200,27250
20240119,11:43:36,374.3,100,27250
20240119,11:44:07,372.55,50,27250
20240119,11:45:20,363.8,150,27400
20240119,11:45:35,365.3,50,27400
20240119,11:46:03,363.75,100,27400
20240119,11:46:18,363.8,100,27400
20240119,11:46:28,363.8,100,27400
20240119,11:46:38,367.3,50,27400
20240119,11:48:26,369.95,100,27150
20240119,11:48:31,372.25,200,27150
20240119,11:48:34,371.3,400,27150
20240119,11:48:56,373.8,50,27150
20240119,11:49:17,373.8,150,27150
20240119,11:49:27,372.5,50,27150
20240119,11:49:44,371.05,50,27150
20240119,11:49:57,373.1,100,27150
20240119,11:50:58,376.0,50,27000
20240119,11:53:10,377.6,100,27000
20240119,11:57:05,383.0,100,27000
20240119,11:57:37,377.65,50,27000
20240119,11:58:18,375.55,100,27000
20240119,11:59:17,376.55,100,27000
20240119,12:01:51,377.6,100,26750
20240119,12:02:59,371.0,100,26650
20240119,12:04:33,368.0,50,26650
20240119,12:08:16,372.65,1800,26650
20240119,12:08:44,374.95,50,26650
20240119,12:10:15,366.65,50,26600
20240119,12:10:17,368.0,700,26600
20240119,12:10:23,366.55,50,26600
20240119,12:10:57,361.95,50,26600
20240119,12:11:03,364.6,100,26600
20240119,12:11:05,364.65,100,26600
20240119,12:11:20,364.1,250,26600
20240119,12:11:35,367.5,100,26600
20240119,12:11:40,366.85,300,26600
20240119,12:12:15,371.45,550,25850
20240119,12:12:28,371.5,50,25850
20240119,12:13:38,369.9,50,25850
20240119,12:14:34,370.5,50,25850
20240119,12:17:05,367.6,50,25900
20240119,12:18:12,362.0,100,25900
20240119,12:18:17,360.0,50,25900
20240119,12:18:30,360.6,50,25900
20240119,12:18:45,365.9,100,25900
20240119,12:18:48,366.6,50,25900
20240119,12:18:52,367.25,350,25900
20240119,12:20:02,367.85,50,25900
20240119,12:21:09,361.45,100,25850
20240119,12:21:16,361.0,200,25850
20240119,12:21:17,360.05,100,25850
20240119,12:22:17,363.45,50,25850
20240119,12:23:04,359.0,500,25850
20240119,12:24:48,364.9,250,25900
20240119,12:24:58,366.05,300,25900
20240119,12:25:33,360.0,50,25900
20240119,12:26:21,360.0,50,25900
20240119,12:26:33,357.75,500,25900
20240119,12:27:06,366.45,100,25900
20240119,12:27:19,366.7,50,25900
20240119,12:28:15,363.25,100,25900
20240119,12:28:19,364.65,450,25900
20240119,12:30:03,368.1,150,25800
20240119,12:30:08,370.5,50,25800
20240119,12:31:05,369.65,50,25800
20240119,12:31:10,370.5,100,25800
20240119,12:34:03,368.2,50,25850
20240119,12:34:29,370.7,50,25850
20240119,12:34:59,376.3,50,25850
20240119,12:35:11,378.0,50,25850
20240119,12:35:22,375.2,15050,25850
20240119,12:36:01,380.0,200,34300
20240119,12:37:03,378.5,50,34300
20240119,12:37:06,375.45,50,34300
20240119,12:37:08,376.3,50,34300
20240119,12:37:18,377.7,400,34300
20240119,12:39:06,382.4,50,34100
20240119,12:39:59,378.6,300,34100
20240119,12:40:04,379.25,150,34100
20240119,12:40:06,379.2,250,34100
20240119,12:40:09,378.1,300,34100
20240119,12:40:14,376.0,300,34100
20240119,12:40:16,374.6,100,34100
20240119,12:40:18,375.2,50,34100
20240119,12:40:19,376.4,100,34100
20240119,12:40:54,378.8,50,34100
20240119,12:44:03,377.4,500,33200
20240119,12:46:10,387.0,600,33500
20240119,12:46:49,385.0,50,33500
20240119,12:47:24,387.0,50,33500
20240119,12:49:36,388.95,50,33500
20240119,12:49:38,388.95,950,32800
20240119,12:50:07,388.95,50,32800
20240119,12:50:12,387.1,100,32800
20240119,12:50:55,389.45,300,31700
20240119,12:50:57,387.1,14950,31700
20240119,12:51:37,384.0,250,31700
20240119,12:51:42,384.3,200,31700
20240119,12:51:43,383.9,300,31700
20240119,12:51:53,384.25,100,31700
20240119,12:51:58,384.75,150,31700
20240119,12:52:03,384.7,50,31700
20240119,12:52:52,387.2,50,31700
20240119,12:52:53,386.8,150,31700
20240119,12:52:57,387.2,50,31700
20240119,12:53:00,387.8,400,31700
20240119,12:53:02,388.4,150,31700
20240119,12:53:07,388.8,100,31700
20240119,12:53:32,390.3,50,31700
20240119,12:53:42,390.6,150,31700
20240119,12:56:32,385.25,500,28150
20240119,12:57:03,389.9,50,28150
20240119,12:59:17,385.25,100,28150
20240119,13:00:02,388.4,100,28000
20240119,13:00:09,389.5,50,28000
20240119,13:00:27,388.9,500,28000
20240119,13:01:27,386.5,50,28000
20240119,13:01:30,388.9,50,28000
20240119,13:02:12,392.2,150,28000
20240119,13:02:14,392.7,150,28000
20240119,13:02:17,391.8,50,28000
20240119,13:02:19,390.2,50,28000
20240119,13:03:24,391.25,50,27700
20240119,13:03:26,391.1,50,27700
20240119,13:03:37,392.05,100,27700
20240119,13:04:09,390.1,50,27700
20240119,13:04:39,389.25,500,27700
20240119,13:04:41,389.6,100,27700
20240119,13:06:16,393.1,50,27600
20240119,13:07:40,396.5,50,27600
20240119,13:08:08,399.45,200,27600
20240119,13:08:30,400.55,50,27600
20240119,13:08:51,402.95,100,27600
20240119,13:10:10,400.35,50,27650
20240119,13:10:49,396.0,50,27650
20240119,13:11:21,391.55,100,27650
20240119,13:11:36,392.1,100,27650
20240119,13:11:42,391.4,50,27650
20240119,13:14:04,400.0,50,27600
20240119,13:14:19,400.55,500,27600
20240119,13:14:39,402.1,300,27600
20240119,13:15:14,407.4,50,27300
20240119,13:17:14,404.75,300,27300
20240119,13:17:40,406.35,150,27300
20240119,13:18:52,410.0,100,27300
20240119,13:19:05,411.1,500,27300
20240119,13:20:48,408.85,150,27300
20240119,13:21:06,407.4,250,27200
20240119,13:22:01,407.0,100,27200
20240119,13:22:18,404.75,150,27200
20240119,13:22:19,403.9,50,27200
20240119,13:25:30,402.3,50,26900
20240119,13:26:30,400.25,50,26900
20240119,13:26:58,393.65,850,26900
20240119,13:27:48,390.95,50,26900
20240119,13:28:20,385.0,50,26050
20240119,13:28:27,383.2,250,26050
20240119,13:28:30,386.3,300,26050
20240119,13:29:05,384.45,100,26050
20240119,13:30:01,382.0,150,26000
20240119,13:30:11,381.9,50,26000
20240119,13:31:06,385.15,150,26000
20240119,13:31:20,388.1,100,26000
20240119,13:31:28,390.3,50,26000
20240119,13:33:13,387.0,50,25750
20240119,13:33:15,387.35,50,25750
20240119,13:33:17,386.35,100,25750
20240119,13:33:30,387.0,50,25750
20240119,13:33:50,385.95,100,25750
20240119,13:35:40,395.0,100,25750
20240119,13:35:58,401.7,100,25750
20240119,13:36:03,401.8,100,25500
20240119,13:36:13,404.2,50,25500
20240119,13:36:48,406.2,50,25500
20240119,13:37:10,404.8,500,25500
20240119,13:37:33,404.15,750,25500
20240119,13:39:03,407.15,150,25250
20240119,13:39:31,408.45,250,25250
20240119,13:40:08,407.6,50,25250
20240119,13:40:38,408.4,100,25250
20240119,13:43:11,403.4,50,25250
20240119,13:44:10,400.8,200,25450
20240119,13:47:47,393.7,50,25450
20240119,13:49:28,393.0,50,25450
20240119,13:50:08,397.7,100,25450
20240119,13:51:03,392.85,200,25350
20240119,13:51:13,393.5,50,25350
20240119,13:51:15,393.7,50,25350
20240119,13:51:21,390.0,50,25350
20240119,13:53:45,396.8,50,25350
20240119,13:54:38,399.0,50,25250
20240119,13:54:47,396.1,100,25250
20240119,13:56:26,398.0,250,25250
20240119,13:58:16,393.6,50,25200
20240119,13:58:41,392.0,50,25200
20240119,14:00:24,386.2,50,25200
20240119,14:01:53,391.6,50,25200
20240119,14:02:06,390.0,100,25200
20240119,14:02:34,383.5,50,25200
20240119,14:02:36,381.0,50,25200
20240119,14:02:39,382.15,200,25200
20240119,14:03:06,383.5,100,25050
20240119,14:03:07,382.3,50,25050
20240119,14:03:09,382.3,350,25050
20240119,14:03:14,384.0,100,25050
20240119,14:03:19,383.5,100,25050
20240119,14:03:22,382.4,50,25050
20240119,14:03:26,380.5,1000,25050
20240119,14:03:33,377.9,50,25050
20240119,14:03:41,377.6,200,25050
20240119,14:03:48,378.4,50,25050
20240119,14:04:37,383.35,200,25050
20240119,14:04:59,381.2,50,25050
20240119,14:08:29,382.45,100,23350
20240119,14:10:19,386.35,50,23400
20240119,14:11:34,382.5,50,23400
20240119,14:11:36,382.2,250,23400
20240119,14:11:39,382.0,150,23400
20240119,14:11:54,383.2,50,23400
20240119,14:11:57,383.15,100,23400
20240119,14:12:02,383.0,50,23400
20240119,14:13:33,384.8,150,23350
20240119,14:14:33,381.75,150,23350
20240119,14:14:45,383.2,50,23350
20240119,14:14:50,384.0,300,23350
20240119,14:15:27,381.15,50,23000
20240119,14:15:48,381.5,50,23000
20240119,14:15:55,381.95,100,23000
20240119,14:15:57,381.5,450,23000
20240119,14:16:30,385.35,350,23000
20240119,14:19:49,389.0,50,22600
20240119,14:20:22,390.3,100,22600
20240119,14:20:27,391.55,50,22600
20240119,14:21:35,393.85,50,22450
20240119,14:21:38,394.05,50,22450
20240119,14:21:45,393.4,100,22450
20240119,14:22:15,398.0,50,22450
20240119,14:22:55,393.5,150,22450
20240119,14:26:08,400.0,50,22550
20240119,14:28:16,401.2,50,22550
20240119,14:28:45,405.0,100,22550
20240119,14:30:45,402.0,100,22550
20240119,14:31:17,404.2,100,22550
20240119,14:32:03,404.2,50,22550
20240119,14:32:38,402.05,250,22550
20240119,14:35:03,410.0,50,22550
20240119,14:36:27,404.65,100,22450
20240119,14:37:12,399.9,250,22450
20240119,14:39:53,412.9,100,22350
20240119,14:39:54,412.3,50,22350
20240119,14:40:13,414.35,100,22350
20240119,14:40:31,415.65,200,22350
20240119,14:40:41,415.5,150,22350
20240119,14:41:07,410.0,50,22350
20240119,14:41:51,410.0,50,22350
20240119,14:43:15,412.05,50,22250
20240119,14:43:48,418.3,50,22250
20240119,14:43:53,420.0,50,22250
20240119,14:43:58,420.5,50,22250
20240119,14:44:05,419.75,50,22250
20240119,14:44:40,417.0,50,22250
20240119,14:45:06,420.45,50,22250
20240119,14:46:58,419.0,50,22300
20240119,14:47:30,415.0,50,22300
20240119,14:47:55,413.55,50,22300
20240119,14:48:15,410.55,50,22300
20240119,14:48:40,409.85,100,22200
20240119,14:48:48,409.85,50,22200
20240119,14:49:14,409.2,50,22200
20240119,14:50:06,408.8,150,22200
20240119,14:50:31,410.0,200,22200
20240119,14:52:16,411.0,100,22100
20240119,14:52:33,411.95,150,22100
20240119,14:54:34,416.0,100,22100
20240119,14:55:14,417.1,50,22100
20240119,14:56:07,411.2,100,22100
20240119,14:56:30,410.0,50,22100
20240119,14:56:32,411.1,50,22100
20240119,14:57:40,409.2,100,22100
20240119,14:57:58,408.7,50,22100
20240119,14:59:04,408.3,50,22100
20240119,14:59:36,409.8,50,22100
20240119,15:00:39,400.6,550,22050
20240119,15:00:43,398.9,100,22050
20240119,15:00:48,396.85,400,22050
20240119,15:00:49,397.6,100,22050
20240119,15:00:51,392.75,200,22050
20240119,15:00:54,390.0,100,22050
20240119,15:00:56,385.95,250,22050
20240119,15:00:58,385.85,200,22050
20240119,15:00:59,384.85,450,22050
20240119,15:01:04,392.55,50,22050
20240119,15:01:06,392.55,50,22050
20240119,15:01:08,394.8,200,22050
20240119,15:01:11,398.9,50,22050
20240119,15:01:16,397.55,100,22050
20240119,15:01:19,401.2,200,22050
20240119,15:01:48,404.0,50,22050
20240119,15:02:24,400.0,50,22050
20240119,15:02:29,400.0,50,22050
20240119,15:02:33,395.35,250,22050
20240119,15:02:51,395.75,100,22050
20240119,15:03:06,402.65,100,22050
20240119,15:03:11,402.5,50,22050
20240119,15:03:13,398.75,50,22050
20240119,15:04:04,400.8,400,21950
20240119,15:04:11,399.0,50,21950
20240119,15:05:46,399.65,100,21950
20240119,15:06:38,408.5,50,21750
20240119,15:07:19,411.75,50,21750
20240119,15:07:21,411.6,50,21750
20240119,15:07:56,409.65,100,21750
20240119,15:08:04,408.55,50,21750
20240119,15:08:13,405.65,50,21750
20240119,15:08:46,404.85,50,21750
20240119,15:08:56,402.35,50,21750
20240119,15:09:19,404.5,50,21600
20240119,15:09:33,404.15,100,21600
20240119,15:09:49,403.3,100,21600
20240119,15:10:04,403.55,50,21600
20240119,15:13:15,401.3,100,21300
20240119,15:14:27,403.05,100,21300
20240119,15:14:46,399.0,150,21300
20240119,15:14:53,402.0,50,21300
20240119,15:14:56,403.25,100,21300
20240119,15:17:57,408.85,250,21350
20240119,15:19:01,408.7,50,21300
20240119,15:19:24,409.0,50,21300
20240119,15:19:53,407.5,50,21300
20240119,15:21:12,405.5,100,21300
20240119,15:21:49,408.5,100,21200
20240119,15:22:04,408.85,50,21200
20240119,15:22:20,408.4,50,21200
20240119,15:23:02,408.85,50,21200
20240119,15:23:37,409.35,50,21200
20240119,15:24:05,408.0,50,21200
20240119,15:24:06,408.4,50,21200
20240119,15:24:08,408.5,50,21200
20240119,15:25:09,407.5,50,21050
20240119,15:25:17,407.5,300,21050
20240119,15:25:28,407.3,250,21050
20240119,15:25:30,407.0,100,21050
20240119,15:25:31,406.35,100,21050
20240119,15:25:36,406.0,250,21050
20240119,15:25:43,403.85,50,21050
20240119,15:26:19,403.9,500,21050
20240119,15:27:28,406.5,50,20200
20240119,15:27:33,406.5,1200,20200
20240119,15:27:35,406.5,250,20200
20240119,15:27:40,406.5,250,20200
20240119,15:28:18,408.8,50,20200
20240119,15:28:21,407.15,50,20200
20240119,15:28:22,406.9,300,20200
20240119,15:28:27,406.9,500,20200
20240119,15:29:05,407.9,50,20200
20240119,15:29:10,407.9,50,20200
20240119,15:29:27,407.2,50,20200
20240119,15:29:30,407.05,150,20200
20240120,09:15:57,425.0,1,20250
20240120,09:15:57,425.0,50,20250
20240120,09:16:01,450.95,100,20250
20240120,09:16:13,450.95,50,20250
20240120,09:17:01,446.6,150,20250
20240120,09:17:47,439.05,100,20300
20240120,09:18:24,427.55,50,20300
20240120,09:19:14,435.0,50,20300
20240120,09:20:22,442.3,50,20300
20240120,09:21:03,441.9,150,20300
20240120,09:21:21,441.65,250,20300
20240120,09:21:34,440.7,250,20300
20240120,09:21:54,440.45,50,20300
20240120,09:22:32,437.3,50,20300
20240120,09:22:53,435.0,1000,20300
20240120,09:23:05,426.05,50,20300
20240120,09:23:19,428.65,50,20300
20240120,09:23:23,429.0,50,20300
20240120,09:24:34,432.4,500,20100
20240120,09:28:43,432.6,50,20100
20240120,09:30:15,420.5,100,20050
20240120,09:30:48,418.65,250,20050
20240120,09:31:21,414.9,200,20050
20240120,09:31:43,414.9,250,20050
20240120,09:33:08,422.2,50,19950
20240120,09:35:30,413.6,50,19950
20240120,09:35:47,413.6,100,19950
20240120,09:36:15,419.95,50,19950
20240120,09:41:07,415.55,100,19850
20240120,09:43:16,415.6,50,19750
20240120,09:43:30,415.3,50,19750
20240120,09:43:43,414.0,50,19750
20240120,09:47:42,422.5,50,19750
20240120,09:47:51,424.5,200,19750
20240120,09:49:09,417.9,50,19750
20240120,09:54:03,421.35,100,19750
20240120,09:58:16,423.0,100,19750
20240120,09:58:44,420.4,50,19750
20240120,09:59:11,418.95,50,19750
20240120,09:59:26,414.15,50,19750
20240120,09:59:27,409.0,550,19750
20240120,09:59:29,403.6,150,19750
20240120,09:59:37,393.95,200,19750
20240120,09:59:41,397.85,400,19750
20240120,09:59:42,396.4,100,19750
20240120,09:59:51,402.95,100,19750
20240120,10:01:49,406.85,50,19750
20240120,10:02:39,405.45,150,19550
20240120,10:03:37,401.0,100,19550
20240120,10:04:38,402.05,100,19550
20240120,10:05:23,409.4,50,19550
20240120,10:05:24,409.5,50,19550
20240120,10:08:03,402.85,50,19550
20240120,10:08:34,399.05,50,19550
20240120,10:09:12,401.5,50,19450
20240120,10:09:16,400.2,100,19450
20240120,10:09:24,399.2,500,19450
20240120,10:09:49,395.35,50,19450
20240120,10:09:52,392.9,200,19450
20240120,10:11:39,392.9,50,18750
20240120,10:12:07,397.5,100,18750
20240120,10:12:12,398.85,50,18750
20240120,10:12:45,401.1,50,18750
20240120,10:13:09,410.85,200,18750
20240120,10:13:42,411.2,250,18750
20240120,10:13:49,415.4,50,18750
20240120,10:14:00,415.6,50,18750
20240120,10:14:24,418.7,50,18750
20240120,10:17:25,420.7,50,18750
20240120,10:18:06,422.85,100,18700
20240120,10:18:49,417.2,50,18700
20240120,10:20:16,417.3,50,18700
20240120,10:28:28,418.0,100,18700
20240120,10:35:33,423.4,50,18700
20240120,10:37:38,415.7,50,18700
20240120,10:38:01,410.0,50,18700
20240120,10:40:02,417.1,50,18700
20240120,10:43:21,419.4,50,18750
20240120,10:43:59,421.3,50,18750
20240120,10:44:41,420.95,50,18700
20240120,10:45:02,421.0,50,18700
20240120,10:48:52,423.3,100,18700
20240120,10:50:05,420.5,50,18700
20240120,10:50:08,419.95,50,18700
20240120,10:51:45,414.95,50,18800
20240120,10:52:36,414.5,50,18800
20240120,10:53:57,412.7,50,18900
20240120,11:03:11,404.8,100,18950
20240120,11:03:26,407.55,50,18950
20240120,11:06:12,417.1,300,18850
20240120,11:08:15,417.2,50,18850
20240120,11:09:44,417.4,50,19050
20240120,11:10:00,417.25,50,19050
20240120,11:11:41,413.8,100,19050
20240120,11:19:28,403.45,50,18900
20240120,11:25:34,404.5,50,18900
20240120,11:35:34,404.5,1700,18850
20240120,11:42:48,407.85,300,18650
20240120,11:42:49,408.0,200,18650
20240120,11:51:50,402.5,50,18150
20240120,12:11:04,400.0,50,18150
20240120,12:17:48,400.0,50,18150
20240120,12:18:00,399.0,150,18150
20240120,12:24:14,397.95,200,18000
20240120,12:29:57,393.0,50,18050
20240120,12:33:43,390.2,50,18050
20240120,12:35:02,386.0,100,18050
20240120,12:35:15,381.0,150,18050
20240120,12:35:23,375.0,100,18050
20240120,12:35:25,374.5,100,18050
20240120,12:36:46,367.75,50,18050
20240120,12:36:48,365.8,100,18050
20240120,12:37:05,365.25,100,18050
20240120,12:37:10,365.25,50,18050
20240120,12:37:11,369.4,200,18050
20240120,12:37:18,370.1,50,18050
20240120,12:37:25,367.8,200,18050
20240120,12:38:02,373.4,50,18050
20240120,12:38:21,377.45,50,18050
20240120,12:39:31,377.05,50,18050
20240120,12:39:34,378.0,100,18050
20240120,12:39:36,378.75,50,18050
20240120,12:40:03,374.0,200,18050
20240120,12:41:22,371.75,50,18050
20240120,12:42:24,365.9,50,18050
20240120,12:43:10,372.55,50,18200
20240120,12:43:45,374.85,100,18200
20240120,12:46:10,375.7,50,18300
20240120,12:46:43,380.0,100,18300
20240120,12:48:05,388.4,50,18250
20240120,12:48:06,387.8,50,18250
20240120,12:48:46,390.0,200,18250
20240120,12:52:02,384.0,50,18350
20240120,12:52:57,380.05,100,18350
20240120,12:57:23,390.5,50,18300
20240120,13:00:09,394.75,500,18350
20240120,13:00:44,399.0,50,18350
20240120,13:03:12,391.9,50,18500
20240120,13:03:47,388.25,150,18500
20240120,13:04:04,388.6,50,18500
20240120,13:06:08,382.0,50,18350
20240120,13:07:58,388.0,50,18350
20240120,13:08:04,389.0,100,18350
20240120,13:08:23,387.95,100,18350
20240120,13:14:44,391.2,50,18300
20240120,13:25:53,386.9,400,18300
20240120,13:32:14,383.15,100,18300
20240120,13:41:30,380.95,50,18650
20240120,13:44:22,378.0,50,18700
20240120,13:45:52,378.0,250,18750
20240120,13:45:53,378.0,50,18750
20240120,13:46:24,374.05,50,18750
20240120,13:57:00,388.9,150,18750
20240120,13:57:30,392.05,50,18900
20240120,13:57:56,394.5,200,18900
20240120,14:03:20,380.0,50,18950
20240120,14:03:48,378.4,50,18950
20240120,14:07:13,375.0,50,18950
20240120,14:08:44,380.6,50,18950
20240120,14:11:51,379.1,50,18900
20240120,14:17:30,375.8,100,18850
20240120,14:20:31,375.1,50,18850
20240120,14:20:43,376.6,50,18850
20240120,14:24:01,374.2,50,18900
20240120,14:36:09,385.4,150,18900
20240120,14:39:56,380.65,100,18950
20240120,14:40:52,376.4,150,18950
20240120,14:41:09,375.0,50,18950
20240120,14:43:09,362.55,50,19250
20240120,14:43:14,361.35,50,19250
20240120,14:43:22,356.05,100,19250
20240120,14:43:40,350.8,50,19250
20240120,14:44:11,350.8,50,19250
20240120,14:45:13,354.2,50,19250
20240120,14:45:41,350.45,50,19400
20240120,14:45:51,350.45,50,19400
20240120,14:46:06,350.45,100,19400
20240120,14:46:08,350.45,300,19400
20240120,14:46:19,349.7,50,19400
20240120,14:46:21,349.6,50,19400
20240120,14:46:22,348.8,200,19400
20240120,14:46:32,348.65,50,19400
20240120,14:47:43,348.65,50,19400
20240120,14:48:10,361.0,400,19400
20240120,14:48:13,363.3,50,19400
20240120,14:48:58,372.3,500,19850
20240120,14:49:07,367.8,50,19850
20240120,14:50:02,374.7,50,19850
20240120,14:50:52,366.85,500,19850
20240120,14:51:00,369.85,150,19850
20240120,14:51:03,372.0,50,19850
20240120,14:51:07,369.35,100,19850
20240120,14:51:15,369.2,50,19850
20240120,14:51:19,369.05,100,20050
20240120,14:51:44,363.4,50,20050
20240120,14:51:50,364.75,50,20050
20240120,14:52:17,367.15,500,20050
20240120,14:54:07,367.2,150,20050
20240120,14:56:01,361.0,500,20000
20240120,14:56:39,351.3,50,20000
20240120,14:57:04,354.8,50,20000
20240120,14:58:47,362.9,300,20000
20240120,14:59:59,354.8,50,20000
20240120,15:00:32,352.8,50,20250
20240120,15:00:34,351.7,100,20250
20240120,15:00:36,351.8,100,20250
20240120,15:01:09,346.25,50,20250
20240120,15:01:17,341.8,1200,20250
20240120,15:01:36,341.8,50,20250
20240120,15:01:37,340.65,950,20250
20240120,15:01:39,340.1,50,20250
20240120,15:01:49,340.1,50,20250
20240120,15:01:51,340.1,100,20250
20240120,15:02:04,342.9,100,20250
20240120,15:02:05,342.9,50,20250
20240120,15:02:09,339.9,50,20250
20240120,15:02:17,339.9,1000,20250
20240120,15:02:24,342.1,50,20250
20240120,15:02:37,340.1,50,20250
20240120,15:03:15,333.85,50,20250
20240120,15:03:19,333.65,300,20250
20240120,15:03:20,333.65,50,20900
20240120,15:04:14,341.7,150,20900
20240120,15:04:29,341.0,100,20900
20240120,15:05:10,344.4,50,20900
20240120,15:06:42,337.1,50,21050
20240120,15:07:20,337.3,50,21050
20240120,15:07:50,336.7,50,21050
20240120,15:08:14,333.7,1000,21050
20240120,15:08:22,331.7,50,21050
20240120,15:08:55,328.4,150,21050
20240120,15:09:00,328.4,50,21050
20240120,15:10:10,337.0,50,20950
20240120,15:11:32,337.35,50,20950
20240120,15:11:35,337.0,50,20950
20240120,15:13:35,344.2,50,21000
20240120,15:15:20,363.0,150,21000
20240120,15:16:09,354.05,50,20950
20240120,15:16:17,352.05,50,20950
20240120,15:17:10,349.5,50,20950
20240120,15:18:34,355.9,50,20850
20240120,15:19:35,357.15,100,20850
20240120,15:20:52,357.15,100,20850
20240120,15:21:32,350.0,100,20850
20240120,15:21:35,349.8,50,20850
20240120,15:21:45,353.1,100,20850
20240120,15:21:57,352.8,50,20850
20240120,15:22:07,354.5,50,20850
20240120,15:22:52,353.65,100,20850
20240120,15:25:09,354.4,50,20900
20240120,15:26:10,352.85,50,20900
20240120,15:26:19,352.4,100,20900
20240120,15:26:39,350.0,50,20900
20240120,15:27:02,350.1,50,20900
20240120,15:27:25,349.75,200,20950
20240120,15:27:27,349.75,50,20950
20240120,15:27:34,349.7,100,20950
20240120,15:27:40,350.5,50,20950
20240120,15:28:00,351.55,300,20950
20240120,15:28:19,351.6,50,20950
20240120,15:29:01,351.05,50,20950
20240120,15:29:20,352.8,50,20950
20240120,15:29:29,351.65,150,20950
20240123,09:15:04,415.5,100,20250
20240123,09:15:06,446.95,50,20250
20240123,09:15:08,420.0,50,20250
20240123,09:15:11,417.6,500,20250
20240123,09:15:13,434.95,100,20250
20240123,09:15:15,437.85,100,20250
20240123,09:15:17,433.95,100,20250
20240123,09:15:25,435.6,100,20250
20240123,09:15:30,437.95,100,20250
20240123,09:15:44,439.2,50,20250
20240123,09:15:49,440.95,50,20250
20240123,09:16:01,446.15,100,20250
20240123,09:16:08,445.95,250,20250
20240123,09:16:12,450.0,50,20250
20240123,09:16:19,441.1,150,20250
20240123,09:16:38,446.5,150,20250
20240123,09:16:45,446.15,50,20250
20240123,09:16:46,442.65,500,20250
20240123,09:16:47,446.0,300,20250
20240123,09:16:59,444.55,200,20250
20240123,09:17:03,446.5,50,20250
20240123,09:17:15,446.5,1050,20250
20240123,09:17:50,446.15,100,19300
20240123,09:18:07,449.4,300,19300
20240123,09:18:10,446.15,100,19300
20240123,09:18:22,447.7,50,19300
20240123,09:18:32,446.9,50,19300
20240123,09:18:34,446.7,100,19300
20240123,09:18:49,443.9,50,19300
20240123,09:18:49,443.8,50,19300
20240123,09:19:17,441.7,50,19300
20240123,09:19:58,443.5,50,19300
20240123,09:20:40,444.0,250,19350
20240123,09:20:55,446.0,50,19350
20240123,09:21:27,445.1,50,19350
20240123,09:22:07,444.7,50,19350
20240123,09:22:54,443.1,50,19350
20240123,09:23:54,435.3,50,19300
20240123,09:24:25,431.35,100,19300
20240123,09:25:00,431.65,150,19300
20240123,09:26:04,427.5,50,19300
20240123,09:26:55,435.45,50,19100
20240123,09:27:38,431.75,100,19100
20240123,09:28:47,429.7,50,19100
20240123,09:28:54,433.35,50,19100
20240123,09:29:02,435.0,100,19100
20240123,09:29:23,432.0,50,19100
20240123,09:29:25,433.0,50,19100
20240123,09:29:40,428.5,50,19050
20240123,09:29:41,426.9,50,19050
20240123,09:29:46,427.85,100,19050
20240123,09:30:39,433.7,50,19050
20240123,09:31:01,432.3,50,19050
20240123,09:32:34,436.85,50,19150
20240123,09:33:30,436.0,50,19150
20240123,09:34:13,436.3,50,19150
20240123,09:35:42,436.4,200,19200
20240123,09:36:00,430.4,150,19200
20240123,09:36:35,434.3,50,19200
20240123,09:39:06,424.3,150,18850
20240123,09:40:28,427.2,50,18850
20240123,09:40:41,430.0,50,18850
20240123,09:40:43,432.0,200,18850
20240123,09:40:57,434.3,50,18850
20240123,09:41:42,434.3,50,18550
20240123,09:43:10,445.8,150,18550
20240123,09:44:03,438.6,50,18550
20240123,09:45:39,446.0,100,18500
20240123,09:45:59,449.0,50,18500
20240123,09:46:01,450.0,300,18500
20240123,09:47:55,446.95,50,18600
20240123,09:48:02,444.0,50,18600
20240123,09:48:09,443.6,50,18600
20240123,09:48:23,445.0,50,18600
20240123,09:51:52,445.0,200,18600
20240123,09:52:40,443.1,50,18600
20240123,09:54:33,439.0,100,18550
20240123,09:54:36,438.95,100,18550
20240123,09:56:16,434.55,450,18550
20240123,09:56:17,434.05,100,18550
20240123,09:56:20,432.3,150,18550
20240123,09:57:07,425.9,50,18950
20240123,09:57:21,432.0,50,18950
20240123,09:57:22,431.6,50,18950
20240123,09:58:49,419.35,250,18950
20240123,09:59:04,417.5,250,18950
20240123,09:59:09,420.4,50,18950
20240123,09:59:22,418.95,50,18950
20240123,09:59:34,413.4,100,18950
20240123,10:00:17,413.15,100,18650
20240123,10:00:18,413.7,50,18650
20240123,10:01:03,400.05,50,18650
20240123,10:01:07,396.3,50,18650
20240123,10:01:22,399.15,100,18650
20240123,10:01:34,402.6,50,18650
20240123,10:01:37,405.45,100,18650
20240123,10:02:02,397.6,50,18650
20240123,10:04:23,403.2,50,18800
20240123,10:06:20,395.25,150,18800
20240123,10:06:31,387.5,50,18800
20240123,10:06:45,390.7,300,18800
20240123,10:06:47,388.65,100,18800
20240123,10:06:59,386.1,200,18800
20240123,10:07:03,384.45,50,18800
20240123,10:07:07,386.3,50,18800
20240123,10:08:08,396.2,50,18800
20240123,10:10:41,390.2,50,18600
20240123,10:11:02,394.15,100,18600
20240123,10:11:48,393.0,150,18550
20240123,10:13:00,400.6,350,18550
20240123,10:14:01,399.6,200,18550
20240123,10:15:39,404.3,200,18450
20240123,10:16:17,408.0,50,18450
20240123,10:16:41,404.3,200,18450
20240123,10:17:51,407.7,50,18450
20240123,10:18:02,408.0,50,18450
20240123,10:18:06,408.3,50,18450
20240123,10:18:16,405.6,50,18450
20240123,10:18:45,404.0,50,18450
20240123,10:19:05,399.8,250,18450
20240123,10:20:29,393.8,50,18450
20240123,10:20:38,394.2,350,18450
20240123,10:21:03,390.0,250,18450
20240123,10:21:25,388.0,50,18450
20240123,10:21:40,383.85,450,18450
20240123,10:22:00,377.5,300,18450
20240123,10:22:01,377.55,150,18450
20240123,10:22:03,375.9,50,18450
20240123,10:22:18,380.05,150,18450
20240123,10:22:19,380.75,150,18450
20240123,10:22:55,376.95,100,18450
20240123,10:23:00,379.8,450,18450
20240123,10:23:00,380.95,100,18450
20240123,10:23:12,376.25,50,18450
20240123,10:23:44,372.0,100,18650
20240123,10:24:06,366.1,50,18650
20240123,10:24:10,366.15,100,18650
20240123,10:24:12,368.5,50,18650
20240123,10:24:36,364.95,50,18650
20240123,10:24:57,357.25,300,18650
20240123,10:25:30,354.0,50,18650
20240123,10:25:35,354.75,100,18650
20240123,10:25:42,353.95,100,18650
20240123,10:25:46,356.65,50,18650
20240123,10:25:54,356.35,50,18650
20240123,10:25:58,359.25,300,18650
20240123,10:26:00,359.8,300,18650
20240123,10:26:07,358.8,400,18650
20240123,10:26:13,357.35,150,18650
20240123,10:26:32,360.2,50,18650
20240123,10:26:36,360.8,50,18650
20240123,10:27:36,355.9,100,18050
20240123,10:27:56,352.0,200,18050
20240123,10:27:59,350.0,50,18050
20240123,10:28:02,350.0,50,18050
20240123,10:28:02,349.65,100,18050
20240123,10:28:07,349.15,100,18050
20240123,10:28:13,348.05,200,18050
20240123,10:28:15,348.75,50,18050
20240123,10:28:22,348.35,50,18050
20240123,10:28:24,349.85,50,18050
20240123,10:28:29,348.35,150,18050
20240123,10:28:42,351.65,100,18050
20240123,10:28:50,349.35,200,18050
20240123,10:29:06,353.3,200,18050
20240123,10:29:18,356.1,50,18050
20240123,10:29:21,351.55,150,18050
20240123,10:29:43,351.8,50,17450
20240123,10:29:44,350.05,200,17450
20240123,10:29:53,350.15,50,17450
20240123,10:30:10,346.95,300,17450
20240123,10:30:11,347.6,50,17450
20240123,10:30:13,349.05,100,17450
20240123,10:30:33,351.95,350,17450
20240123,10:30:36,352.85,100,17450
20240123,10:31:11,351.15,100,17450
20240123,10:31:15,351.55,100,17450
20240123,10:31:29,351.05,100,17450
20240123,10:31:30,351.6,200,17450
20240123,10:31:37,351.85,100,17450
20240123,10:31:43,352.75,200,17450
20240123,10:32:00,350.25,250,17450
20240123,10:32:05,347.05,200,17450
20240123,10:32:12,345.55,100,17450
20240123,10:32:51,355.75,50,16850
20240123,10:32:53,354.35,100,16850
20240123,10:33:05,359.55,100,16850
20240123,10:33:31,358.75,250,16850
20240123,10:33:37,360.35,50,16850
20240123,10:34:13,357.05,100,16850
20240123,10:34:16,356.75,50,16850
20240123,10:34:26,354.2,50,16850
20240123,10:34:32,352.75,100,16850
20240123,10:34:55,356.25,100,16850
20240123,10:34:57,353.5,150,16850
20240123,10:34:58,354.1,50,16850
20240123,10:35:02,354.75,50,16850
20240123,10:35:08,356.45,100,16850
20240123,10:37:10,356.0,50,17000
20240123,10:37:30,356.35,100,17000
20240123,10:38:04,348.0,50,17000
20240123,10:38:08,348.55,50,17000
20240123,10:38:16,345.8,150,17000
20240123,10:38:18,344.8,100,17000
20240123,10:38:30,344.55,100,17000
20240123,10:38:47,339.65,100,17200
20240123,10:38:48,338.65,200,17200
20240123,10:38:52,336.05,50,17200
20240123,10:38:56,336.15,100,17200
20240123,10:38:59,338.75,50,17200
20240123,10:39:01,336.7,50,17200
20240123,10:39:02,336.0,50,17200
20240123,10:39:14,333.8,50,17200
20240123,10:39:19,331.95,100,17200
20240123,10:39:23,335.5,100,17200
20240123,10:39:28,334.65,1000,17200
20240123,10:39:28,335.1,150,17200
20240123,10:40:02,330.65,250,17200
20240123,10:40:04,333.2,650,17200
20240123,10:40:06,332.85,100,17200
20240123,10:40:06,332.55,200,17200
20240123,10:40:12,332.75,100,17200
20240123,10:40:19,330.65,100,17200
20240123,10:40:23,328.75,100,17200
20240123,10:40:25,328.4,100,17200
20240123,10:40:28,325.7,350,17200
20240123,10:40:28,326.0,250,17200
20240123,10:40:31,328.2,250,17200
20240123,10:40:33,328.1,100,17200
20240123,10:40:34,324.85,150,17200
20240123,10:40:35,324.6,50,17200
20240123,10:40:41,324.0,100,17200
20240123,10:40:41,323.05,100,17200
20240123,10:40:49,321.0,50,17200
20240123,10:40:50,319.65,100,17200
20240123,10:40:55,320.65,100,17200
20240123,10:40:59,320.3,50,17200
20240123,10:41:04,322.6,50,17200
20240123,10:41:05,325.55,50,17200
20240123,10:41:14,326.15,250,17200
20240123,10:41:22,326.5,50,17200
20240123,10:41:35,322.85,100,17200
20240123,10:41:38,321.25,100,17200
20240123,10:41:38,320.6,50,17200
20240123,10:41:57,319.55,100,18250
20240123,10:42:00,321.9,100,18250
20240123,10:42:01,321.2,250,18250
20240123,10:42:33,318.7,100,18250
20240123,10:42:45,322.6,50,18250
20240123,10:42:59,322.85,250,18250
20240123,10:43:24,324.3,50,18250
20240123,10:43:25,322.0,300,18250
20240123,10:43:39,315.9,650,18250
20240123,10:43:45,311.5,250,18250
20240123,10:43:47,313.4,200,18250
20240123,10:43:52,312.65,200,18250
20240123,10:43:56,311.0,50,18250
20240123,10:43:57,312.3,150,18250
20240123,10:43:58,313.25,50,18250
20240123,10:44:00,311.35,50,18250
20240123,10:44:05,315.3,150,18250
20240123,10:44:10,317.1,200,18250
20240123,10:44:12,317.5,50,18250
20240123,10:44:14,316.45,250,18250
20240123,10:44:23,315.0,200,18250
20240123,10:44:31,318.3,50,18250
20240123,10:44:36,312.8,50,18250
20240123,10:44:45,312.75,50,18250
20240123,10:44:50,314.15,50,18250
20240123,10:44:53,314.55,50,18250
20240123,10:45:02,310.0,100,18250
20240123,10:45:04,314.0,150,18250
20240123,10:45:05,314.25,50,18250
20240123,10:45:07,313.3,450,18250
20240123,10:45:09,314.35,50,18250
20240123,10:45:12,315.75,50,18250
20240123,10:45:17,316.85,450,18250
20240123,10:45:23,317.3,50,18250
20240123,10:45:33,321.6,50,18250
20240123,10:45:37,322.5,200,18250
20240123,10:45:39,321.6,50,18250
20240123,10:45:42,322.2,50,18250
20240123,10:45:45,322.4,5000,18250
20240123,10:45:52,319.15,150,18250
20240123,10:45:56,318.2,100,18250
20240123,10:45:59,317.4,50,18250
20240123,10:46:04,316.3,150,18250
20240123,10:46:05,316.3,100,18250
20240123,10:46:08,315.0,350,18250
20240123,10:46:14,311.6,150,18250
20240123,10:46:16,312.6,100,18250
20240123,10:46:18,312.9,50,18250
20240123,10:46:20,311.6,50,18250
20240123,10:46:22,312.5,50,18250
20240123,10:46:23,313.3,100,18250
20240123,10:46:26,312.0,200,18250
20240123,10:46:32,312.75,150,18250
20240123,10:46:33,312.75,100,18250
20240123,10:46:37,313.6,50,18250
20240123,10:46:42,314.6,50,18250
20240123,10:46:44,316.0,100,18250
20240123,10:46:48,315.35,50,18250
20240123,10:47:14,317.95,50,18250
20240123,10:47:19,316.5,100,18250
20240123,10:47:47,307.2,50,22800
20240123,10:47:54,302.85,900,22800
20240123,10:47:54,303.1,50,22800
20240123,10:47:58,303.3,50,22800
20240123,10:48:00,305.0,300,22800
20240123,10:48:05,308.5,300,22800
20240123,10:48:14,306.5,50,22800
20240123,10:48:16,307.1,200,22800
20240123,10:48:19,306.7,50,22800
20240123,10:48:21,306.8,3600,22800
20240123,10:48:24,307.1,50,22800
20240123,10:48:29,306.1,100,22800
20240123,10:48:37,305.0,50,22800
20240123,10:48:38,304.9,50,22800
20240123,10:48:46,302.4,600,22800
20240123,10:49:00,303.1,50,22800
20240123,10:49:04,304.5,150,22800
20240123,10:49:14,309.4,150,22800
20240123,10:49:49,304.0,50,22800
20240123,10:49:55,303.3,50,22800
20240123,10:50:00,304.0,300,22800
20240123,10:50:05,303.9,750,22800
20240123,10:50:17,300.0,250,22800
20240123,10:50:19,301.2,50,22800
20240123,10:50:31,297.85,600,22800
20240123,10:50:34,301.4,600,22800
20240123,10:50:41,301.4,50,22800
20240123,10:50:45,304.35,150,22800
20240123,10:50:58,304.5,150,24200
20240123,10:51:00,307.5,150,24200
20240123,10:51:01,307.4,100,24200
20240123,10:51:03,307.6,100,24200
20240123,10:51:05,311.1,100,24200
20240123,10:51:06,307.4,50,24200
20240123,10:51:08,306.55,100,24200
20240123,10:51:20,304.1,100,24200
20240123,10:51:28,303.3,50,24200
20240123,10:51:53,301.2,500,24200
20240123,10:51:57,301.0,100,24200
20240123,10:52:08,297.0,50,24200
20240123,10:52:21,300.6,600,24200
20240123,10:52:25,302.9,100,24200
20240123,10:52:27,303.1,100,24200
20240123,10:52:43,309.4,50,24200
20240123,10:52:53,309.9,50,24200
20240123,10:52:56,311.6,500,24200
20240123,10:53:03,315.65,200,24200
20240123,10:53:20,318.3,50,24200
20240123,10:53:25,318.2,400,24200
20240123,10:53:31,313.7,6800,24200
20240123,10:53:32,312.55,1800,24200
20240123,10:53:56,315.05,550,18750
20240123,10:53:57,313.8,50,18750
20240123,10:54:00,311.8,50,18750
20240123,10:54:02,309.6,650,18750
20240123,10:54:04,311.7,100,18750
20240123,10:54:11,312.0,300,18750
20240123,10:54:18,312.2,50,18750
20240123,10:54:22,315.7,100,18750
20240123,10:54:32,316.95,100,18750
20240123,10:54:53,318.2,50,18750
20240123,10:54:55,320.0,150,18750
20240123,10:55:00,318.9,50,18750
20240123,10:55:06,317.8,50,18750
20240123,10:55:06,318.4,50,18750
20240123,10:55:12,320.4,100,18750
20240123,10:55:15,321.7,50,18750
20240123,10:55:17,319.55,600,18750
20240123,10:55:24,318.5,550,18750
20240123,10:55:33,322.0,100,18750
20240123,10:55:50,320.0,50,18750
20240123,10:55:57,317.5,50,18750
20240123,10:56:24,317.3,150,18750
20240123,10:56:25,318.4,50,18750
20240123,10:56:59,310.75,50,18750
20240123,10:57:14,312.95,100,19250
20240123,10:57:40,314.0,50,19250
20240123,10:58:16,314.0,200,19250
20240123,10:58:55,322.85,500,19250
20240123,10:59:00,319.1,100,19250
20240123,10:59:04,322.0,200,19250
20240123,10:59:32,322.5,50,19250
20240123,11:00:05,320.0,50,19450
20240123,11:00:10,318.5,100,19450
20240123,11:00:33,315.6,150,19450
20240123,11:00:37,317.4,100,19450
20240123,11:00:37,317.35,250,19450
20240123,11:01:19,315.0,50,19450
20240123,11:01:27,312.8,50,19450
20240123,11:01:45,306.6,50,19450
20240123,11:01:46,306.55,250,19450
20240123,11:01:58,305.4,50,19450
20240123,11:02:00,308.0,300,19450
20240123,11:02:11,310.0,300,19450
20240123,11:02:25,312.7,100,19450
20240123,11:02:29,312.4,50,19450
20240123,11:02:37,314.85,350,19450
20240123,11:02:58,313.1,50,20550
20240123,11:03:23,307.1,150,20550
20240123,11:03:26,305.8,50,20550
20240123,11:04:03,308.4,150,20550
20240123,11:04:18,310.4,250,20550
20240123,11:04:47,315.4,1800,20550
20240123,11:04:47,315.55,700,20550
20240123,11:05:22,316.6,50,20550
20240123,11:05:36,317.3,250,20550
20240123,11:05:39,317.2,50,20550
20240123,11:06:09,321.1,150,22400
20240123,11:06:11,320.1,300,22400
20240123,11:06:16,321.3,250,22400
20240123,11:06:41,322.65,50,22400
20240123,11:06:44,320.0,2500,22400
20240123,11:06:52,322.4,50,22400
20240123,11:07:02,323.85,50,22400
20240123,11:07:11,317.1,100,22400
20240123,11:07:15,319.2,50,22400
20240123,11:07:30,314.6,50,22400
20240123,11:08:17,315.45,50,22400
20240123,11:08:51,314.7,100,20700
20240123,11:08:53,315.6,100,20700
20240123,11:09:03,315.6,150,20700
20240123,11:09:32,317.6,50,20700
20240123,11:09:56,317.4,50,20700
20240123,11:09:58,316.2,50,20700
20240123,11:09:59,315.6,250,20700
20240123,11:10:09,314.7,450,20700
20240123,11:10:52,315.5,50,20700
20240123,11:11:09,319.95,300,20700
20240123,11:11:14,318.0,500,20700
20240123,11:11:19,318.0,50,20700
20240123,11:11:38,320.0,500,20700
20240123,11:11:47,317.0,50,20700
20240123,11:12:00,316.8,50,21200
20240123,11:12:10,315.0,300,21200
20240123,11:12:12,315.1,50,21200
20240123,11:12:14,314.0,50,21200
20240123,11:12:36,320.55,200,21200
20240123,11:12:37,321.5,50,21200
20240123,11:12:41,318.05,50,21200
20240123,11:13:01,323.4,50,21200
20240123,11:13:08,323.4,150,21200
20240123,11:13:09,324.0,50,21200
20240123,11:13:16,324.3,100,21200
20240123,11:13:51,321.1,50,21200
20240123,11:13:55,322.5,300,21200
20240123,11:14:12,317.85,200,21200
20240123,11:15:00,317.7,100,21200
20240123,11:15:01,317.4,50,21200
20240123,11:15:33,315.0,200,21200
20240123,11:15:44,314.3,50,21200
20240123,11:15:48,313.3,200,21200
20240123,11:16:00,316.8,300,21200
20240123,11:18:31,315.2,300,21750
20240123,11:18:51,314.75,200,21750
20240123,11:19:29,310.0,150,21750
20240123,11:19:34,309.65,150,21750
20240123,11:19:41,306.5,50,21750
20240123,11:19:43,306.85,300,21750
20240123,11:19:59,306.5,50,21750
20240123,11:20:06,307.2,450,21750
20240123,11:20:11,306.75,50,21750
20240123,11:20:16,308.9,100,21750
20240123,11:20:24,312.0,300,21750
20240123,11:20:28,312.15,350,21750
20240123,11:20:56,306.65,300,21900
20240123,11:21:00,306.0,300,21900
20240123,11:21:12,305.8,150,21900
20240123,11:21:19,305.45,450,21900
20240123,11:21:38,309.3,50,21900
20240123,11:21:42,310.0,300,21900
20240123,11:22:29,304.95,450,21900
20240123,11:22:32,304.3,50,21900
20240123,11:22:38,305.1,50,21900
20240123,11:23:06,310.0,300,21900
20240123,11:23:48,310.0,50,21900
20240123,11:23:50,312.1,50,22350
20240123,11:24:04,311.2,200,22350
20240123,11:24:15,310.95,50,22350
20240123,11:24:21,311.9,50,22350
20240123,11:24:58,310.75,250,22350
20240123,11:25:00,311.9,50,22350
20240123,11:25:33,312.0,50,22350
20240123,11:25:38,313.6,50,22350
20240123,11:25:50,312.0,200,22350
20240123,11:26:09,310.15,200,22350
20240123,11:26:20,311.2,200,22350
20240123,11:26:37,308.75,200,22350
20240123,11:26:47,308.0,300,22350
20240123,11:26:48,306.7,100,22350
20240123,11:26:54,308.0,200,23200
20240123,11:26:54,309.3,50,23200
20240123,11:27:16,308.4,200,23200
20240123,11:27:29,311.8,50,23200
20240123,11:27:31,312.0,550,23200
20240123,11:27:34,312.7,50,23200
20240123,11:27:50,316.0,700,23200
20240123,11:28:20,313.2,300,23200
20240123,11:28:33,315.0,100,23200
20240123,11:28:45,316.0,50,23200
20240123,11:28:54,318.0,300,23200
20240123,11:29:12,317.3,50,23200
20240123,11:29:28,315.2,50,23200
20240123,11:29:33,316.5,100,23200
20240123,11:29:39,316.3,50,23200
20240123,11:29:47,315.0,50,23200
20240123,11:30:00,314.0,50,23950
20240123,11:30:02,312.65,500,23950
