date,time,tick_price,volume,open_interest
20231027,09:27:06,188.8,50,1200
20231027,09:27:31,120.0,500,1200
20231027,09:27:50,145.0,500,1200
20231027,09:27:56,125.0,50,1200
20231027,09:28:03,131.3,50,1200
20231027,09:28:10,126.7,50,1200
20231027,09:28:36,125.0,100,1200
20231027,09:28:42,128.0,50,1200
20231027,09:29:08,130.0,50,1200
20231027,09:30:07,129.0,50,1200
20231027,09:30:33,128.9,300,1200
20231027,09:30:59,128.9,100,1200
20231027,09:31:05,128.9,400,1200
20231027,09:31:18,127.65,50,1200
20231027,09:32:16,128.8,200,2100
20231027,09:32:23,127.55,150,2100
20231027,09:32:30,128.55,450,2100
20231027,09:33:16,129.0,50,2100
20231027,09:33:49,129.0,300,2100
20231027,09:33:55,128.55,50,2100
20231027,09:34:02,129.0,50,2100
20231027,09:34:09,129.0,1100,2100
20231027,09:35:14,130.0,150,2100
20231027,09:35:54,131.0,50,4100
20231027,09:36:08,131.0,50,4100
20231027,09:36:49,129.0,100,4100
20231027,09:37:41,132.5,50,4100
20231027,09:38:08,133.0,50,4100
20231027,09:39:07,131.95,100,4450
20231027,09:39:40,130.35,100,4450
20231027,09:42:03,131.4,50,4550
20231027,09:42:10,132.05,1300,4550
20231027,09:42:23,132.1,350,4550
20231027,09:44:16,129.3,50,4550
20231027,09:45:01,129.65,150,4550
20231027,09:45:59,129.5,150,5950
20231027,09:48:00,132.95,50,6150
20231027,09:48:48,132.85,100,6150
20231027,09:48:55,132.5,50,6150
20231027,09:49:48,132.45,50,6150
20231027,09:50:01,132.3,50,6150
20231027,09:50:14,132.75,1400,6150
20231027,09:50:21,133.0,550,6150
20231027,09:51:06,134.0,50,8300
20231027,09:51:13,135.0,100,8300
20231027,09:51:40,134.6,100,8300
20231027,09:51:54,135.45,50,8300
20231027,09:52:01,135.5,50,8300
20231027,09:52:14,135.8,100,8300
20231027,09:52:20,135.95,100,8300
20231027,09:52:27,136.0,150,8300
20231027,09:52:33,136.0,50,8300
20231027,09:52:40,136.0,250,8300
20231027,09:52:47,136.0,200,8300
20231027,09:52:54,136.0,100,8300
20231027,09:53:00,136.0,100,8300
20231027,09:53:07,136.0,100,8300
20231027,09:53:13,136.0,300,8300
20231027,09:53:20,136.0,400,10050
20231027,09:53:26,136.0,50,10050
20231027,09:53:33,136.0,50,10050
20231027,09:53:39,136.0,100,10050
20231027,09:53:46,136.2,50,10050
20231027,09:53:53,136.4,150,10050
20231027,09:53:59,137.35,50,10050
20231027,09:54:06,137.8,100,10050
20231027,09:54:13,137.6,50,10050
20231027,09:54:19,137.8,50,10050
20231027,09:54:26,137.95,50,10050
20231027,09:55:11,136.25,350,10050
20231027,09:55:18,136.2,50,10050
20231027,09:56:44,139.0,500,10550
20231027,09:56:51,134.55,50,10550
20231027,09:57:03,135.15,50,10550
20231027,09:58:08,137.25,50,10550
20231027,09:59:00,139.0,750,10550
20231027,10:01:43,139.0,300,11450
20231027,10:01:56,136.35,200,11450
20231027,10:03:08,139.0,250,11850
20231027,10:03:21,139.0,400,11850
20231027,10:03:41,138.1,50,11850
20231027,10:06:09,138.0,100,12500
20231027,10:09:47,138.6,100,12600
20231027,10:10:06,139.0,50,12600
20231027,10:10:19,136.85,200,12600
20231027,10:11:30,136.95,150,12600
20231027,10:11:42,136.0,350,12900
20231027,10:11:49,136.05,300,12900
20231027,10:13:13,135.35,200,12900
20231027,10:13:34,135.05,200,12900
20231027,10:13:56,134.25,200,12900
20231027,10:14:15,134.0,200,12900
20231027,10:14:55,134.0,200,14200
20231027,10:16:01,132.0,550,14200
20231027,10:16:08,132.0,400,14200
20231027,10:17:33,131.95,100,15000
20231027,10:17:40,132.0,50,15000
20231027,10:17:46,132.0,250,15000
20231027,10:18:12,133.0,300,15000
20231027,10:19:30,133.0,50,15000
20231027,10:21:19,133.0,250,15400
20231027,10:22:48,133.0,200,15400
20231027,10:23:01,132.0,50,15400
20231027,10:23:30,131.9,50,15750
20231027,10:23:51,130.75,50,15750
20231027,10:24:22,130.3,100,15750
20231027,10:25:04,130.3,50,15750
20231027,10:25:31,130.0,150,15750
20231027,10:26:17,130.15,100,15750
20231027,10:26:57,131.05,50,15950
20231027,10:27:04,131.8,1050,15950
20231027,10:27:24,132.4,100,15950
20231027,10:28:40,132.95,100,15950
20231027,10:28:46,132.95,50,15950
20231027,10:29:11,133.0,50,15950
20231027,10:29:50,133.45,150,15950
20231027,10:30:39,133.4,100,15950
20231027,10:34:29,133.85,50,15750
20231027,10:35:00,135.0,50,15750
20231027,10:36:19,135.0,50,15850
20231027,10:37:07,135.0,50,15850
20231027,10:37:37,135.05,250,15850
20231027,10:37:44,135.0,300,15850
20231027,10:41:16,134.95,100,15750
20231027,10:41:17,134.95,50,15750
20231027,10:41:19,135.0,100,15750
20231027,10:41:24,135.6,100,15750
20231027,10:41:25,135.55,200,15950
20231027,10:41:57,137.0,100,15950
20231027,10:42:16,135.6,200,15950
20231027,10:42:29,135.75,100,15950
20231027,10:42:30,135.7,50,15950
20231027,10:42:31,135.65,50,15950
20231027,10:42:46,135.5,50,15950
20231027,10:43:29,135.2,50,15950
20231027,10:43:35,134.95,100,15950
20231027,10:44:41,134.7,50,15900
20231027,10:44:42,134.65,50,15900
20231027,10:44:48,134.55,50,15900
20231027,10:46:10,134.8,100,15900
20231027,10:47:16,134.35,50,15900
20231027,10:47:28,132.9,100,15900
20231027,10:47:40,132.9,50,15750
20231027,10:48:40,134.85,100,15750
20231027,10:48:58,134.9,50,15750
20231027,10:50:00,134.9,50,15750
20231027,10:50:30,134.95,50,15850
20231027,10:50:48,135.0,50,15850
20231027,10:51:48,133.25,50,15850
20231027,10:52:11,134.0,50,15850
20231027,10:52:17,133.6,100,15850
20231027,10:52:30,133.45,50,15850
20231027,10:53:07,133.45,50,15850
20231027,10:56:06,135.25,50,15850
20231027,10:56:35,134.25,50,16200
20231027,10:58:28,134.0,100,16200
20231027,11:00:43,135.9,50,16300
20231027,11:00:49,135.9,50,16300
20231027,11:01:02,135.9,150,16300
20231027,11:01:09,135.65,50,16300
20231027,11:02:09,136.25,50,16300
20231027,11:02:27,135.95,100,16300
20231027,11:02:39,136.05,50,16350
20231027,11:02:51,136.4,200,16350
20231027,11:07:02,136.15,100,16350
20231027,11:08:07,135.8,100,16350
20231027,11:08:25,135.4,50,16350
20231027,11:09:18,135.7,50,16150
20231027,11:11:58,133.95,50,16100
20231027,11:12:16,134.0,200,16100
20231027,11:12:51,135.35,450,16100
20231027,11:12:58,135.9,100,16100
20231027,11:13:45,136.7,50,16100
20231027,11:14:09,137.6,50,16100
20231027,11:14:15,137.15,200,16100
20231027,11:14:49,137.2,100,16350
20231027,11:15:18,136.95,50,16350
20231027,11:15:41,136.55,150,16350
20231027,11:16:40,136.55,50,16350
20231027,11:17:43,136.55,50,16300
20231027,11:17:55,136.55,50,16300
20231027,11:19:12,137.55,100,16300
20231027,11:19:48,137.45,50,16300
20231027,11:20:17,137.55,50,16300
20231027,11:20:33,138.0,200,16500
20231027,11:20:39,138.95,50,16500
20231027,11:20:51,138.8,50,16500
20231027,11:21:26,139.25,100,16500
20231027,11:21:38,139.15,50,16500
20231027,11:21:44,139.2,50,16500
20231027,11:22:07,139.2,100,16500
20231027,11:22:47,139.65,350,16500
20231027,11:22:53,139.25,50,16500
20231027,11:23:15,140.0,50,16500
20231027,11:23:50,140.0,100,17350
20231027,11:23:57,143.45,50,17350
20231027,11:24:03,140.5,350,17350
20231027,11:24:28,142.1,50,17350
20231027,11:25:02,144.0,50,17350
20231027,11:25:09,143.7,50,17350
20231027,11:25:22,143.95,50,17350
20231027,11:26:16,145.85,50,17350
20231027,11:27:01,145.15,50,17900
20231027,11:27:27,143.25,50,17900
20231027,11:28:39,142.35,50,17900
20231027,11:28:45,142.6,50,17900
20231027,11:29:44,142.85,100,17950
20231027,11:30:01,142.85,50,17950
20231027,11:30:06,142.5,50,17950
20231027,11:30:18,143.0,50,17950
20231027,11:30:42,142.5,200,17950
20231027,11:30:48,142.85,300,17950
20231027,11:30:54,142.85,50,17950
20231027,11:31:29,143.25,50,17950
20231027,11:31:41,142.3,200,17950
20231027,11:31:47,140.1,300,17950
20231027,11:32:21,142.85,50,17950
20231027,11:32:27,142.7,50,17950
20231027,11:32:33,142.9,400,17950
20231027,11:32:39,143.3,100,17950
20231027,11:32:58,144.95,50,19500
20231027,11:33:04,145.0,50,19500
20231027,11:33:53,145.05,450,19500
20231027,11:33:59,145.95,150,19500
20231027,11:34:05,145.9,200,19500
20231027,11:34:11,145.65,50,19500
20231027,11:34:17,145.8,50,19500
20231027,11:34:22,145.85,150,19500
20231027,11:34:52,146.0,50,19500
20231027,11:35:04,145.9,50,19500
20231027,11:35:15,146.0,50,19500
20231027,11:35:39,146.65,50,20450
20231027,11:36:25,145.1,50,20450
20231027,11:36:59,145.1,50,20450
20231027,11:37:39,145.05,50,20450
20231027,11:37:45,145.1,100,20450
20231027,11:38:36,145.0,50,20500
20231027,11:38:42,145.0,50,20500
20231027,11:40:29,145.2,100,20500
20231027,11:40:40,145.25,50,20500
20231027,11:40:47,145.2,50,20500
20231027,11:41:37,145.0,100,20500
20231027,11:43:49,142.45,50,20750
20231027,11:44:01,142.0,100,20750
20231027,11:44:06,141.6,50,20750
20231027,11:44:19,140.95,150,20750
20231027,11:45:59,141.95,50,20850
20231027,11:46:10,142.05,200,20850
20231027,11:46:33,144.7,50,20850
20231027,11:46:44,143.3,50,20850
20231027,11:47:01,142.05,250,20850
20231027,11:48:42,144.3,50,21250
20231027,11:48:47,141.8,50,21250
20231027,11:49:10,141.8,700,21250
20231027,11:49:44,144.0,100,21250
20231027,11:50:13,144.35,50,21250
20231027,11:50:25,144.5,100,21250
20231027,11:50:49,145.0,100,22100
20231027,11:51:19,145.0,200,22100
20231027,11:51:37,145.25,50,22100
20231027,11:52:00,145.35,50,22100
20231027,11:52:05,145.25,100,22100
20231027,11:52:17,145.1,150,22100
20231027,11:52:23,145.45,50,22100
20231027,11:52:34,145.45,50,22100
20231027,11:52:46,145.45,50,22100
20231027,11:52:51,146.1,150,22100
20231027,11:53:03,146.3,50,22100
20231027,11:53:27,146.5,200,22100
20231027,11:54:25,144.7,50,22650
20231027,11:54:30,147.75,100,22650
20231027,11:54:42,144.7,150,22650
20231027,11:54:48,144.75,50,22650
20231027,11:55:11,145.5,50,22650
20231027,11:55:22,150.0,600,22650
20231027,11:57:19,147.45,100,22950
20231027,11:59:22,147.0,150,22950
20231027,11:59:57,146.95,50,23050
20231027,12:00:08,147.1,150,23050
20231027,12:00:19,147.25,50,23050
20231027,12:01:00,146.7,200,23050
20231027,12:01:05,146.9,100,23050
20231027,12:01:11,147.0,100,23050
20231027,12:01:39,147.0,50,23050
20231027,12:02:18,147.3,100,23050
20231027,12:02:57,147.0,250,23600
20231027,12:03:03,147.55,200,23600
20231027,12:03:09,148.0,250,23600
20231027,12:03:39,148.0,200,23600
20231027,12:05:21,148.9,100,23600
20231027,12:06:20,149.95,50,24300
20231027,12:07:00,148.25,100,24300
20231027,12:07:35,148.95,100,24300
20231027,12:07:40,148.2,200,24300
20231027,12:08:03,148.85,100,24300
20231027,12:08:26,148.2,50,24300
20231027,12:08:44,148.95,50,24450
20231027,12:08:51,148.2,150,24450
20231027,12:09:33,147.15,200,24450
20231027,12:10:40,147.45,150,24450
20231027,12:10:46,147.5,50,24450
20231027,12:10:57,148.0,100,24450
20231027,12:11:20,148.95,50,24450
20231027,12:12:01,148.2,200,24750
20231027,12:12:30,147.95,150,24750
20231027,12:12:59,148.3,150,24750
20231027,12:13:17,148.0,100,24750
20231027,12:14:15,147.25,50,24750
20231027,12:16:06,148.9,300,25050
20231027,12:16:23,148.95,50,25050
20231027,12:16:29,149.1,200,25050
20231027,12:18:58,147.5,50,24700
20231027,12:19:53,147.25,50,24700
20231027,12:20:41,147.25,50,24650
20231027,12:22:34,149.1,200,24650
20231027,12:22:50,147.45,250,24650
20231027,12:24:44,147.15,400,24750
20231027,12:30:15,143.35,50,25150
20231027,12:30:41,146.55,50,25150
20231027,12:32:00,130.05,1000,25150
20231027,12:32:31,141.95,50,25150
20231027,12:35:15,144.25,50,25150
20231027,12:35:35,143.15,50,25150
20231027,12:36:11,143.1,200,25150
20231027,12:37:23,145.25,50,25150
20231027,12:38:31,146.0,50,25150
20231027,12:39:38,144.0,50,25100
20231027,12:40:32,143.5,100,25100
20231027,12:40:38,143.5,100,25100
20231027,12:40:49,143.75,100,25100
20231027,12:41:49,144.0,200,25000
20231027,12:42:03,144.0,100,25000
20231027,12:42:10,143.75,50,25000
20231027,12:42:17,144.5,100,25000
20231027,12:42:36,144.75,100,25000
20231027,12:43:06,144.5,100,25000
20231027,12:43:12,144.7,150,25000
20231027,12:43:47,144.0,100,25000
20231027,12:45:34,144.95,150,25050
20231027,12:45:40,144.25,150,25050
20231027,12:46:11,144.25,50,25050
20231027,12:46:29,146.0,50,25050
20231027,12:47:11,147.45,50,25050
20231027,12:50:54,144.0,50,25250
20231027,12:51:49,144.0,50,25250
20231027,12:52:20,143.45,500,25250
20231027,12:59:38,141.9,150,25850
20231027,13:00:10,142.0,50,26000
20231027,13:00:16,142.25,50,26000
20231027,13:00:23,142.5,350,26000
20231027,13:00:35,142.5,100,26000
20231027,13:00:59,142.75,50,26000
20231027,13:01:05,142.5,50,26000
20231027,13:01:11,142.75,50,26000
20231027,13:01:40,142.5,50,26000
20231027,13:02:04,142.5,50,26000
20231027,13:02:21,142.0,250,26000
20231027,13:02:27,142.25,50,26000
20231027,13:02:44,142.5,250,26000
20231027,13:03:14,142.5,100,27300
20231027,13:04:16,142.55,100,27300
20231027,13:04:22,142.75,100,27300
20231027,13:05:31,140.9,250,27300
20231027,13:05:43,143.0,50,27300
20231027,13:07:12,143.2,50,27700
20231027,13:08:21,143.0,100,27700
20231027,13:10:12,142.85,50,27800
20231027,13:12:35,142.05,100,27850
20231027,13:12:41,142.0,100,27850
20231027,13:13:20,142.1,250,27850
20231027,13:15:01,142.9,250,28300
20231027,13:16:00,143.25,50,28300
20231027,13:16:06,143.5,50,28300
20231027,13:16:12,143.75,50,28300
20231027,13:16:49,144.0,50,28300
20231027,13:19:47,145.0,50,28750
20231027,13:20:04,145.0,50,28750
20231027,13:21:02,147.0,250,28800
20231027,13:22:44,147.35,50,28800
20231027,13:24:12,149.15,50,28800
20231027,13:26:20,148.95,50,28800
20231027,13:26:25,146.0,250,28800
20231027,13:28:11,148.9,50,28950
20231027,13:28:23,148.95,50,28950
20231027,13:29:56,148.95,50,29000
20231027,13:30:28,147.15,50,29000
20231027,13:31:59,148.95,700,29000
20231027,13:32:05,148.05,50,29000
20231027,13:32:27,148.95,50,29000
20231027,13:32:56,148.95,50,29100
20231027,13:33:14,149.0,50,29100
20231027,13:33:41,149.0,50,29100
20231027,13:35:18,148.0,250,29100
20231027,13:37:40,148.5,50,29450
20231027,13:38:04,148.5,50,29450
20231027,13:40:28,146.0,100,29550
20231027,13:40:57,146.5,100,29550
20231027,13:43:42,148.75,50,29750
20231027,13:44:46,148.75,100,29750
20231027,13:46:15,149.0,700,29900
20231027,13:46:42,150.25,350,29900
20231027,13:46:49,151.0,100,29900
20231027,13:47:09,152.4,50,29900
20231027,13:47:16,154.0,100,29900
20231027,13:47:54,154.0,300,29900
20231027,13:48:01,152.8,250,31450
20231027,13:48:07,152.95,100,31450
20231027,13:48:13,152.95,300,31450
20231027,13:48:19,153.4,100,31450
20231027,13:48:38,153.95,50,31450
20231027,13:49:27,152.25,50,31450
20231027,13:49:34,152.9,50,31450
20231027,13:50:05,151.9,150,31450
20231027,13:52:30,155.0,200,31400
20231027,13:53:25,153.0,50,31400
20231027,13:56:18,151.5,50,31450
20231027,13:56:31,151.5,50,31450
20231027,13:56:55,151.45,50,31450
20231027,13:57:01,151.5,150,31550
20231027,13:57:41,152.0,50,31550
20231027,13:58:22,151.5,100,31550
20231027,13:59:07,152.0,50,31550
20231027,14:02:18,150.1,50,31850
20231027,14:03:28,149.0,250,31900
20231027,14:03:34,149.0,500,31900
20231027,14:04:29,149.55,50,31900
20231027,14:04:46,149.55,50,31900
20231027,14:05:38,148.55,50,31900
20231027,14:06:02,148.55,100,32650
20231027,14:06:08,149.5,50,32650
20231027,14:06:51,149.45,100,32650
20231027,14:12:41,149.45,50,32750
20231027,14:13:20,152.0,700,32750
20231027,14:14:22,150.7,50,32750
20231027,14:14:40,150.8,200,32750
20231027,14:14:46,150.5,100,32750
20231027,14:15:20,151.0,50,33100
20231027,14:15:32,151.0,50,33100
20231027,14:15:38,152.1,100,33100
20231027,14:16:13,152.1,50,33100
20231027,14:16:36,152.1,50,33100
20231027,14:17:39,151.1,50,33100
20231027,14:18:17,151.0,50,33300
20231027,14:20:20,151.0,50,33300
20231027,14:20:25,151.5,50,33300
20231027,14:22:02,150.95,50,33350
20231027,14:22:52,149.75,50,33350
20231027,14:24:36,149.8,50,33400
20231027,14:24:53,149.9,250,33400
20231027,14:25:09,149.85,50,33400
20231027,14:26:53,150.0,50,33400
20231027,14:28:20,150.0,50,33700
20231027,14:29:19,149.8,50,33700
20231027,14:30:45,150.65,300,33700
20231027,14:31:14,151.0,300,33700
20231027,14:31:20,152.85,100,33700
20231027,14:31:46,148.65,600,33700
20231027,14:32:17,152.25,50,33700
20231027,14:32:54,152.35,50,33700
20231027,14:33:07,152.35,50,34150
20231027,14:34:28,155.0,600,34150
20231027,14:35:06,153.0,50,34150
20231027,14:36:50,152.15,50,34700
20231027,14:40:59,152.9,50,34650
20231027,14:42:11,152.85,50,34700
20231027,14:42:17,153.05,50,34700
20231027,14:46:06,152.3,200,34800
20231027,14:46:12,152.1,50,34800
20231027,14:48:01,152.0,50,34800
20231027,14:48:12,151.4,50,34800
20231027,14:49:21,147.0,400,34800
20231027,14:49:34,147.0,50,34800
20231027,14:49:41,147.0,50,34800
20231027,14:49:54,147.0,50,34800
20231027,14:53:23,149.0,150,35400
20231027,14:54:32,149.0,350,35550
20231027,14:55:29,149.5,100,35550
20231027,14:56:38,149.45,50,35550
20231027,14:58:08,149.95,200,36050
20231027,14:59:04,150.0,150,36050
20231027,14:59:55,151.0,100,36050
20231027,15:00:33,151.0,300,36400
20231027,15:00:39,151.0,250,36400
20231027,15:00:52,152.05,250,36400
20231027,15:01:24,151.0,400,36400
20231027,15:01:31,149.9,250,36400
20231027,15:03:49,148.95,100,36800
20231027,15:04:27,150.0,400,36800
20231027,15:07:18,150.0,300,37200
20231027,15:07:56,150.85,50,37200
20231027,15:14:45,150.0,250,37100
20231027,15:16:16,149.95,50,37300
20231027,15:17:01,149.0,300,37300
20231027,15:19:04,149.0,50,37450
20231027,15:19:46,150.0,50,37450
20231027,15:19:58,149.0,50,37450
20231027,15:20:10,150.95,50,37450
20231027,15:21:31,148.0,100,37550
20231027,15:21:37,148.0,100,37550
20231027,15:22:19,149.0,250,37550
20231027,15:22:38,150.0,100,37550
20231027,15:22:55,150.5,50,37550
20231027,15:23:21,151.0,500,37550
20231027,15:24:15,150.0,200,38350
20231027,15:24:57,150.15,250,38350
20231027,15:25:04,151.0,50,38350
20231027,15:25:11,150.0,200,38350
20231027,15:25:23,150.0,50,38350
20231027,15:26:02,153.0,550,38350
20231027,15:26:08,152.95,50,38350
20231027,15:26:28,151.3,50,38350
20231027,15:27:21,151.3,50,39150
20231027,15:28:09,151.3,150,39150
20231027,15:28:29,151.3,50,39150
20231027,15:28:44,151.3,50,39150
20231027,15:29:05,153.0,50,39150
20231027,15:29:33,153.2,100,39150
20231030,09:15:19,167.6,1,39450
20231030,09:15:19,168.95,1,39450
20231030,09:15:19,135.4,2500,39450
20231030,09:15:27,166.5,1050,39450
20231030,09:16:21,155.05,900,39450
20231030,09:16:28,155.0,50,39450
20231030,09:16:55,147.4,50,39450
20231030,09:17:02,138.05,100,39450
20231030,09:17:42,141.55,400,41900
20231030,09:17:49,141.55,50,41900
20231030,09:18:16,156.1,1600,41900
20231030,09:18:37,155.7,50,41900
20231030,09:18:50,141.3,400,41900
20231030,09:18:57,150.05,200,41900
20231030,09:19:11,155.0,1000,41900
20231030,09:19:18,152.7,50,41900
20231030,09:19:33,150.0,400,41900
20231030,09:19:53,152.0,1600,41900
20231030,09:20:06,152.0,50,41900
20231030,09:20:27,152.0,50,45850
20231030,09:20:35,152.5,50,45850
20231030,09:21:02,155.0,1800,45850
20231030,09:21:08,154.95,200,45850
20231030,09:21:29,151.0,50,45850
20231030,09:22:16,150.95,50,45850
20231030,09:22:43,150.0,100,45850
20231030,09:23:16,150.0,1200,45850
20231030,09:23:23,149.95,50,47200
20231030,09:24:10,149.05,300,47200
20231030,09:24:17,149.5,1500,47200
20231030,09:24:24,149.5,350,47200
20231030,09:25:46,150.0,200,47200
20231030,09:26:14,150.0,50,47200
20231030,09:26:21,150.5,1000,47200
20231030,09:26:48,150.0,1000,49750
20231030,09:26:54,149.95,200,49750
20231030,09:28:27,150.95,100,49750
20231030,09:28:34,151.25,100,49750
20231030,09:28:47,151.35,50,49750
20231030,09:29:08,151.15,50,49750
20231030,09:29:28,151.0,200,50000
20231030,09:29:41,152.85,50,50000
20231030,09:30:02,151.0,250,50000
20231030,09:30:10,149.8,900,50000
20231030,09:30:17,150.15,250,50000
20231030,09:30:25,149.75,50,50000
20231030,09:30:41,147.85,400,50000
20231030,09:30:55,149.45,200,50000
20231030,09:31:46,147.05,300,50000
20231030,09:32:07,146.8,250,50000
20231030,09:32:21,147.95,200,50000
20231030,09:32:28,148.0,100,49950
20231030,09:32:55,145.0,50,49950
20231030,09:33:36,144.0,50,49950
20231030,09:33:50,142.25,50,49950
20231030,09:34:20,143.15,150,49950
20231030,09:35:17,143.65,200,49950
20231030,09:35:38,146.1,250,50150
20231030,09:35:58,143.65,50,50150
20231030,09:36:12,143.5,100,50150
20231030,09:37:08,143.5,100,50150
20231030,09:37:49,143.55,50,50150
20231030,09:38:02,143.55,150,50150
20231030,09:38:37,143.5,500,50400
20231030,09:38:51,144.1,100,50400
20231030,09:39:19,143.5,550,50400
20231030,09:40:35,145.75,200,50400
20231030,09:41:09,143.6,100,50400
20231030,09:41:29,144.95,100,51300
20231030,09:41:36,143.6,50,51300
20231030,09:41:50,144.95,100,51300
20231030,09:42:03,144.95,50,51300
20231030,09:42:57,143.5,250,51300
20231030,09:43:05,144.2,50,51300
20231030,09:44:11,141.0,100,51300
20231030,09:45:49,140.0,350,51400
20231030,09:46:03,139.95,150,51400
20231030,09:46:43,140.0,100,51400
20231030,09:46:50,140.0,400,51400
20231030,09:48:02,138.55,100,51000
20231030,09:48:09,138.8,50,51000
20231030,09:48:16,139.8,100,51000
20231030,09:48:56,139.0,250,51000
20231030,09:49:09,139.0,600,51000
20231030,09:49:16,139.95,1400,51000
20231030,09:49:30,138.0,100,51000
20231030,09:49:37,137.4,150,51000
20231030,09:50:04,138.95,100,51000
20231030,09:50:30,138.0,50,50800
20231030,09:51:29,135.0,100,50800
20231030,09:51:36,135.0,50,50800
20231030,09:52:15,135.6,200,50800
20231030,09:53:14,138.0,250,50800
20231030,09:53:53,137.7,50,50900
20231030,09:55:00,138.3,100,50900
20231030,09:55:59,136.95,50,50900
20231030,09:57:44,137.3,200,50900
20231030,09:58:04,138.0,50,50900
20231030,09:58:17,137.7,300,50900
20231030,09:58:44,137.0,100,50900
20231030,09:58:51,137.0,550,50900
20231030,09:58:57,136.95,1050,50900
20231030,09:59:04,137.0,150,50900
20231030,09:59:10,136.95,150,50900
20231030,09:59:24,137.0,550,50900
20231030,10:02:49,136.95,250,52950
20231030,10:03:04,138.4,50,52950
20231030,10:03:19,137.4,250,52950
20231030,10:03:41,140.0,250,52950
20231030,10:07:25,139.25,100,52600
20231030,10:09:04,139.25,50,52650
20231030,10:10:33,141.0,50,52650
20231030,10:10:56,141.25,150,52650
20231030,10:11:44,142.3,50,52700
20231030,10:11:51,143.35,50,52700
20231030,10:12:13,144.95,50,52700
20231030,10:13:22,145.0,150,52700
20231030,10:15:13,144.0,50,52750
20231030,10:17:16,143.0,150,52750
20231030,10:17:22,143.0,150,52750
20231030,10:17:36,144.0,50,52750
20231030,10:17:50,144.0,500,52750
20231030,10:20:05,149.25,100,52750
20231030,10:20:34,148.0,50,52750
20231030,10:22:16,148.0,150,53050
20231030,10:22:39,150.0,50,53050
20231030,10:22:46,150.0,150,53050
20231030,10:24:52,148.25,50,53250
20231030,10:24:58,151.6,50,53250
20231030,10:25:13,149.0,50,53250
20231030,10:28:36,150.0,100,53250
20231030,10:28:44,149.2,50,53250
20231030,10:29:05,149.95,100,53250
20231030,10:29:13,149.5,750,53250
20231030,10:30:30,150.0,50,52700
20231030,10:30:37,149.55,50,52700
20231030,10:30:50,150.45,50,52700
20231030,10:30:57,151.05,200,52700
20231030,10:31:04,151.5,50,52700
20231030,10:31:11,152.0,400,52700
20231030,10:31:18,152.25,950,52700
20231030,10:31:39,152.25,50,52700
20231030,10:31:47,153.0,800,52700
20231030,10:31:55,152.25,150,52700
20231030,10:33:13,152.2,200,54050
20231030,10:33:20,152.25,100,54050
20231030,10:34:08,154.4,50,54050
20231030,10:34:34,154.0,300,54050
20231030,10:36:20,152.0,50,53800
20231030,10:37:15,153.65,50,53800
20231030,10:38:56,155.0,400,53750
20231030,10:39:09,152.25,100,53750
20231030,10:39:15,154.95,50,53750
20231030,10:39:22,153.4,250,53750
20231030,10:39:28,153.65,200,53750
20231030,10:40:08,153.95,100,53750
20231030,10:40:14,154.0,100,53750
20231030,10:40:50,151.15,150,53750
20231030,10:41:04,152.05,150,53750
20231030,10:41:37,153.95,200,53800
20231030,10:46:16,158.75,100,53600
20231030,10:46:44,159.95,50,53600
20231030,10:46:58,159.9,150,53600
20231030,10:48:20,159.65,100,53650
20231030,10:48:34,159.7,200,53650
20231030,10:48:41,160.0,1300,53650
20231030,10:48:49,163.0,50,53650
20231030,10:49:06,161.5,950,53650
20231030,10:50:00,160.0,100,53650
20231030,10:50:07,160.0,400,53650
20231030,10:50:35,160.0,50,52550
20231030,10:51:23,159.3,50,52550
20231030,10:52:25,160.0,450,52550
20231030,10:56:33,160.0,700,52550
20231030,11:03:30,155.4,250,53100
20231030,11:03:50,155.45,250,53100
20231030,11:03:57,155.0,150,53100
20231030,11:04:03,155.0,250,53100
20231030,11:04:55,152.8,100,53100
20231030,11:06:01,154.45,50,53550
20231030,11:06:14,154.45,250,53550
20231030,11:06:53,154.5,150,53550
20231030,11:06:59,154.5,150,53550
20231030,11:11:35,155.0,50,53400
20231030,11:13:47,155.0,50,53400
20231030,11:19:57,156.9,50,53400
20231030,11:22:19,149.25,500,53350
20231030,11:25:36,156.35,250,53600
20231030,11:25:43,151.05,500,53600
20231030,11:26:04,155.95,300,53600
20231030,11:29:21,159.95,50,53800
20231030,11:32:05,160.0,750,53850
20231030,11:32:12,161.0,50,53850
20231030,11:32:43,162.0,50,54600
20231030,11:32:50,162.0,600,54600
20231030,11:33:12,163.0,50,54600
20231030,11:34:24,162.85,50,54600
20231030,11:34:38,161.05,50,54600
20231030,11:36:07,161.1,50,55200
20231030,11:36:49,162.65,50,55200
20231030,11:36:56,162.95,350,55200
20231030,11:37:15,163.75,50,55200
20231030,11:37:29,163.25,550,55200
20231030,11:38:55,163.45,50,54500
20231030,11:39:55,163.15,50,54500
20231030,11:41:22,162.0,250,54500
20231030,11:41:29,158.65,250,54500
20231030,11:42:23,159.0,50,54750
20231030,11:42:48,158.95,200,54750
20231030,11:42:55,158.0,150,54750
20231030,11:43:39,159.0,200,54750
20231030,11:44:05,158.7,200,54750
20231030,11:46:19,158.65,150,55050
20231030,11:48:54,156.95,50,55200
20231030,11:49:07,157.0,200,55200
20231030,11:50:04,156.05,200,55200
20231030,11:53:09,158.7,200,55500
20231030,11:53:41,159.0,50,55500
20231030,11:53:53,160.75,50,55650
20231030,11:57:52,162.0,350,55650
20231030,11:59:48,160.1,50,55650
20231030,12:00:38,161.0,50,55650
20231030,12:01:06,162.0,100,55650
20231030,12:02:29,164.0,50,55650
20231030,12:03:11,165.0,300,55650
20231030,12:03:31,162.2,50,55650
20231030,12:04:05,162.4,50,55650
20231030,12:04:13,165.0,200,55650
20231030,12:04:19,163.15,50,55650
20231030,12:04:26,165.0,300,55650
20231030,12:04:33,165.0,150,55650
20231030,12:04:39,165.25,50,55650
20231030,12:05:06,162.75,50,55650
20231030,12:06:05,162.5,50,55600
20231030,12:06:18,162.75,300,55600
20231030,12:06:50,162.75,150,55600
20231030,12:07:09,162.8,150,55600
20231030,12:07:34,163.15,50,55600
20231030,12:08:55,164.0,200,56200
20231030,12:09:46,164.85,50,56200
20231030,12:09:53,164.9,300,56200
20231030,12:09:59,164.9,100,56200
20231030,12:10:39,160.6,100,56200
20231030,12:11:34,163.8,50,56200
20231030,12:14:18,160.0,150,56450
20231030,12:14:58,160.0,50,56500
20231030,12:15:18,163.65,100,56500
20231030,12:16:41,160.05,50,56500
20231030,12:16:48,160.05,50,56500
20231030,12:16:55,157.15,550,56500
20231030,12:18:03,157.25,50,56650
20231030,12:19:06,155.0,50,56650
20231030,12:19:34,155.0,50,56650
20231030,12:19:40,155.3,50,56650
20231030,12:20:53,156.0,50,56750
20231030,12:21:00,163.1,800,56750
20231030,12:22:12,161.2,250,56750
20231030,12:22:25,161.25,100,56750
20231030,12:24:10,160.85,50,56850
20231030,12:25:21,161.95,100,56850
20231030,12:29:39,158.95,50,56900
20231030,12:29:45,158.95,50,56900
20231030,12:29:51,159.0,50,56900
20231030,12:30:03,159.0,200,56950
20231030,12:30:28,159.0,600,56950
20231030,12:30:34,159.0,350,56950
20231030,12:30:41,159.0,300,56950
20231030,12:31:24,161.4,100,56950
20231030,12:33:13,161.4,50,56900
20231030,12:34:00,159.0,50,56900
20231030,12:34:33,160.3,500,56900
20231030,12:36:09,160.8,50,56950
20231030,12:36:15,160.0,100,56950
20231030,12:36:59,161.0,50,56950
20231030,12:37:12,161.0,50,56950
20231030,12:39:10,161.95,100,57050
20231030,12:44:11,161.75,150,57150
20231030,12:44:17,161.75,50,57150
20231030,12:44:23,161.8,100,57150
20231030,12:44:55,161.95,1100,57200
20231030,12:45:33,161.55,50,57200
20231030,12:45:40,161.8,50,57200
20231030,12:45:46,162.0,50,57200
20231030,12:46:17,164.05,100,57200
20231030,12:46:23,164.05,250,57200
20231030,12:46:30,165.0,600,57200
20231030,12:50:52,165.0,50,57400
20231030,13:03:21,162.2,550,57450
20231030,13:05:50,162.1,100,57450
20231030,13:05:57,162.1,100,57400
20231030,13:06:16,162.15,50,57400
20231030,13:11:49,164.35,50,57450
20231030,13:15:18,164.0,100,57450
20231030,13:15:30,164.0,400,57450
20231030,13:20:51,164.9,150,57450
20231030,13:23:17,167.45,50,57450
20231030,13:26:21,160.4,600,57450
20231030,13:26:45,163.3,50,57450
20231030,13:26:49,162.0,350,57450
20231030,13:26:51,161.95,150,57450
20231030,13:26:53,162.0,300,57450
20231030,13:27:06,162.25,50,58100
20231030,13:28:53,163.05,100,58100
20231030,13:29:04,162.7,50,58100
20231030,13:30:46,163.6,50,58050
20231030,13:32:38,165.35,50,58050
20231030,13:32:56,163.8,50,58050
20231030,13:36:46,165.85,50,58050
20231030,13:37:59,165.5,50,58050
20231030,13:39:54,164.05,200,58150
20231030,13:41:26,165.5,100,58150
20231030,13:41:32,165.55,100,58150
20231030,13:45:47,165.0,50,58200
20231030,13:47:02,166.95,50,58200
20231030,13:48:15,164.9,250,58200
20231030,13:50:47,163.75,50,58200
20231030,13:52:18,159.95,50,58200
20231030,13:52:24,158.0,50,58200
20231030,13:53:13,158.55,50,58200
20231030,13:54:49,160.0,50,58250
20231030,13:58:20,162.0,50,58300
20231030,14:00:50,162.35,150,58300
20231030,14:00:56,162.35,50,58300
20231030,14:01:02,162.0,50,58300
20231030,14:01:09,162.35,50,58300
20231030,14:01:35,162.25,50,58300
20231030,14:01:41,162.25,100,58300
20231030,14:03:16,162.0,50,58400
20231030,14:03:22,162.2,50,58400
20231030,14:03:28,162.0,100,58400
20231030,14:03:35,163.0,50,58400
20231030,14:04:20,160.15,150,58400
20231030,14:04:54,156.8,50,58400
20231030,14:05:47,162.0,400,58400
20231030,14:06:15,163.0,150,58600
20231030,14:06:16,163.0,50,58600
20231030,14:06:40,162.7,200,58600
20231030,14:07:36,163.0,150,58600
20231030,14:08:01,164.0,150,58600
20231030,14:08:32,163.75,150,58600
20231030,14:08:57,163.35,150,58600
20231030,14:10:21,163.35,300,58650
20231030,14:10:29,164.0,100,58650
20231030,14:10:31,164.5,150,58650
20231030,14:11:34,164.55,200,58650
20231030,14:11:51,164.6,200,58650
20231030,14:11:52,164.95,100,58650
20231030,14:11:57,165.0,50,58650
20231030,14:12:22,166.2,50,59550
20231030,14:13:15,162.8,50,59550
20231030,14:14:23,164.65,50,59550
20231030,14:14:29,164.7,50,59550
20231030,14:17:25,163.4,350,59600
20231030,14:27:12,162.3,50,59600
20231030,14:27:52,162.75,50,59600
20231030,14:27:59,162.75,50,59600
20231030,14:28:05,162.7,250,59600
20231030,14:28:12,162.65,50,59600
20231030,14:29:31,162.0,50,59600
20231030,14:35:59,163.95,50,59650
20231030,14:36:22,163.95,100,59650
20231030,14:36:29,165.0,100,59650
20231030,14:36:55,165.6,550,59650
20231030,14:37:02,165.6,300,59650
20231030,14:37:35,162.6,100,59650
20231030,14:37:42,164.85,200,59650
20231030,14:38:10,165.6,50,59650
20231030,14:38:54,165.7,50,59650
20231030,14:39:59,165.05,50,60300
20231030,14:40:50,165.25,50,60300
20231030,14:42:19,164.0,50,60300
20231030,14:45:16,167.75,50,60350
20231030,14:49:39,166.0,50,60350
20231030,14:49:59,165.0,200,60350
20231030,14:50:32,165.25,50,60350
20231030,14:56:57,166.95,50,60600
20231030,15:00:40,165.8,50,60600
20231030,15:01:46,166.5,50,60600
20231030,15:01:59,166.8,50,60600
20231030,15:02:31,168.5,50,60600
20231030,15:02:50,168.4,50,60600
20231030,15:03:43,168.3,50,60500
20231030,15:04:06,168.9,400,60500
20231030,15:06:17,170.0,550,60750
20231030,15:09:01,170.0,50,60750
20231030,15:09:34,171.15,200,60800
20231030,15:11:25,171.15,50,60800
20231030,15:11:45,168.95,100,60800
20231030,15:13:38,169.05,50,60850
20231030,15:14:06,169.0,100,60850
20231030,15:14:19,169.0,50,60850
20231030,15:14:38,168.95,50,60850
20231030,15:14:45,168.95,50,60850
20231030,15:15:55,166.6,100,60950
20231030,15:17:18,166.4,50,60950
20231030,15:17:19,166.6,100,60950
20231030,15:17:40,167.0,200,60950
20231030,15:18:53,168.0,100,61150
20231030,15:20:16,167.4,50,61150
20231030,15:21:07,167.0,50,61150
20231030,15:22:55,168.0,100,61350
20231030,15:23:47,168.0,50,61350
20231030,15:24:54,167.3,100,61500
20231030,15:26:44,169.0,50,61500
20231030,15:26:51,168.05,100,61500
20231030,15:26:58,168.3,100,61500
20231030,15:27:18,169.65,50,61850
20231030,15:27:25,170.0,50,61850
20231030,15:27:41,168.85,50,61850
20231030,15:28:47,172.7,100,61850
20231030,15:28:55,172.7,50,61850
20231030,15:29:34,172.7,150,61850
20231030,15:29:42,172.0,100,61850
20231030,15:29:50,173.35,200,61850
20231031,09:16:48,172.5,1,62050
20231031,09:16:48,172.5,50,62050
20231031,09:16:59,175.6,50,62050
20231031,09:17:20,175.6,50,62050
20231031,09:17:35,175.0,50,62050
20231031,09:17:50,176.95,50,62050
20231031,09:18:00,176.95,100,62050
20231031,09:18:37,172.6,50,62050
20231031,09:19:29,172.6,50,62050
20231031,09:19:35,171.75,50,62050
20231031,09:20:08,171.75,50,62050
20231031,09:20:16,171.0,50,62050
20231031,09:20:42,168.9,50,62250
20231031,09:21:32,162.35,150,62250
20231031,09:23:37,162.35,50,62250
20231031,09:23:56,173.0,50,62250
20231031,09:24:02,170.05,50,62250
20231031,09:24:40,170.0,250,62250
20231031,09:24:47,170.0,550,62250
20231031,09:25:22,168.65,150,62250
20231031,09:25:47,170.0,150,62250
20231031,09:27:20,168.85,350,63350
20231031,09:27:27,168.9,350,63350
20231031,09:27:52,175.0,250,63350
20231031,09:28:05,171.55,100,63350
20231031,09:32:10,165.0,50,63750
20231031,09:33:59,168.6,100,63750
20231031,09:35:09,164.0,50,63750
20231031,09:36:24,168.0,50,63850
20231031,09:37:46,169.95,100,63850
20231031,09:37:59,172.0,100,63850
20231031,09:39:01,173.95,50,64000
20231031,09:39:32,171.9,100,64000
20231031,09:41:22,170.15,50,64000
20231031,09:42:54,170.0,50,63900
20231031,09:43:47,169.5,100,63900
20231031,09:45:55,170.0,50,63800
20231031,09:46:22,165.0,100,63800
20231031,09:47:15,165.0,1500,63800
20231031,09:48:08,163.95,50,64200
20231031,09:48:14,164.0,100,64200
20231031,09:49:35,166.95,150,64200
20231031,09:50:28,165.0,50,64200
20231031,09:52:48,164.75,400,64250
20231031,09:52:54,166.0,250,64250
20231031,09:53:00,164.7,500,64250
20231031,09:59:10,162.0,50,64300
20231031,09:59:50,162.0,150,64250
20231031,10:00:10,164.0,100,64250
20231031,10:00:56,162.0,300,64250
20231031,10:01:16,164.0,200,64250
20231031,10:01:23,163.0,300,64250
20231031,10:01:36,166.0,150,64250
20231031,10:05:52,165.0,100,64700
20231031,10:09:17,162.0,250,64700
20231031,10:09:45,160.5,50,64700
20231031,10:09:58,160.5,50,64700
20231031,10:10:31,160.5,150,64700
20231031,10:10:38,159.0,50,64700
20231031,10:10:45,158.7,50,64700
20231031,10:13:13,157.95,100,64400
20231031,10:14:27,158.05,50,64400
20231031,10:14:51,158.15,100,64450
20231031,10:15:27,160.6,50,64450
20231031,10:17:17,161.2,50,64450
20231031,10:18:51,160.15,50,64450
20231031,10:18:57,160.0,150,64450
20231031,10:19:58,157.4,150,64450
20231031,10:21:06,157.4,50,64650
20231031,10:22:59,159.0,200,64650
20231031,10:24:57,159.0,50,64700
20231031,10:25:23,159.0,50,64700
20231031,10:30:05,159.0,350,64700
20231031,10:30:18,159.05,100,64700
20231031,10:31:02,159.05,600,64700
20231031,10:31:09,159.05,50,64700
20231031,10:32:00,159.5,50,64700
20231031,10:32:20,158.0,50,64700
20231031,10:35:52,159.2,100,65600
20231031,10:36:23,158.35,50,65600
20231031,10:36:48,159.0,100,65600
20231031,10:38:57,160.25,50,65600
20231031,10:39:44,159.55,150,65600
20231031,10:39:50,159.55,150,65600
20231031,10:40:23,159.5,150,65600
20231031,10:42:00,158.0,200,65900
20231031,10:43:35,155.0,50,65900
20231031,10:44:36,155.0,50,65900
20231031,10:47:39,154.35,50,65950
20231031,10:48:47,154.35,50,65950
20231031,10:49:00,155.0,50,65950
20231031,10:49:54,155.0,50,65950
20231031,10:50:06,154.05,100,65950
20231031,10:50:12,154.05,50,65950
20231031,10:50:56,155.6,100,66200
20231031,10:52:07,155.6,50,66200
20231031,10:52:44,156.0,50,66200
20231031,10:53:32,157.85,50,66200
20231031,10:54:20,158.0,50,66400
20231031,10:54:56,156.05,50,66400
20231031,10:59:01,159.5,200,66450
20231031,10:59:38,159.2,50,66450
20231031,10:59:44,161.65,200,66500
20231031,11:00:27,160.0,50,66500
20231031,11:01:17,157.3,50,66500
20231031,11:01:29,157.05,100,66500
20231031,11:03:53,156.75,50,66550
20231031,11:04:40,161.75,1350,66550
20231031,11:04:53,161.75,1550,66550
20231031,11:06:28,160.0,650,67050
20231031,11:08:18,162.0,150,67050
20231031,11:10:55,160.35,50,67850
20231031,11:12:17,160.1,50,67850
20231031,11:13:33,160.0,50,67850
20231031,11:14:20,161.0,50,67850
20231031,11:16:58,161.0,200,68000
20231031,11:19:51,159.5,150,68200
20231031,11:20:45,161.0,400,68200
20231031,11:20:51,161.5,50,68250
20231031,11:20:57,161.7,100,68250
20231031,11:23:07,164.9,500,68250
20231031,11:23:31,163.4,100,68250
20231031,11:23:56,165.0,100,68550
20231031,11:24:21,165.0,150,68550
20231031,11:26:09,163.25,100,68550
20231031,11:30:08,162.25,50,68550
20231031,11:37:46,160.0,300,68600
20231031,11:41:26,159.3,50,68600
20231031,11:41:45,158.1,50,68900
20231031,11:45:06,158.0,50,68850
20231031,11:48:40,157.5,100,68900
20231031,11:49:22,157.0,100,68900
20231031,11:49:35,155.9,50,68900
20231031,11:49:50,155.0,300,68900
20231031,11:51:47,154.9,50,68850
20231031,12:02:50,156.8,50,68900
20231031,12:07:10,157.0,50,68900
20231031,12:07:17,156.0,550,68900
20231031,12:07:27,156.0,500,68900
20231031,12:07:51,157.45,50,68900
20231031,12:08:23,156.2,200,68900
20231031,12:08:35,155.45,1700,68900
20231031,12:09:03,156.45,50,70750
20231031,12:18:52,157.7,400,70750
20231031,12:19:25,159.6,50,70750
20231031,12:22:06,157.05,50,70850
20231031,12:26:49,157.25,50,70800
20231031,12:27:12,157.05,250,70800
20231031,12:27:18,157.0,350,70800
20231031,12:28:04,157.4,50,70800
20231031,12:29:22,156.75,50,70800
20231031,12:32:44,155.5,100,70850
20231031,12:34:54,157.5,50,70800
20231031,12:39:28,158.9,50,70750
20231031,12:40:03,160.0,50,70750
20231031,12:40:59,161.15,50,70750
20231031,12:42:33,159.0,50,70750
20231031,12:42:44,158.95,50,70750
20231031,12:42:56,160.45,50,70750
20231031,12:48:36,156.5,100,70750
20231031,12:50:50,158.35,100,70750
20231031,12:59:01,158.35,50,70700
20231031,13:01:22,158.0,50,70700
20231031,13:03:41,158.0,650,70750
20231031,13:05:14,160.05,100,70750
20231031,13:05:20,160.0,400,70750
20231031,13:06:17,157.35,50,70900
20231031,13:06:58,160.0,100,70900
20231031,13:11:29,161.2,100,70850
20231031,13:14:15,158.8,50,70850
20231031,13:15:32,161.3,50,70900
20231031,13:24:48,156.0,150,70950
20231031,13:25:20,155.35,50,70950
20231031,13:25:38,155.3,50,70950
20231031,13:25:51,155.0,50,70950
20231031,13:26:54,153.6,50,70950
20231031,13:29:55,153.6,50,71000
20231031,13:29:57,161.7,200,71000
20231031,13:30:11,162.25,100,71000
20231031,13:30:18,164.35,50,71000
20231031,13:30:26,164.75,50,71000
20231031,13:34:23,160.35,50,71150
20231031,13:42:09,155.65,50,71200
20231031,13:47:03,158.0,100,71200
20231031,13:47:50,159.95,50,71200
20231031,13:53:20,159.95,50,71250
20231031,13:54:36,160.0,50,71300
20231031,13:56:12,160.0,450,71300
20231031,13:57:29,157.0,200,71300
20231031,14:04:45,159.95,50,71450
20231031,14:05:35,159.0,50,71450
20231031,14:08:21,160.0,50,71500
20231031,14:12:46,158.65,50,71550
20231031,14:14:05,163.65,250,71550
20231031,14:18:01,164.0,150,71800
20231031,14:18:07,164.7,50,71800
20231031,14:18:14,165.0,50,71900
20231031,14:18:21,165.0,950,71900
20231031,14:18:48,166.0,150,71900
20231031,14:19:33,166.05,50,71900
20231031,14:22:03,167.0,50,73050
20231031,14:22:48,166.55,50,73050
20231031,14:26:20,166.9,50,73050
20231031,14:27:51,166.0,100,73000
20231031,14:29:15,166.25,250,73000
20231031,14:30:36,170.0,200,72900
20231031,14:30:44,170.5,50,72900
20231031,14:30:52,171.0,500,72900
20231031,14:31:06,170.95,50,72900
20231031,14:32:35,172.4,50,72900
20231031,14:34:36,171.05,100,73350
20231031,14:34:50,171.25,50,73350
20231031,14:34:56,171.25,50,73350
20231031,14:35:10,172.0,250,73350
20231031,14:37:27,168.45,50,73600
20231031,14:47:07,168.45,50,73650
20231031,14:50:59,171.45,50,73700
20231031,14:51:17,171.45,100,73750
20231031,14:52:12,170.8,50,73750
20231031,14:54:03,164.4,50,73750
20231031,14:55:12,164.15,50,73700
20231031,14:57:41,163.95,100,73700
20231031,15:00:24,161.95,50,73700
20231031,15:01:08,156.0,50,73700
20231031,15:02:03,156.0,50,73700
20231031,15:02:28,155.3,50,73700
20231031,15:02:42,155.4,50,73700
20231031,15:03:10,155.4,50,73700
20231031,15:05:33,155.4,100,73500
20231031,15:05:40,154.0,100,73500
20231031,15:07:23,152.75,50,73500
20231031,15:07:56,152.75,200,73500
20231031,15:08:14,145.55,500,73500
20231031,15:08:51,145.55,200,73500
20231031,15:09:48,157.4,50,73350
20231031,15:10:00,157.4,50,73350
20231031,15:10:13,156.15,200,73350
20231031,15:11:23,158.9,50,73350
20231031,15:13:55,158.9,100,73400
20231031,15:16:22,155.85,200,73450
20231031,15:16:29,155.95,50,73450
20231031,15:16:54,156.5,150,73450
20231031,15:17:01,156.75,50,73450
20231031,15:17:07,156.75,150,73450
20231031,15:17:13,156.75,50,73450
20231031,15:17:26,158.0,50,73450
20231031,15:17:39,158.0,150,73450
20231031,15:17:46,157.5,100,73450
20231031,15:17:52,159.0,100,73450
20231031,15:18:04,159.0,100,73450
20231031,15:18:11,159.0,200,73450
20231031,15:19:26,157.5,250,74350
20231031,15:19:32,157.75,150,74350
20231031,15:19:56,157.75,100,74350
20231031,15:20:02,158.0,100,74350
20231031,15:20:09,157.95,50,74350
20231031,15:20:21,157.75,50,74350
20231031,15:20:34,158.75,350,74350
20231031,15:21:11,158.5,100,74350
20231031,15:21:17,159.0,250,74350
20231031,15:24:41,157.0,50,75550
20231031,15:24:47,157.25,50,75550
20231031,15:25:13,157.0,50,75550
20231031,15:25:26,157.0,100,75550
20231031,15:27:13,155.0,50,75550
20231031,15:28:07,154.95,50,75600
20231031,15:28:26,155.6,100,75600
20231031,15:28:50,155.4,50,75600
20231031,15:29:08,155.5,50,75600
20231031,15:29:15,157.5,50,75600
20231031,15:29:34,155.5,50,75600
20231101,09:15:21,156.1,1,75600
20231101,09:15:21,156.1,50,75600
20231101,09:15:28,138.75,50,75600
20231101,09:16:51,138.75,200,75600
20231101,09:17:39,147.25,50,75650
20231101,09:17:57,151.0,200,75650
20231101,09:18:30,150.3,200,75650
20231101,09:18:57,153.25,50,75650
20231101,09:19:03,153.25,200,75650
20231101,09:19:10,153.25,250,75650
20231101,09:19:16,150.95,50,75650
20231101,09:19:43,152.75,150,75650
20231101,09:20:32,157.85,300,75650
20231101,09:20:54,157.85,50,76500
20231101,09:21:26,155.2,50,76500
20231101,09:22:34,153.05,100,76500
20231101,09:25:13,153.0,350,76600
20231101,09:28:47,151.0,50,76600
20231101,09:30:27,151.8,50,76650
20231101,09:32:14,152.1,50,76650
20231101,09:32:27,151.85,50,76650
20231101,09:35:21,154.5,50,76700
20231101,09:36:26,158.0,50,76650
20231101,09:39:29,158.0,300,76650
20231101,09:40:27,158.0,100,76650
20231101,09:40:53,157.0,200,76650
20231101,09:41:51,154.45,200,76900
20231101,09:43:09,151.15,50,76900
20231101,09:46:24,151.05,50,76750
20231101,09:46:31,150.1,350,76750
20231101,09:46:38,150.0,50,76750
20231101,09:46:58,150.0,100,76750
20231101,09:48:00,150.05,150,76600
20231101,09:48:32,145.1,550,76600
20231101,09:48:52,148.65,450,76600
20231101,09:48:59,148.5,50,76600
20231101,09:49:05,147.5,50,76600
20231101,09:49:31,149.0,50,76600
20231101,09:50:02,150.15,200,76600
20231101,09:51:02,149.25,200,76500
20231101,09:51:09,148.65,50,76500
20231101,09:51:35,148.6,150,76500
20231101,09:51:42,148.6,50,76500
20231101,09:51:48,148.65,250,76500
20231101,09:53:39,150.0,50,76650
20231101,09:55:15,148.15,50,76650
20231101,09:55:26,147.6,50,76650
20231101,09:56:02,148.25,550,76650
20231101,09:57:57,148.25,50,76550
20231101,09:59:29,146.3,100,76550
20231101,09:59:38,146.3,50,76700
20231101,10:00:00,146.25,350,76700
20231101,10:00:33,144.0,100,76700
20231101,10:01:47,143.0,150,76700
20231101,10:02:17,141.5,50,76700
20231101,10:02:53,141.5,250,76750
20231101,10:04:14,142.0,50,76750
20231101,10:04:20,142.0,50,76750
20231101,10:04:39,142.0,50,76750
20231101,10:05:33,142.0,200,76750
20231101,10:06:04,142.0,50,76750
20231101,10:06:23,143.0,50,76750
20231101,10:07:48,145.0,50,76750
20231101,10:10:28,146.0,200,76800
20231101,10:11:41,145.95,300,77000
20231101,10:12:34,145.0,150,77000
20231101,10:13:33,146.0,50,77000
20231101,10:14:27,146.0,50,77000
20231101,10:16:01,148.2,50,77050
20231101,10:16:07,149.5,100,77050
20231101,10:16:14,150.0,100,77050
20231101,10:19:43,149.4,50,77250
20231101,10:21:39,148.75,50,77300
20231101,10:24:57,146.5,1900,77350
20231101,10:25:33,146.25,50,77350
20231101,10:27:09,147.05,200,79050
20231101,10:27:15,147.55,200,79050
20231101,10:28:25,148.65,50,79050
20231101,10:30:07,150.0,500,79250
20231101,10:31:54,147.35,100,79250
20231101,10:32:12,147.35,100,79250
20231101,10:32:18,147.2,50,79250
20231101,10:32:30,146.3,50,79250
20231101,10:35:10,145.0,250,79600
20231101,10:35:39,145.0,300,79600
20231101,10:35:50,144.95,100,79550
20231101,10:36:02,144.0,50,79550
20231101,10:36:08,143.0,50,79550
20231101,10:36:39,145.0,400,79550
20231101,10:38:29,145.0,100,79550
20231101,10:40:45,144.3,50,79950
20231101,10:41:01,145.05,150,79950
20231101,10:42:07,146.0,50,79800
20231101,10:42:18,146.0,50,79800
20231101,10:44:16,147.7,100,79800
20231101,10:44:22,147.75,100,79800
20231101,10:44:44,146.85,50,79800
20231101,10:44:55,148.7,50,79800
20231101,10:47:34,148.2,50,79850
20231101,10:48:34,145.0,50,79900
20231101,10:49:27,147.0,50,79900
20231101,10:52:27,148.0,50,79950
20231101,10:52:39,149.2,100,79950
20231101,10:52:51,148.65,100,79950
20231101,10:54:00,148.0,50,80000
20231101,10:54:10,147.0,50,80000
20231101,10:54:32,148.4,100,80000
20231101,10:54:54,148.55,100,80000
20231101,10:55:58,150.4,200,80000
20231101,10:57:11,148.25,100,80100
20231101,10:58:45,148.35,50,80100
20231101,10:58:56,148.55,50,80100
20231101,11:01:34,148.5,100,80100
20231101,11:05:06,149.0,100,80100
20231101,11:05:11,148.5,100,80100
20231101,11:05:17,148.0,100,80100
20231101,11:05:23,147.5,100,80100
20231101,11:05:45,148.0,100,80100
20231101,11:07:59,146.5,50,80100
20231101,11:09:25,144.0,350,80150
20231101,11:12:15,145.1,100,80300
20231101,11:12:41,146.65,300,80300
20231101,11:14:55,148.3,250,80550
20231101,11:21:29,146.3,100,80550
20231101,11:22:10,145.25,100,80550
20231101,11:22:41,145.4,50,80550
20231101,11:26:14,149.25,50,80550
20231101,11:26:59,147.0,50,80550
20231101,11:28:07,147.0,50,80550
20231101,11:31:16,145.1,50,80600
20231101,11:32:11,146.25,50,80600
20231101,11:32:18,147.55,100,80600
20231101,11:33:19,146.65,50,80550
20231101,11:36:41,146.8,150,80550
20231101,11:38:15,146.15,50,80550
20231101,11:42:19,145.85,50,80650
20231101,11:42:25,145.8,50,80650
20231101,11:42:30,145.3,50,80650
20231101,11:42:35,145.55,100,80650
20231101,11:43:53,146.3,50,80650
20231101,11:48:01,146.35,50,80650
20231101,11:50:51,146.35,50,80650
20231101,11:53:40,146.35,200,80650
20231101,11:55:24,146.55,50,80850
20231101,11:58:27,144.7,300,80850
20231101,11:58:52,148.3,150,80850
20231101,12:02:18,146.25,100,80850
20231101,12:03:41,148.95,50,81000
20231101,12:03:46,146.15,50,81000
20231101,12:09:04,148.9,200,81050
20231101,12:11:47,149.95,100,81050
20231101,12:14:18,148.7,50,81150
20231101,12:14:29,149.9,100,81150
20231101,12:14:39,149.6,50,81150
20231101,12:14:56,149.45,50,81150
20231101,12:15:14,149.55,50,81150
20231101,12:15:25,151.0,100,81150
20231101,12:20:12,152.75,50,81150
20231101,12:23:11,151.6,100,81150
20231101,12:25:47,151.0,50,81150
20231101,12:27:17,151.0,50,81150
20231101,12:32:13,149.9,50,81150
20231101,12:34:58,146.35,50,81100
20231101,12:35:52,146.4,200,81100
20231101,12:38:46,146.0,50,81200
20231101,12:38:58,145.35,50,81200
20231101,12:42:27,144.0,500,81100
20231101,12:43:14,144.1,50,81100
20231101,12:43:23,143.8,50,81100
20231101,12:43:42,143.0,150,81100
20231101,12:45:18,143.2,100,81450
20231101,12:45:58,146.05,100,81450
20231101,12:46:27,143.4,100,81450
20231101,12:46:36,143.0,50,81450
20231101,12:46:43,143.3,50,81450
20231101,12:46:59,143.9,50,81450
20231101,12:47:32,145.0,100,81450
20231101,12:47:36,145.0,150,81450
20231101,12:47:42,144.05,100,81450
20231101,12:47:42,144.9,100,81450
20231101,12:47:47,144.85,100,81450
20231101,12:49:40,144.85,50,81650
20231101,12:52:20,144.1,100,81650
20231101,12:52:25,144.05,100,81650
20231101,12:52:36,144.0,50,81650
20231101,12:53:37,144.0,200,81650
20231101,12:54:03,144.05,150,81650
20231101,12:56:55,144.3,300,81550
20231101,12:57:30,144.0,50,81500
20231101,12:58:05,144.7,50,81500
20231101,13:01:13,144.15,100,81500
20231101,13:01:46,142.0,50,81500
20231101,13:04:50,144.45,50,81550
20231101,13:05:41,142.3,50,81550
20231101,13:06:43,143.0,450,81550
20231101,13:07:32,143.55,100,81550
20231101,13:07:43,143.5,350,81550
20231101,13:11:36,140.0,150,81850
20231101,13:11:43,138.75,350,81850
20231101,13:12:22,138.75,100,81650
20231101,13:12:29,138.0,50,81650
20231101,13:13:02,137.15,50,81650
20231101,13:13:28,136.25,50,81650
20231101,13:13:34,136.0,50,81650
20231101,13:13:41,136.0,100,81650
20231101,13:16:40,136.0,100,81800
20231101,13:16:54,135.0,50,81800
20231101,13:17:01,134.55,50,81800
20231101,13:17:08,134.55,50,81800
20231101,13:17:41,134.55,100,81800
20231101,13:17:53,136.0,50,81800
20231101,13:18:05,134.6,50,81800
20231101,13:18:12,134.55,50,81650
20231101,13:18:18,134.85,50,81650
20231101,13:18:25,135.25,50,81650
20231101,13:18:31,134.7,50,81650
20231101,13:19:15,136.05,50,81650
20231101,13:19:28,136.2,50,81650
20231101,13:19:41,136.2,50,81650
20231101,13:19:54,137.0,300,81650
20231101,13:20:14,137.0,50,81650
20231101,13:20:20,149.9,1000,81650
20231101,13:22:08,137.45,100,81850
20231101,13:22:57,137.9,50,81850
20231101,13:24:51,136.0,50,81850
20231101,13:25:32,136.05,50,81850
20231101,13:30:29,139.8,50,81950
20231101,13:34:52,140.0,50,81950
20231101,13:43:00,140.0,50,82000
20231101,13:44:56,142.0,350,82000
20231101,13:47:30,142.0,100,82300
20231101,13:48:42,140.95,50,82250
20231101,13:51:01,140.95,50,82250
20231101,13:55:27,141.5,100,82300
20231101,13:56:07,140.0,200,82300
20231101,13:56:19,148.0,1000,82300
20231101,13:56:37,141.5,200,82300
20231101,13:57:16,141.0,50,82450
20231101,13:57:27,141.0,50,82450
20231101,13:57:56,141.0,200,82450
20231101,13:58:35,141.0,200,82450
20231101,13:58:41,141.0,50,82450
20231101,14:00:55,141.0,250,82300
20231101,14:01:41,141.95,100,82300
20231101,14:01:56,142.0,100,82300
20231101,14:03:26,140.65,50,82400
20231101,14:03:47,140.3,50,82400
20231101,14:05:31,140.0,50,82400
20231101,14:06:56,139.3,50,82400
20231101,14:07:40,139.7,50,82400
20231101,14:14:13,140.05,100,82450
20231101,14:14:19,139.55,50,82450
20231101,14:16:41,139.55,50,82450
20231101,14:17:29,139.1,50,82450
20231101,14:19:44,141.55,50,82400
20231101,14:19:55,142.0,300,82400
20231101,14:22:30,138.7,50,82450
20231101,14:28:11,140.4,100,82450
20231101,14:28:32,140.2,100,82450
20231101,14:29:23,140.7,100,82450
20231101,14:29:34,140.2,100,82450
20231101,14:30:33,140.55,100,82250
20231101,14:31:29,139.85,200,82250
20231101,14:31:35,139.65,50,82250
20231101,14:31:41,139.7,700,82250
20231101,14:31:47,140.15,500,82250
20231101,14:32:57,139.6,200,82250
20231101,14:33:50,139.95,100,81450
20231101,14:34:20,138.35,150,81450
20231101,14:34:43,139.3,200,81450
20231101,14:34:55,139.35,250,81450
20231101,14:35:01,139.15,250,81450
20231101,14:35:07,138.95,150,81450
20231101,14:35:30,140.25,100,81450
20231101,14:35:53,139.65,500,81450
20231101,14:38:40,138.15,350,81600
20231101,14:38:51,139.45,200,81600
20231101,14:39:19,139.65,100,81550
20231101,14:41:34,139.75,100,81550
20231101,14:42:11,140.0,200,81550
20231101,14:43:02,140.0,50,81750
20231101,14:43:07,140.0,100,81750
20231101,14:44:01,140.0,100,81750
20231101,14:44:12,139.95,150,81750
20231101,14:44:18,139.95,200,81750
20231101,14:44:23,139.95,200,81750
20231101,14:44:29,140.0,200,81750
20231101,14:44:41,140.0,400,81750
20231101,14:44:46,137.55,400,81750
20231101,14:45:30,137.55,100,81600
20231101,14:47:24,137.55,50,81600
20231101,14:47:47,138.0,50,81600
20231101,14:48:08,138.0,50,81600
20231101,14:48:57,138.0,100,81650
20231101,14:50:22,139.9,50,81650
20231101,14:50:51,138.9,100,81650
20231101,14:51:03,137.95,150,81650
20231101,14:54:17,138.35,50,81650
20231101,14:56:57,139.95,250,81700
20231101,14:57:03,139.95,200,81700
20231101,14:57:16,140.0,550,81700
20231101,14:57:22,142.0,350,82700
20231101,14:57:48,142.05,450,82700
20231101,15:00:17,140.0,1000,82700
20231101,15:00:23,140.0,50,83550
20231101,15:02:10,138.55,50,83550
20231101,15:02:28,137.9,200,83550
20231101,15:02:41,137.9,50,83550
20231101,15:03:24,136.45,150,82500
20231101,15:03:31,136.0,150,82500
20231101,15:04:28,136.0,50,82500
20231101,15:04:47,136.0,100,82500
20231101,15:05:50,136.85,100,82500
20231101,15:05:56,136.65,200,82500
20231101,15:07:52,136.25,400,82150
20231101,15:08:17,138.0,250,82150
20231101,15:10:09,137.0,200,81500
20231101,15:10:58,136.15,800,81500
20231101,15:11:47,136.0,200,81500
20231101,15:12:28,134.0,500,80900
20231101,15:12:46,134.0,200,80900
20231101,15:12:58,134.35,50,80900
20231101,15:14:10,135.0,50,80900
20231101,15:14:27,135.0,50,80900
20231101,15:15:07,137.1,50,80900
20231101,15:15:20,134.25,50,80900
20231101,15:17:10,134.3,50,81500
20231101,15:17:25,134.45,100,81500
20231101,15:17:48,135.0,50,81500
20231101,15:17:50,134.15,150,81500
20231101,15:18:46,135.0,150,81600
20231101,15:19:00,134.2,200,81600
20231101,15:19:07,134.7,50,81600
20231101,15:19:09,134.95,50,81600
20231101,15:19:18,134.7,50,81600
20231101,15:19:30,135.15,50,81600
20231101,15:19:49,134.95,100,81600
20231101,15:19:55,134.95,50,81600
20231101,15:20:01,134.95,50,81600
20231101,15:20:07,134.0,50,81600
20231101,15:20:38,135.0,300,81600
20231101,15:21:33,136.75,50,81700
20231101,15:22:03,136.75,50,81700
20231101,15:23:59,134.05,50,81700
20231101,15:24:11,135.0,200,81700
20231101,15:24:46,134.95,100,81500
20231101,15:25:04,135.0,1150,81500
20231101,15:25:27,135.0,100,81500
20231101,15:25:44,134.0,500,81500
20231101,15:25:56,134.0,50,81500
20231101,15:26:07,133.6,50,81500
20231101,15:26:19,133.6,200,81500
20231101,15:27:07,134.05,50,81500
20231101,15:27:49,134.05,50,81300
20231101,15:28:07,134.05,200,81300
20231101,15:28:48,134.85,50,81300
20231101,15:29:31,132.15,200,81300
20231102,09:15:30,159.95,1,81250
20231102,09:15:30,160.0,300,81250
20231102,09:15:37,152.2,150,81250
20231102,09:15:51,152.2,150,81250
20231102,09:16:12,161.0,200,81250
20231102,09:17:05,161.0,1000,81250
20231102,09:18:00,164.0,250,81700
20231102,09:18:13,164.95,50,81700
20231102,09:18:19,164.95,100,81700
20231102,09:18:26,164.0,900,81700
20231102,09:18:45,165.0,350,81700
20231102,09:19:04,165.0,300,81700
20231102,09:19:46,165.0,100,81700
20231102,09:19:59,166.0,250,81700
20231102,09:20:13,166.0,50,81700
20231102,09:21:17,159.25,50,82600
20231102,09:21:23,165.0,950,82600
20231102,09:21:35,164.0,200,82600
20231102,09:21:46,159.2,50,82600
20231102,09:21:52,165.0,150,82600
20231102,09:22:05,165.95,50,82600
20231102,09:22:11,165.0,50,82600
20231102,09:22:18,166.0,150,82600
20231102,09:22:25,167.5,50,82600
20231102,09:22:32,168.0,200,82600
20231102,09:22:44,168.0,50,82600
20231102,09:22:58,170.0,450,82600
20231102,09:24:18,170.0,50,84350
20231102,09:25:10,163.0,100,84350
20231102,09:25:51,163.05,50,84350
20231102,09:26:10,165.4,350,84350
20231102,09:26:16,165.5,100,84350
20231102,09:26:43,164.8,50,84600
20231102,09:27:11,166.0,100,84600
20231102,09:27:31,166.7,50,84600
20231102,09:27:44,164.35,50,84600
20231102,09:28:16,164.75,100,84600
20231102,09:28:41,164.0,100,84600
20231102,09:29:00,165.95,50,84600
20231102,09:29:06,165.0,50,84600
20231102,09:29:19,166.2,200,84600
20231102,09:30:15,165.0,50,84600
20231102,09:30:35,165.0,100,84800
20231102,09:30:41,165.0,50,84800
20231102,09:31:27,165.15,100,84800
20231102,09:31:41,165.9,200,84800
20231102,09:32:19,166.5,50,84800
20231102,09:32:51,166.7,150,85050
20231102,09:32:57,166.5,50,85050
20231102,09:33:29,165.05,150,85050
20231102,09:33:48,167.45,200,85050
20231102,09:34:31,163.45,150,85050
20231102,09:37:48,164.05,50,84850
20231102,09:38:01,166.0,200,84850
20231102,09:38:08,166.8,200,84850
20231102,09:38:15,168.0,400,84850
20231102,09:38:49,168.0,100,85600
20231102,09:38:55,168.0,100,85600
20231102,09:39:01,167.4,100,85600
20231102,09:39:26,167.8,100,85600
20231102,09:39:46,168.0,50,85600
20231102,09:40:06,169.0,150,85600
20231102,09:40:33,168.2,100,85600
20231102,09:40:46,169.0,50,85600
20231102,09:41:24,169.0,150,85600
20231102,09:41:37,169.0,150,86150
20231102,09:41:49,169.0,200,86150
20231102,09:42:08,169.0,50,86150
20231102,09:43:04,168.6,250,86150
20231102,09:43:54,168.0,700,86150
20231102,09:45:23,168.15,100,86900
20231102,09:46:27,167.3,50,86900
20231102,09:46:34,166.4,50,86900
20231102,09:46:41,168.45,50,86900
20231102,09:48:09,165.7,100,87000
20231102,09:48:35,166.65,200,87000
20231102,09:51:19,165.25,150,87000
20231102,09:52:27,165.0,200,87000
20231102,09:53:49,140.1,2100,86900
20231102,09:53:56,164.2,250,86900
20231102,09:54:03,165.55,100,86900
20231102,09:58:23,162.05,200,86500
20231102,09:58:29,162.0,150,86500
20231102,09:59:01,159.95,100,86500
20231102,09:59:07,159.95,100,86500
20231102,09:59:14,159.0,100,86500
20231102,09:59:20,160.0,50,86500
20231102,10:00:26,160.0,50,86400
20231102,10:01:20,159.0,900,86400
20231102,10:01:56,160.65,50,86400
20231102,10:02:50,160.95,50,87200
20231102,10:06:34,161.7,250,87200
20231102,10:07:15,161.0,50,87200
20231102,10:08:13,162.0,650,87200
20231102,10:08:19,163.1,100,87200
20231102,10:09:42,164.05,250,88200
20231102,10:09:48,164.0,250,88200
20231102,10:09:54,164.0,200,88200
20231102,10:11:44,163.0,50,87750
20231102,10:12:12,158.15,50,87750
20231102,10:16:22,155.0,400,87750
20231102,10:20:08,158.0,50,87900
20231102,10:21:47,156.05,50,87900
20231102,10:23:14,157.25,50,87900
20231102,10:26:45,154.65,50,87950
20231102,10:34:31,157.05,50,88000
20231102,10:35:45,154.6,1200,87950
20231102,10:36:22,154.15,150,87950
20231102,10:40:29,155.5,50,87900
20231102,10:40:30,155.5,100,87900
20231102,10:41:52,154.2,50,87900
20231102,10:42:12,155.5,150,87900
20231102,10:44:08,155.85,950,87900
20231102,10:44:50,154.15,100,88850
20231102,10:46:01,156.75,50,88850
20231102,10:47:43,155.4,50,88900
20231102,10:48:17,155.4,100,88900
20231102,10:48:27,156.0,100,88900
20231102,10:50:33,155.5,50,88900
20231102,10:51:36,155.5,50,88850
20231102,10:54:11,154.6,50,88800
20231102,10:55:43,153.0,50,88800
20231102,10:55:49,152.5,150,88800
20231102,10:56:20,152.0,50,88800
20231102,10:56:40,152.85,50,88800
20231102,10:56:59,152.65,50,88750
20231102,10:59:17,153.0,50,88750
20231102,11:01:45,153.0,100,88850
20231102,11:02:01,152.95,50,88850
20231102,11:03:42,153.35,50,88950
20231102,11:03:52,153.05,100,88950
20231102,11:04:07,153.0,50,88950
20231102,11:04:13,153.0,50,88950
20231102,11:06:26,155.0,450,89100
20231102,11:06:37,155.0,50,89100
20231102,11:06:42,155.0,100,89100
20231102,11:06:58,155.0,300,89100
20231102,11:07:29,155.35,50,89100
20231102,11:07:40,155.05,50,89100
20231102,11:08:00,155.0,50,89100
20231102,11:09:00,157.75,250,89550
20231102,11:11:52,157.05,50,89550
20231102,11:12:52,155.6,50,89550
20231102,11:17:21,156.0,750,89600
20231102,11:17:45,157.0,300,90350
20231102,11:20:51,156.3,50,90650
20231102,11:21:13,156.65,50,90650
20231102,11:21:26,156.65,50,90650
20231102,11:21:30,153.55,50,90650
20231102,11:26:59,154.0,750,90550
20231102,11:27:48,154.5,50,90550
20231102,11:27:55,154.05,100,90550
20231102,11:27:56,154.0,100,90550
20231102,11:28:09,154.4,50,90550
20231102,11:28:40,154.95,100,90550
20231102,11:28:45,155.05,250,90550
20231102,11:29:25,154.0,100,90550
20231102,11:30:15,153.3,50,91150
20231102,11:30:44,155.85,50,91150
20231102,11:30:58,155.55,50,91150
20231102,11:33:19,153.5,50,91200
20231102,11:33:29,153.3,50,91200
20231102,11:34:38,153.35,50,91200
20231102,11:35:17,153.0,1100,91200
20231102,11:36:47,152.05,50,91250
20231102,11:37:05,152.0,1800,91250
20231102,11:37:29,152.25,50,91250
20231102,11:37:47,152.9,50,91250
20231102,11:39:05,153.0,50,91300
20231102,11:39:10,153.05,50,91300
20231102,11:40:02,153.05,50,91300
20231102,11:40:18,153.0,450,91300
20231102,11:40:28,151.45,50,91300
20231102,11:41:08,153.75,50,91300
20231102,11:42:57,149.45,450,91350
20231102,11:44:28,148.45,100,91350
20231102,11:44:45,147.95,50,91350
20231102,11:45:02,147.5,50,91150
20231102,11:45:08,147.0,50,91150
20231102,11:45:14,147.0,950,91150
20231102,11:46:09,147.15,50,91150
20231102,11:47:09,147.05,50,91150
20231102,11:47:31,150.25,50,91150
20231102,11:47:37,150.15,50,91150
20231102,11:49:53,147.0,150,92150
20231102,11:50:00,148.1,50,92150
20231102,11:50:34,149.2,50,92150
20231102,11:50:53,147.1,50,92150
20231102,11:51:10,146.15,50,91950
20231102,11:51:22,148.55,50,91950
20231102,11:51:39,146.05,100,91950
20231102,11:52:08,146.05,50,91950
20231102,11:52:47,146.05,50,91950
20231102,11:53:55,146.1,50,92050
20231102,11:54:13,146.0,100,92050
20231102,11:54:45,146.0,100,92050
20231102,11:55:41,144.5,250,92050
20231102,11:56:00,146.1,200,92050
20231102,11:56:06,146.1,150,92050
20231102,11:56:12,145.95,300,92050
20231102,11:56:30,148.55,250,92050
20231102,12:00:00,148.05,200,92700
20231102,12:00:12,148.0,250,92700
20231102,12:01:29,146.55,50,92700
20231102,12:02:15,147.9,50,92700
20231102,12:02:21,146.25,50,92700
20231102,12:02:32,149.0,50,92700
20231102,12:06:14,148.15,50,92700
20231102,12:08:42,146.0,50,92700
20231102,12:10:56,146.0,50,92650
20231102,12:11:57,146.45,100,92600
20231102,12:12:16,146.5,50,92600
20231102,12:13:42,146.35,50,92600
20231102,12:14:07,148.95,100,92600
20231102,12:14:45,146.3,50,92600
20231102,12:15:27,146.0,200,92650
20231102,12:18:05,146.0,250,92850
20231102,12:18:39,147.1,50,92850
20231102,12:20:49,149.15,750,92850
20231102,12:21:00,149.15,150,93100
20231102,12:21:17,148.85,50,93100
20231102,12:25:02,152.2,50,93100
20231102,12:25:47,152.5,1550,93100
20231102,12:26:42,152.95,200,93100
20231102,12:26:53,152.95,50,93100
20231102,12:29:38,152.0,100,93050
20231102,12:32:54,151.0,200,93000
20231102,12:36:39,149.4,250,93000
20231102,12:38:02,148.5,200,93000
20231102,12:38:07,149.0,100,93000
20231102,12:38:37,148.5,50,93000
20231102,12:38:47,149.0,50,93000
20231102,12:40:17,149.4,150,93150
20231102,12:40:56,150.0,50,93150
20231102,12:41:13,152.95,150,93150
20231102,12:41:26,153.0,100,93150
20231102,12:41:32,153.0,50,93150
20231102,12:42:04,153.55,150,93400
20231102,12:42:10,154.0,100,93400
20231102,12:42:34,153.05,150,93400
20231102,12:42:46,153.0,50,93400
20231102,12:44:15,153.0,550,93400
20231102,12:44:20,153.0,1000,93400
20231102,12:44:30,153.0,1400,93400
20231102,12:45:45,153.0,150,96300
20231102,12:48:00,154.15,300,96450
20231102,12:48:05,154.15,450,96450
20231102,12:48:10,154.15,500,96450
20231102,12:49:56,153.35,150,96450
20231102,12:50:23,153.35,100,96450
20231102,12:51:20,153.35,750,96750
20231102,12:53:28,154.0,150,96750
20231102,12:53:33,154.0,300,96750
20231102,12:56:54,154.05,50,96400
20231102,12:57:51,155.6,450,96450
20231102,12:57:57,155.45,150,96450
20231102,13:00:34,155.6,200,96450
20231102,13:00:57,155.55,200,96450
20231102,13:01:18,155.5,400,96450
20231102,13:01:33,167.95,1800,96450
20231102,13:01:43,156.25,600,96450
20231102,13:01:49,156.4,50,96450
20231102,13:02:01,155.85,400,96450
20231102,13:02:20,156.15,650,96450
20231102,13:02:38,156.5,600,96450
20231102,13:03:00,156.05,50,96950
20231102,13:03:18,156.5,1800,96950
20231102,13:04:05,156.0,1200,96950
20231102,13:08:51,150.25,1350,96900
20231102,13:09:06,153.85,50,96750
20231102,13:09:11,153.65,100,96750
20231102,13:09:16,153.15,400,96750
20231102,13:09:21,153.15,100,96750
20231102,13:09:26,153.15,50,96750
20231102,13:09:31,153.25,100,96750
20231102,13:09:50,153.2,50,96750
20231102,13:11:44,153.15,200,96750
20231102,13:14:56,155.2,200,97100
20231102,13:15:10,156.2,150,97100
20231102,13:20:09,155.3,50,97100
20231102,13:22:11,155.05,200,97100
20231102,13:24:13,154.5,200,97300
20231102,13:25:39,155.05,100,97300
20231102,13:26:01,155.7,50,97300
20231102,13:26:13,155.75,100,97300
20231102,13:27:23,155.1,150,97350
20231102,13:29:48,151.5,50,97350
20231102,13:30:45,153.0,50,97300
20231102,13:31:57,153.0,200,97300
20231102,13:32:49,155.4,200,97300
20231102,13:38:55,154.0,50,97550
20231102,13:42:13,155.35,100,97600
20231102,13:45:56,155.0,50,97500
20231102,13:47:43,155.05,50,97500
20231102,13:49:09,156.3,100,97600
20231102,13:51:45,161.95,50,97600
20231102,13:52:20,161.95,100,97600
20231102,13:52:26,161.95,50,97600
20231102,13:53:16,160.15,50,97600
20231102,13:54:13,162.0,700,97650
20231102,13:54:19,162.15,400,97650
20231102,13:54:38,163.0,500,97650
20231102,13:56:24,165.65,200,97650
20231102,13:56:42,164.05,50,97650
20231102,13:56:47,164.05,100,97650
20231102,14:01:56,162.5,200,97950
20231102,14:03:25,160.3,500,97950
20231102,14:05:33,160.4,50,97950
20231102,14:05:52,160.4,100,97950
20231102,14:12:30,163.2,50,98050
20231102,14:12:41,163.0,100,98050
20231102,14:12:57,162.05,50,98050
20231102,14:13:03,160.65,50,98050
20231102,14:13:10,160.55,50,98050
20231102,14:14:26,160.7,250,98050
20231102,14:15:22,160.6,50,98250
20231102,14:16:37,158.5,500,98250
20231102,14:17:58,162.6,50,98250
20231102,14:21:24,162.6,500,98600
20231102,14:21:31,162.6,50,98600
20231102,14:21:36,160.8,50,98600
20231102,14:23:31,160.45,200,98600
20231102,14:23:37,161.55,100,98600
20231102,14:24:49,161.55,200,98400
20231102,14:26:36,161.5,50,98400
20231102,14:29:57,157.8,50,98650
20231102,14:30:31,158.7,100,98700
20231102,14:32:28,158.7,50,98700
20231102,14:40:38,160.0,50,98750
20231102,14:40:48,159.3,650,98750
20231102,14:41:36,160.0,950,98750
20231102,14:42:11,161.0,50,99750
20231102,14:44:09,159.4,200,99750
20231102,14:47:45,159.9,200,99800
20231102,14:52:10,160.4,800,100000
20231102,14:52:16,160.4,50,100000
20231102,14:52:23,161.9,300,100000
20231102,14:53:57,162.0,400,100000
20231102,14:59:08,161.0,1100,101000
20231102,14:59:16,162.45,250,101000
20231102,15:00:25,164.0,100,102350
20231102,15:00:45,164.0,100,102350
20231102,15:01:10,164.1,50,102350
20231102,15:01:50,164.2,50,102350
20231102,15:02:04,165.0,400,102350
20231102,15:02:55,165.7,50,102350
20231102,15:03:07,166.0,100,102350
20231102,15:03:37,165.15,50,102650
20231102,15:04:06,165.1,100,102650
20231102,15:04:55,165.6,50,102650
20231102,15:05:07,164.8,50,102650
20231102,15:05:26,165.75,50,102650
20231102,15:05:44,163.9,50,102650
20231102,15:07:02,164.05,50,102850
20231102,15:08:03,166.05,450,102850
20231102,15:08:45,163.0,1000,102850
20231102,15:09:03,168.85,550,102850
20231102,15:09:08,164.05,50,102850
20231102,15:10:06,165.6,200,104050
20231102,15:10:41,163.3,50,104050
20231102,15:12:29,165.0,50,104150
20231102,15:12:57,165.95,100,104150
20231102,15:14:40,165.5,50,104150
20231102,15:15:08,163.4,400,104150
20231102,15:16:51,163.4,50,103800
20231102,15:17:08,164.4,200,103800
20231102,15:17:31,164.4,150,103800
20231102,15:17:42,163.45,50,103800
20231102,15:19:12,163.45,50,103800
20231102,15:20:03,163.8,50,103800
20231102,15:21:08,164.0,800,103800
20231102,15:21:32,164.45,50,104200
20231102,15:21:43,164.8,200,104200
20231102,15:22:46,164.8,150,104200
20231102,15:23:52,165.65,50,104200
20231102,15:24:03,165.9,50,104200
20231102,15:24:22,166.0,50,104550
20231102,15:24:40,166.35,50,104550
20231102,15:24:47,166.0,350,104550
20231102,15:26:20,167.35,150,104550
20231102,15:26:41,168.0,50,104550
20231102,15:26:54,168.15,50,104550
20231102,15:27:01,168.45,200,104550
20231102,15:27:08,168.5,2150,104550
20231102,15:27:39,169.0,250,107050
20231102,15:27:52,168.25,100,107050
20231102,15:28:05,169.8,50,107050
20231102,15:28:25,169.8,50,107050
20231102,15:28:50,170.0,550,107050
20231102,15:29:03,170.05,200,107050
20231102,15:29:17,170.05,50,107050
20231102,15:29:24,171.0,100,107050
20231102,15:29:43,171.0,100,107050
20231103,09:15:25,190.65,1,106100
20231103,09:15:25,190.65,50,106100
20231103,09:15:31,193.25,400,106100
20231103,09:15:36,184.0,100,106100
20231103,09:15:47,185.4,50,106100
20231103,09:16:03,189.8,100,106100
20231103,09:16:09,189.8,700,106100
20231103,09:16:15,190.0,600,106100
20231103,09:16:26,190.0,500,106100
20231103,09:16:37,188.0,50,106100
20231103,09:16:43,187.45,50,106100
20231103,09:17:28,188.75,50,107650
20231103,09:17:45,189.9,600,107650
20231103,09:17:50,190.0,6400,107650
20231103,09:18:02,190.0,50,107650
20231103,09:18:08,192.0,250,107650
20231103,09:18:47,195.0,50,107650
20231103,09:19:14,195.0,1200,107650
20231103,09:19:33,192.25,200,107650
20231103,09:21:54,192.0,200,108600
20231103,09:22:13,193.5,700,108600
20231103,09:22:56,193.5,100,108600
20231103,09:25:07,190.05,250,109200
20231103,09:25:57,187.3,50,109200
20231103,09:26:53,189.95,50,109400
20231103,09:28:08,190.05,100,109400
20231103,09:28:46,190.55,300,109400
20231103,09:29:54,190.0,50,109400
20231103,09:30:06,189.0,50,109400
20231103,09:30:18,189.3,200,109400
20231103,09:30:25,191.0,50,109400
20231103,09:30:37,191.0,50,109400
20231103,09:30:49,192.0,250,109400
20231103,09:30:55,192.0,50,109400
20231103,09:31:20,192.5,100,109400
20231103,09:31:39,193.5,50,109400
20231103,09:31:51,195.0,100,109400
20231103,09:31:58,195.0,100,109400
20231103,09:33:00,194.95,50,109750
20231103,09:33:37,195.0,200,109750
20231103,09:33:43,193.0,400,109750
20231103,09:34:32,194.0,50,109750
20231103,09:34:56,192.3,100,109750
20231103,09:36:55,191.0,50,109150
20231103,09:37:31,191.25,100,109150
20231103,09:37:37,191.05,200,109150
20231103,09:37:43,191.05,100,109150
20231103,09:38:54,192.3,50,108850
20231103,09:39:41,193.9,50,108850
20231103,09:39:47,194.0,50,108850
20231103,09:40:05,195.0,50,108850
20231103,09:40:11,193.95,200,108850
20231103,09:40:17,194.0,150,108850
20231103,09:40:35,193.5,50,108850
20231103,09:40:41,194.0,50,108850
20231103,09:41:10,192.9,50,108850
20231103,09:41:27,192.05,50,109050
20231103,09:41:56,192.3,50,109050
20231103,09:42:08,193.0,700,109050
20231103,09:44:32,190.5,50,108400
20231103,09:45:06,190.5,100,108400
20231103,09:45:28,190.95,200,108400
20231103,09:45:34,190.8,200,108400
20231103,09:45:40,190.2,50,108400
20231103,09:46:02,190.2,50,108400
20231103,09:46:14,191.0,1800,108400
20231103,09:47:04,191.0,150,108400
20231103,09:47:10,190.0,400,108400
20231103,09:47:23,189.0,100,108400
20231103,09:47:48,190.6,150,109700
20231103,09:48:36,188.0,50,109700
20231103,09:48:49,188.05,50,109700
20231103,09:49:38,188.0,50,109700
20231103,09:50:43,188.7,50,109450
20231103,09:50:55,187.0,200,109450
20231103,09:51:25,187.05,150,109450
20231103,09:51:44,185.25,150,109450
20231103,09:52:28,185.25,100,109450
20231103,09:53:08,187.0,50,109450
20231103,09:53:26,188.0,50,109450
20231103,09:54:28,191.0,300,109500
20231103,09:55:35,190.0,100,109500
20231103,09:56:25,190.05,50,109500
20231103,09:56:30,191.0,100,109550
20231103,09:57:36,191.0,50,109550
20231103,09:57:41,189.45,50,109550
20231103,10:00:22,189.45,50,109600
20231103,10:01:39,191.8,50,109600
20231103,10:01:49,191.7,50,109600
20231103,10:02:57,191.65,50,109600
20231103,10:03:20,191.65,50,109600
20231103,10:03:37,192.5,200,109600
20231103,10:04:28,192.5,50,109600
20231103,10:05:23,191.1,50,109600
20231103,10:05:39,183.85,1050,109700
20231103,10:05:56,183.85,50,109700
20231103,10:07:17,190.0,50,109700
20231103,10:08:42,191.0,150,109200
20231103,10:09:22,191.15,50,109200
20231103,10:09:34,192.5,150,109200
20231103,10:09:51,192.5,50,109200
20231103,10:20:45,190.5,100,109400
20231103,10:21:08,190.9,100,109400
20231103,10:21:58,190.9,100,109400
20231103,10:23:05,191.0,350,109400
20231103,10:32:01,183.5,150,109200
20231103,10:33:18,183.5,100,109350
20231103,10:34:24,184.5,50,109350
20231103,10:36:27,185.0,50,109400
20231103,10:36:52,186.0,300,109400
20231103,10:37:55,186.55,150,109400
20231103,10:38:11,185.0,50,109400
20231103,10:41:00,182.7,100,109650
20231103,10:41:05,182.7,700,109650
20231103,10:41:10,182.5,1400,109650
20231103,10:42:00,182.0,50,111600
20231103,10:42:04,182.0,900,111600
20231103,10:44:56,183.65,150,112450
20231103,10:45:30,184.0,50,112450
20231103,10:50:45,185.3,50,112300
20231103,10:53:30,186.0,350,112300
20231103,10:53:31,186.0,150,112300
20231103,10:55:21,184.0,100,112350
20231103,10:56:24,184.0,100,112350
20231103,10:58:24,185.95,1200,112550
20231103,10:58:30,186.0,150,112550
20231103,11:01:15,187.0,50,112600
20231103,11:01:46,186.4,100,112600
20231103,11:05:08,187.0,100,112700
20231103,11:05:25,187.0,350,112700
20231103,11:05:31,187.0,550,112700
20231103,11:12:54,186.0,100,112750
20231103,11:14:37,186.0,200,112750
20231103,11:20:34,183.0,500,112800
20231103,11:20:39,183.0,500,112800
20231103,11:20:49,181.0,1350,112800
20231103,11:21:20,181.0,100,112800
20231103,11:24:58,183.25,100,112650
20231103,11:25:08,185.0,250,112650
20231103,11:27:32,184.9,50,112750
20231103,11:29:17,182.05,50,112750
20231103,11:30:00,182.25,400,112800
20231103,11:31:03,180.75,100,112800
20231103,11:31:11,180.75,100,112800
20231103,11:32:15,181.95,150,112800
20231103,11:32:21,182.0,100,112800
20231103,11:33:15,182.05,50,113000
20231103,11:34:50,184.0,50,113000
20231103,11:36:36,183.75,50,113000
20231103,11:38:28,185.65,200,113000
20231103,11:42:15,185.05,50,113050
20231103,11:43:18,183.15,50,113050
20231103,11:46:33,181.95,250,113050
20231103,11:46:43,182.0,700,113050
20231103,11:46:53,182.0,1150,113050
20231103,11:48:36,182.75,200,115000
20231103,11:49:20,182.7,50,115000
20231103,11:49:33,182.0,50,115000
20231103,11:50:03,180.5,50,115000
20231103,11:50:28,180.5,350,115000
20231103,11:50:40,181.0,50,115000
20231103,11:50:44,179.95,2200,115350
20231103,11:50:49,178.9,150,115350
20231103,11:50:53,178.9,50,115350
20231103,11:51:18,180.0,50,115350
20231103,11:51:23,180.4,600,115350
20231103,11:51:42,180.0,50,115350
20231103,11:53:34,177.0,1600,115350
20231103,11:53:39,177.0,1500,115350
20231103,11:54:08,177.0,400,120600
20231103,11:54:18,179.75,200,120600
20231103,11:54:57,180.05,700,120600
20231103,11:55:20,179.75,50,120600
20231103,11:56:07,180.7,300,120600
20231103,11:56:36,180.0,50,120600
20231103,11:57:46,180.05,400,121350
20231103,11:58:04,180.0,50,121350
20231103,11:59:50,179.0,50,121350
20231103,12:01:12,179.0,50,121350
20231103,12:01:51,178.0,500,121350
20231103,12:02:25,177.2,500,121350
20231103,12:05:33,180.4,50,122200
20231103,12:06:32,180.95,100,122200
20231103,12:07:01,180.05,150,122200
20231103,12:07:06,180.0,100,122200
20231103,12:07:11,179.95,400,122200
20231103,12:07:31,180.9,50,122200
20231103,12:09:00,180.95,50,122150
20231103,12:10:26,180.55,50,122150
20231103,12:10:46,180.5,100,122150
20231103,12:11:04,180.1,50,122150
20231103,12:13:19,180.1,50,122150
20231103,12:15:24,181.0,100,122200
20231103,12:18:00,181.0,50,122250
20231103,12:20:09,182.65,150,122250
20231103,12:21:22,181.7,250,122250
20231103,12:24:14,179.3,200,122400
20231103,12:25:10,180.3,250,122400
20231103,12:26:00,179.8,500,122400
20231103,12:26:04,179.85,1000,122400
20231103,12:27:06,182.0,250,124050
20231103,12:27:56,181.6,50,124050
20231103,12:29:04,182.05,100,124050
20231103,12:29:26,182.0,100,124050
20231103,12:29:31,182.0,200,124050
20231103,12:31:21,181.0,500,124050
20231103,12:32:17,181.0,400,124050
20231103,12:32:22,181.95,100,124050
20231103,12:32:59,181.55,50,124050
20231103,12:33:04,181.65,50,124050
20231103,12:34:16,182.0,500,124050
20231103,12:34:25,182.0,400,124050
20231103,12:35:54,183.55,50,125050
20231103,12:36:30,183.55,50,125050
20231103,12:37:25,181.4,500,125050
20231103,12:39:01,181.8,700,125450
20231103,12:39:05,181.8,1000,125450
20231103,12:40:35,185.0,300,125450
20231103,12:41:00,187.7,300,125450
20231103,12:42:37,184.15,500,126600
20231103,12:44:07,183.0,300,126600
20231103,12:44:37,183.1,1400,126600
20231103,12:44:46,183.0,1000,126600
20231103,12:45:15,184.7,100,129150
20231103,12:45:16,184.8,250,129150
20231103,12:45:52,187.15,700,129150
20231103,12:52:30,185.4,50,129300
20231103,12:59:48,185.7,300,129300
20231103,12:59:57,186.35,450,129450
20231103,13:01:35,186.35,100,129450
20231103,13:02:15,183.85,50,129450
20231103,13:06:41,184.5,200,129400
20231103,13:09:04,182.65,50,129400
20231103,13:09:28,185.95,100,129400
20231103,13:11:26,186.35,200,129400
20231103,13:13:37,185.55,50,129500
20231103,13:14:18,182.7,50,129500
20231103,13:20:33,185.4,100,129450
20231103,13:21:05,185.85,100,129500
20231103,13:25:00,185.85,50,129500
20231103,13:27:51,186.35,50,129500
20231103,13:28:34,186.4,50,129500
20231103,13:28:40,186.4,100,129500
20231103,13:29:41,186.4,50,129500
20231103,13:30:02,186.35,600,129450
20231103,13:35:03,187.2,350,129450
20231103,13:35:08,187.5,550,129450
20231103,13:36:51,187.4,50,129600
20231103,13:39:27,187.55,50,129600
20231103,13:47:41,184.8,50,129600
20231103,13:49:24,184.8,300,129650
20231103,13:51:11,186.0,100,129650
20231103,13:53:43,184.9,50,129650
20231103,13:54:45,185.0,100,129550
20231103,13:59:26,184.9,250,129650
20231103,14:00:33,184.9,600,129400
20231103,14:04:00,186.0,250,128800
20231103,14:10:58,186.0,500,129050
20231103,14:12:53,186.0,100,129050
20231103,14:14:19,185.0,50,129050
20231103,14:14:53,185.0,50,129050
20231103,14:15:39,185.0,100,129150
20231103,14:15:53,185.2,50,129150
20231103,14:19:17,186.0,100,129200
20231103,14:22:50,187.25,50,129250
20231103,14:27:28,185.7,50,129300
20231103,14:29:40,188.0,50,129300
20231103,14:35:58,184.9,1550,129350
20231103,14:37:32,184.9,150,128500
20231103,14:37:43,186.4,150,128500
20231103,14:39:31,185.25,50,128700
20231103,14:39:53,184.0,50,128700
20231103,14:40:52,182.4,150,128700
20231103,14:41:56,180.3,100,128700
20231103,14:45:49,180.0,50,128700
20231103,14:47:21,180.3,150,128700
20231103,14:48:18,176.3,50,128550
20231103,14:48:24,176.3,50,128550
20231103,14:49:53,178.25,100,128550
20231103,14:50:05,180.55,200,128550
20231103,14:52:41,177.05,100,128650
20231103,14:52:48,176.0,150,128650
20231103,14:52:55,176.0,50,128650
20231103,14:53:08,176.95,50,128650
20231103,14:53:57,176.4,150,128650
20231103,14:55:39,177.95,200,128600
20231103,14:56:25,178.7,200,128600
20231103,14:59:05,180.2,150,128950
20231103,15:00:04,182.0,50,128950
20231103,15:01:13,184.1,200,129100
20231103,15:01:19,184.5,50,129100
20231103,15:01:37,184.5,50,129100
20231103,15:01:54,183.0,100,129100
20231103,15:02:46,183.65,50,129100
20231103,15:03:10,180.55,50,129100
20231103,15:04:22,182.0,50,128950
20231103,15:04:57,180.55,200,128950
20231103,15:05:33,180.6,50,128950
20231103,15:07:27,178.0,50,128950
20231103,15:09:00,180.75,50,128950
20231103,15:10:15,180.0,50,129000
20231103,15:13:49,180.0,100,129050
20231103,15:16:11,181.0,200,129150
20231103,15:18:33,178.6,200,129200
20231103,15:18:50,179.5,150,129200
20231103,15:18:56,179.0,50,129200
20231103,15:22:19,180.05,50,129450
20231103,15:23:30,181.0,600,129450
20231103,15:23:41,181.65,100,129450
20231103,15:25:42,181.05,50,129550
20231103,15:25:54,181.5,50,129550
20231103,15:27:09,180.05,50,129550
20231103,15:27:44,179.6,50,129600
20231103,15:28:08,180.0,50,129600
20231103,15:29:35,177.95,100,129600
20231103,15:29:48,177.85,550,129600
20231106,09:15:07,205.85,1,129600
20231106,09:15:07,205.85,50,129600
20231106,09:15:25,201.15,50,129600
20231106,09:15:40,201.15,100,129600
20231106,09:15:45,201.15,350,129600
20231106,09:15:50,205.0,200,129600
20231106,09:16:10,205.0,250,129600
20231106,09:16:19,205.0,50,129600
20231106,09:17:08,205.0,50,129600
20231106,09:17:13,210.0,300,129600
20231106,09:17:25,210.0,50,130000
20231106,09:17:41,208.9,100,130000
20231106,09:17:52,209.0,200,130000
20231106,09:18:07,209.0,100,130000
20231106,09:18:12,205.05,150,130000
20231106,09:18:44,204.65,400,130000
20231106,09:19:56,205.25,50,130000
20231106,09:20:12,213.4,750,130000
20231106,09:20:21,214.95,50,130000
20231106,09:20:30,215.6,400,129950
20231106,09:20:50,214.95,50,129950
20231106,09:20:58,210.95,150,129950
20231106,09:23:12,215.2,100,129950
20231106,09:23:46,218.0,1550,129800
20231106,09:25:01,216.65,50,129800
20231106,09:25:18,215.8,50,129800
20231106,09:26:01,213.9,50,129800
20231106,09:27:09,214.95,50,131200
20231106,09:27:43,211.6,200,131200
20231106,09:27:52,211.55,50,131200
20231106,09:28:01,212.6,250,131200
20231106,09:28:10,213.95,50,131200
20231106,09:28:18,214.0,250,131200
20231106,09:29:07,214.35,250,131200
20231106,09:29:23,212.5,50,131200
20231106,09:29:40,214.3,50,131400
20231106,09:29:49,213.9,550,131400
20231106,09:29:57,212.6,400,131400
20231106,09:30:23,214.35,50,131400
20231106,09:30:31,215.0,2050,131400
20231106,09:31:11,212.45,150,131400
20231106,09:32:16,213.0,50,131400
20231106,09:33:01,211.0,50,131450
20231106,09:33:15,212.0,150,131450
20231106,09:33:29,209.4,50,131450
20231106,09:33:32,209.2,50,131450
20231106,09:33:33,211.95,50,131450
20231106,09:33:48,209.65,100,131450
20231106,09:34:36,211.95,200,131450
20231106,09:35:47,212.0,150,131650
20231106,09:35:55,211.95,50,131650
20231106,09:36:45,211.0,400,131650
20231106,09:37:34,210.7,50,131650
20231106,09:37:42,212.0,1500,131650
20231106,09:38:34,212.0,50,131650
20231106,09:39:27,213.8,150,131650
20231106,09:40:29,212.1,50,131650
20231106,09:42:19,210.4,50,131650
20231106,09:43:54,212.95,50,131650
20231106,09:43:55,209.3,100,131650
20231106,09:44:54,211.0,50,131750
20231106,09:45:10,209.0,300,131750
20231106,09:47:06,209.5,50,131750
20231106,09:48:10,212.95,200,131650
20231106,09:49:14,209.1,200,131650
20231106,09:51:01,209.45,50,131550
20231106,09:51:49,208.7,100,131550
20231106,09:53:54,209.0,100,131550
20231106,09:56:59,212.3,50,131550
20231106,09:57:01,212.4,50,131650
20231106,09:58:21,212.8,50,131650
20231106,09:59:23,212.65,50,131650
20231106,10:00:30,219.7,500,131550
20231106,10:00:31,219.7,150,131550
20231106,10:00:50,214.85,50,131550
20231106,10:00:52,214.35,150,131550
20231106,10:00:55,214.3,50,131550
20231106,10:01:05,214.1,250,131550
20231106,10:01:23,214.6,50,131550
20231106,10:01:33,214.2,50,131550
20231106,10:02:23,209.05,500,131550
20231106,10:03:00,212.05,50,131500
20231106,10:03:35,212.05,300,131500
20231106,10:05:26,213.55,50,131500
20231106,10:09:20,212.15,50,131600
20231106,10:14:44,214.6,50,131550
20231106,10:15:08,215.1,250,131550
20231106,10:15:26,218.0,450,131550
20231106,10:15:53,218.85,150,131550
20231106,10:16:03,219.15,800,131550
20231106,10:16:12,220.0,50,131550
20231106,10:16:21,220.0,100,131550
20231106,10:16:29,220.0,50,131550
20231106,10:16:55,219.5,50,131550
20231106,10:17:28,220.0,50,131550
20231106,10:19:07,216.5,200,132500
20231106,10:20:31,220.0,450,132500
20231106,10:20:40,222.55,150,132600
20231106,10:22:15,222.55,50,132600
20231106,10:22:23,222.0,50,132600
20231106,10:22:49,220.0,50,132600
20231106,10:25:07,222.8,50,132550
20231106,10:25:24,222.8,300,132550
20231106,10:26:36,222.5,1000,132550
20231106,10:27:14,220.0,50,132350
20231106,10:27:29,221.6,100,132350
20231106,10:27:52,222.85,50,132350
20231106,10:28:00,222.85,100,132350
20231106,10:30:31,220.5,50,132300
20231106,10:30:48,220.0,400,132300
20231106,10:31:12,217.5,300,132300
20231106,10:32:28,217.15,100,132300
20231106,10:32:30,217.15,50,132300
20231106,10:32:42,217.15,100,132300
20231106,10:33:57,215.25,150,132550
20231106,10:34:32,215.55,50,132550
20231106,10:39:06,214.25,50,132500
20231106,10:43:37,214.35,50,132500
20231106,10:43:50,214.6,350,132500
20231106,10:44:12,214.2,50,132500
20231106,10:46:50,212.45,50,132500
20231106,10:48:22,212.1,100,132650
20231106,10:50:12,212.0,50,132650
20231106,10:51:19,209.3,250,132600
20231106,10:51:27,212.85,150,132600
20231106,10:54:50,212.55,50,132350
20231106,10:55:30,209.25,100,132350
20231106,11:01:50,210.0,700,132250
20231106,11:02:00,206.6,300,132250
20231106,11:02:11,205.0,150,132250
20231106,11:02:48,205.05,150,132050
20231106,11:03:17,206.55,150,132050
20231106,11:03:34,206.55,150,132050
20231106,11:04:17,207.3,50,132050
20231106,11:04:35,205.0,100,132050
20231106,11:05:55,203.85,100,132450
20231106,11:06:04,200.0,50,132450
20231106,11:09:16,200.0,50,132450
20231106,11:13:28,207.0,100,132500
20231106,11:14:27,209.25,200,132500
20231106,11:14:52,209.0,100,132400
20231106,11:18:09,207.1,50,132350
20231106,11:19:18,208.0,50,132350
20231106,11:20:38,211.1,300,132350
20231106,11:25:25,206.5,1000,132150
20231106,11:28:28,207.3,1600,133150
20231106,11:28:36,207.3,1600,133150
20231106,11:29:01,209.35,300,133150
20231106,11:29:42,209.35,300,133150
20231106,11:30:56,212.0,500,136450
20231106,11:31:37,207.4,1500,136450
20231106,11:33:44,210.0,500,137950
20231106,11:34:10,208.3,1600,137950
20231106,11:34:18,208.3,1500,137950
20231106,11:34:26,210.1,250,137950
20231106,11:34:59,210.25,500,137950
20231106,11:35:07,210.6,150,137950
20231106,11:35:42,210.6,50,137950
20231106,11:36:01,209.95,250,141650
20231106,11:36:28,211.65,150,141650
20231106,11:36:39,211.65,150,141650
20231106,11:36:40,209.6,1500,141650
20231106,11:37:16,211.7,150,141650
20231106,11:37:40,211.7,150,141650
20231106,11:39:36,209.05,200,142700
20231106,11:40:14,210.0,450,142700
20231106,11:40:43,210.0,200,142700
20231106,11:40:51,210.0,450,142700
20231106,11:41:14,210.0,250,142700
20231106,11:44:14,210.0,100,144150
20231106,11:44:45,209.6,1600,144150
20231106,11:48:26,216.15,200,145450
20231106,11:49:08,214.3,250,145450
20231106,11:51:32,213.25,50,145300
20231106,11:52:25,212.2,50,145300
20231106,11:53:11,210.0,50,145300
20231106,11:56:57,212.75,50,145300
20231106,11:57:05,213.0,100,145300
20231106,11:59:39,211.05,100,145300
20231106,11:59:47,211.0,100,145300
20231106,12:00:28,209.25,1700,145250
20231106,12:00:52,211.55,50,145250
20231106,12:02:39,210.0,1000,145250
20231106,12:04:37,211.05,50,147850
20231106,12:12:56,212.0,600,147850
20231106,12:13:33,212.0,300,147850
20231106,12:14:03,214.8,100,147850
20231106,12:18:55,212.25,50,148650
20231106,12:19:23,212.0,50,148650
20231106,12:24:11,213.0,50,148650
20231106,12:27:15,211.2,1600,148700
20231106,12:27:38,213.65,100,148700
20231106,12:28:00,213.3,1250,148700
20231106,12:32:00,213.0,100,151300
20231106,12:32:09,216.1,250,151300
20231106,12:32:49,215.0,100,151300
20231106,12:36:01,215.05,100,151400
20231106,12:36:08,215.05,100,151400
20231106,12:36:16,215.0,300,151400
20231106,12:36:24,214.0,50,151400
20231106,12:42:54,214.0,100,151000
20231106,12:42:57,214.0,50,151000
20231106,12:44:30,214.0,100,151000
20231106,12:45:18,210.0,1600,150800
20231106,12:46:11,214.55,300,150800
20231106,12:52:04,215.0,500,152150
20231106,12:54:52,215.0,50,152150
20231106,12:56:25,212.0,150,152150
20231106,12:59:22,212.4,100,152200
20231106,13:05:17,212.4,150,152200
20231106,13:05:26,213.0,50,152200
20231106,13:07:20,215.0,50,152400
20231106,13:09:19,215.0,50,152450
20231106,13:09:53,215.05,150,152450
20231106,13:10:08,215.0,450,152450
20231106,13:13:24,215.0,50,152400
20231106,13:13:25,216.7,50,152400
20231106,13:15:00,216.7,50,152400
20231106,13:22:35,213.15,50,152400
20231106,13:23:57,213.5,50,152400
20231106,13:24:04,216.75,50,152400
20231106,13:32:05,214.8,50,152400
20231106,13:32:20,216.75,1000,152400
20231106,13:32:37,218.0,200,152400
20231106,13:33:02,216.6,200,152400
20231106,13:36:19,216.6,200,153350
20231106,13:38:20,216.6,300,153350
20231106,13:38:54,220.0,200,153350
20231106,13:45:19,218.25,1500,154000
20231106,13:45:26,220.35,1650,154000
20231106,13:46:08,221.15,150,154000
20231106,13:47:03,219.1,50,154000
20231106,13:47:10,218.0,1000,154000
20231106,13:47:24,218.7,50,154000
20231106,13:47:31,220.65,950,154000
20231106,13:49:42,217.5,50,159000
20231106,13:54:14,219.0,50,158950
20231106,13:55:07,219.0,50,158950
20231106,13:55:49,218.85,50,158950
20231106,13:59:25,216.5,50,158950
20231106,14:01:42,214.7,100,158950
20231106,14:02:06,214.85,50,158950
20231106,14:13:54,219.15,300,159000
20231106,14:14:13,218.7,100,159000
20231106,14:14:41,221.0,600,159000
20231106,14:14:52,222.0,50,159000
20231106,14:15:03,223.0,50,159000
20231106,14:15:24,224.85,800,159150
20231106,14:15:34,225.0,800,159150
20231106,14:15:45,225.3,50,159150
20231106,14:16:34,225.3,200,159150
20231106,14:18:17,224.55,50,160300
20231106,14:18:53,225.0,350,160300
20231106,14:19:03,225.3,1000,160300
20231106,14:20:03,228.0,100,160300
20231106,14:21:20,228.0,100,160600
20231106,14:21:30,227.95,50,160600
20231106,14:21:49,232.55,300,160600
20231106,14:22:39,232.55,50,160600
20231106,14:23:46,229.4,100,160600
20231106,14:25:41,230.0,250,160950
20231106,14:27:50,228.3,50,160950
20231106,14:29:49,229.95,50,160950
20231106,14:29:50,230.0,250,160950
20231106,14:30:27,230.0,50,160950
20231106,14:31:00,230.0,200,160950
20231106,14:33:32,229.5,400,161150
20231106,14:33:54,230.0,50,161150
20231106,14:34:27,232.8,150,161150
20231106,14:35:02,232.8,100,161150
20231106,14:35:46,230.0,800,161150
20231106,14:38:50,230.0,150,161400
20231106,14:39:48,229.5,100,161550
20231106,14:40:02,229.5,150,161550
20231106,14:40:03,230.0,50,161550
20231106,14:40:12,230.0,50,161550
20231106,14:40:23,229.5,50,161550
20231106,14:40:41,230.0,100,161550
20231106,14:41:58,230.0,50,161550
20231106,14:42:27,230.05,200,161750
20231106,14:45:33,230.0,50,161550
20231106,14:47:44,229.6,100,161550
20231106,14:48:16,229.6,100,161550
20231106,14:48:40,230.7,300,161550
20231106,14:48:43,230.5,100,161550
20231106,14:48:52,228.15,100,161550
20231106,14:48:53,228.1,50,161550
20231106,14:50:51,225.8,100,161550
20231106,14:50:55,225.8,50,161550
20231106,14:51:49,227.75,200,161500
20231106,14:52:49,229.0,50,161500
20231106,14:55:13,231.85,200,161550
20231106,14:55:27,231.5,100,161550
20231106,14:56:00,228.0,1900,161550
20231106,14:56:08,228.0,650,161550
20231106,14:56:16,227.0,2100,161550
20231106,14:58:16,228.15,50,165500
20231106,15:01:21,233.0,50,165500
20231106,15:02:42,234.0,50,165500
20231106,15:03:13,234.0,50,165500
20231106,15:06:09,235.3,100,165550
20231106,15:06:20,235.3,50,165600
20231106,15:07:27,235.05,50,165600
20231106,15:07:45,235.05,250,165600
20231106,15:08:28,235.05,50,165600
20231106,15:08:46,234.85,50,165600
20231106,15:09:03,234.75,100,165600
20231106,15:10:03,234.05,250,165500
20231106,15:10:13,234.75,50,165500
20231106,15:10:21,234.0,500,165500
20231106,15:10:29,234.95,50,165500
20231106,15:11:12,233.95,50,165500
20231106,15:11:56,233.65,100,165500
20231106,15:12:22,234.0,100,165500
20231106,15:13:13,233.95,200,164850
20231106,15:13:21,234.0,50,164850
20231106,15:14:00,233.35,100,164850
20231106,15:14:35,233.5,50,164850
20231106,15:14:43,233.5,100,164850
20231106,15:16:02,233.1,100,164900
20231106,15:16:20,233.3,100,164900
20231106,15:16:37,233.35,100,164900
20231106,15:16:52,232.9,200,164900
20231106,15:16:55,233.15,100,164900
20231106,15:16:59,232.9,100,164900
20231106,15:17:22,233.4,100,164900
20231106,15:17:38,249.0,1000,164900
20231106,15:17:39,249.0,100,164900
20231106,15:17:54,233.7,100,164900
20231106,15:17:59,233.75,100,164900
20231106,15:18:19,232.0,350,164150
20231106,15:18:46,233.45,50,164150
20231106,15:19:04,232.95,50,164150
20231106,15:19:31,232.85,200,164150
20231106,15:20:15,232.7,100,164150
20231106,15:20:32,232.6,100,164150
20231106,15:21:06,233.4,100,164150
20231106,15:21:22,233.0,50,165000
20231106,15:21:30,232.3,50,165000
20231106,15:22:12,232.65,100,165000
20231106,15:22:20,233.0,50,165000
20231106,15:22:29,233.0,50,165000
20231106,15:23:53,233.0,150,165000
20231106,15:24:00,233.0,50,165000
20231106,15:24:05,234.4,200,165000
20231106,15:24:22,234.0,50,165300
20231106,15:24:38,234.0,50,165300
20231106,15:25:00,233.5,50,165300
20231106,15:25:09,233.5,50,165300
20231106,15:25:45,234.4,250,165300
20231106,15:26:14,234.35,150,165300
20231106,15:26:52,232.9,200,165300
20231106,15:27:12,234.05,250,165300
20231106,15:27:32,233.5,50,165650
20231106,15:27:42,233.1,200,165650
20231106,15:28:14,233.05,50,165650
20231106,15:28:24,233.0,100,165650
20231106,15:29:01,233.0,50,165650
20231106,15:29:05,234.6,50,165650
20231106,15:29:30,231.0,50,165650
20231107,09:16:14,219.2,1,165800
20231107,09:16:14,213.25,200,165800
20231107,09:16:48,212.95,50,165800
20231107,09:17:49,212.95,200,165800
20231107,09:17:57,218.0,350,165800
20231107,09:19:12,219.1,50,165800
20231107,09:19:43,219.6,50,165800
20231107,09:19:59,220.35,150,165800
20231107,09:20:07,220.5,250,165800
20231107,09:21:05,223.0,50,165650
20231107,09:21:39,223.0,50,165650
20231107,09:22:19,221.0,100,165650
20231107,09:22:44,221.75,50,165650
20231107,09:24:06,224.95,300,165850
20231107,09:25:49,224.95,100,165850
20231107,09:26:15,225.0,250,165850
20231107,09:26:57,225.0,200,166050
20231107,09:28:28,222.0,250,166050
20231107,09:32:01,223.7,150,166050
20231107,09:34:52,220.1,50,166050
20231107,09:35:26,220.1,50,166050
20231107,09:38:19,220.15,50,166150
20231107,09:38:36,220.4,50,166050
20231107,09:41:03,221.5,100,166050
20231107,09:42:59,221.5,50,166100
20231107,09:44:13,224.15,50,166100
20231107,09:45:28,221.2,100,166150
20231107,09:45:37,224.0,200,166150
20231107,09:48:44,223.15,100,166350
20231107,09:49:37,222.65,50,166350
20231107,09:50:33,222.65,50,166350
20231107,09:51:05,221.7,300,166250
20231107,09:51:29,221.7,800,166250
20231107,09:51:52,221.85,50,166250
20231107,09:55:31,223.6,200,166250
20231107,09:55:39,226.55,400,165950
20231107,09:56:41,226.55,50,166100
20231107,09:57:05,223.4,200,166100
20231107,09:58:00,221.55,200,166100
20231107,09:58:16,221.5,50,166100
20231107,09:58:24,220.0,300,166100
20231107,09:58:34,221.9,200,166100
20231107,09:59:15,218.5,250,166100
20231107,09:59:33,221.15,250,166100
20231107,09:59:49,221.2,50,165900
20231107,10:00:06,221.2,50,165900
20231107,10:00:14,221.85,50,165900
20231107,10:00:54,220.0,250,165900
20231107,10:01:11,220.0,250,165900
20231107,10:01:34,220.0,400,165900
20231107,10:01:50,220.0,500,165900
20231107,10:06:40,215.7,50,167400
20231107,10:09:36,218.1,50,167400
20231107,10:09:44,218.3,200,167400
20231107,10:10:18,220.0,50,167400
20231107,10:10:59,220.0,50,167400
20231107,10:12:10,220.0,200,167350
20231107,10:12:45,223.0,600,167350
20231107,10:13:41,219.75,50,167350
20231107,10:15:00,220.65,200,167800
20231107,10:15:27,220.4,450,167800
20231107,10:16:26,220.85,50,167800
20231107,10:16:35,223.4,50,167800
20231107,10:20:55,224.9,100,167850
20231107,10:22:21,227.3,50,167850
20231107,10:22:38,227.3,50,167850
20231107,10:23:05,224.75,100,167850
20231107,10:26:07,226.0,150,167950
20231107,10:26:16,225.35,100,167950
20231107,10:27:18,225.5,300,167950
20231107,10:28:03,227.25,50,167950
20231107,10:28:27,226.75,50,167950
20231107,10:29:13,225.1,200,167950
20231107,10:29:21,225.1,200,167950
20231107,10:29:52,225.1,100,167550
20231107,10:33:42,228.05,550,167550
20231107,10:35:51,229.9,100,167750
20231107,10:38:30,229.95,100,167750
20231107,10:39:37,231.5,100,167700
20231107,10:40:29,231.5,150,167700
20231107,10:41:52,235.0,350,167750
20231107,10:42:19,232.05,50,167750
20231107,10:43:21,230.15,100,167750
20231107,10:43:38,231.9,150,167750
20231107,10:44:12,232.0,250,167750
20231107,10:44:57,232.0,450,167750
20231107,10:45:06,232.0,250,167500
20231107,10:45:34,232.55,200,167500
20231107,10:46:28,230.3,100,167500
20231107,10:47:53,231.0,100,168100
20231107,10:51:12,232.85,250,168200
20231107,10:51:28,231.0,100,168200
20231107,10:58:21,226.2,50,167950
20231107,10:58:28,226.2,50,167950
20231107,11:04:12,228.5,200,168050
20231107,11:06:26,229.0,50,168100
20231107,11:06:56,230.45,250,168100
20231107,11:15:45,230.45,200,168250
20231107,11:18:01,230.0,100,168250
20231107,11:20:32,234.25,50,168250
20231107,11:40:17,226.15,350,168250
20231107,11:40:27,222.3,1200,168250
20231107,11:40:46,222.0,100,168250
20231107,11:41:07,222.05,50,168250
20231107,11:41:17,221.6,600,168250
20231107,11:41:29,218.65,50,168250
20231107,11:42:29,218.3,50,167650
20231107,11:42:46,218.25,150,167650
20231107,11:43:13,216.6,300,167650
20231107,11:44:11,220.0,150,167650
20231107,11:44:27,220.0,50,167650
20231107,11:45:18,214.45,100,168050
20231107,11:45:28,213.0,350,168050
20231107,11:46:16,209.1,50,168050
20231107,11:46:46,209.1,50,168050
20231107,11:48:17,213.0,100,167750
20231107,11:48:45,212.5,50,167750
20231107,11:49:20,212.55,50,167750
20231107,11:49:37,210.9,100,167750
20231107,11:49:54,210.0,50,167750
20231107,11:50:55,210.2,50,167750
20231107,11:52:52,212.95,150,167900
20231107,11:54:17,207.95,200,167750
20231107,11:54:47,207.95,100,167750
20231107,11:55:33,210.0,250,167750
20231107,12:02:43,211.55,100,167750
20231107,12:05:25,212.0,50,167750
20231107,12:06:17,211.55,250,167750
20231107,12:07:57,215.0,150,167750
20231107,12:08:56,215.0,50,167750
20231107,12:10:33,211.5,50,168000
