date,time,tick_price,volume,open_interest
20231218,09:18:10,31.3,1,8250
20231218,09:18:10,31.9,3850,8250
20231218,09:18:22,32.75,3400,8250
20231218,09:18:43,33.6,50,8250
20231218,09:19:40,33.6,300,8250
20231218,09:19:51,34.5,1850,8250
20231218,09:20:14,34.5,200,8250
20231218,09:20:35,33.35,50,8250
20231218,09:20:46,33.6,600,8250
20231218,09:20:57,33.65,800,8250
20231218,09:21:39,33.65,250,8250
20231218,09:22:12,33.05,100,8250
20231218,09:22:53,35.35,400,8250
20231218,09:23:03,35.85,100,8250
20231218,09:23:23,36.65,200,8250
20231218,09:24:38,38.25,100,8950
20231218,09:25:11,38.3,50,8950
20231218,09:25:32,39.15,450,8950
20231218,09:26:22,40.0,100,8950
20231218,09:26:42,40.4,500,9450
20231218,09:26:52,40.4,50,9450
20231218,09:27:02,40.5,50,9450
20231218,09:27:22,41.5,50,9450
20231218,09:28:29,41.5,50,9450
20231218,09:28:56,41.05,50,9450
20231218,09:29:41,41.05,50,10050
20231218,09:29:50,41.05,150,10050
20231218,09:30:17,42.0,50,10050
20231218,09:30:26,43.45,250,10050
20231218,09:30:36,43.85,300,10050
20231218,09:31:35,43.85,100,10050
20231218,09:32:14,42.1,50,10050
20231218,09:33:09,42.05,50,10400
20231218,09:34:36,38.95,50,10400
20231218,09:34:46,38.95,100,10400
20231218,09:35:05,38.3,350,10400
20231218,09:35:44,38.3,200,9950
20231218,09:36:33,39.4,1500,9950
20231218,09:36:45,39.45,100,9950
20231218,09:36:57,39.3,150,9950
20231218,09:37:07,39.3,200,9950
20231218,09:37:35,39.5,50,9950
20231218,09:38:03,39.0,50,9950
20231218,09:38:36,39.0,200,8500
20231218,09:39:11,38.8,300,8500
20231218,09:39:22,39.5,650,8500
20231218,09:39:31,40.0,50,8500
20231218,09:40:09,39.8,150,8500
20231218,09:40:56,38.45,500,8500
20231218,09:41:15,39.0,50,8500
20231218,09:43:09,39.45,50,8750
20231218,09:44:04,39.9,50,8750
20231218,09:44:52,39.55,350,8850
20231218,09:46:54,40.95,50,8850
20231218,09:48:24,40.6,100,8600
20231218,09:49:08,40.8,100,8600
20231218,09:50:54,41.0,50,8600
20231218,09:52:32,41.25,50,8600
20231218,09:52:49,41.1,50,8600
20231218,09:55:39,40.55,50,8700
20231218,09:56:51,41.1,50,8750
20231218,09:57:35,40.95,50,8750
20231218,10:00:22,40.85,150,8850
20231218,10:01:21,41.2,100,8850
20231218,10:01:31,41.3,50,8850
20231218,10:02:44,42.0,50,8850
20231218,10:03:13,42.4,50,8900
20231218,10:03:33,42.7,200,8900
20231218,10:04:13,42.55,50,8900
20231218,10:04:22,42.55,250,8900
20231218,10:04:41,42.95,50,8900
20231218,10:05:40,42.75,50,8900
20231218,10:06:59,42.25,50,8900
20231218,10:07:18,42.35,50,8900
20231218,10:09:44,42.65,50,9000
20231218,10:13:22,42.65,150,9000
20231218,10:13:50,42.35,50,9000
20231218,10:14:26,42.5,50,9000
20231218,10:14:34,42.55,200,9000
20231218,10:15:27,42.95,150,9000
20231218,10:15:56,43.15,50,9000
20231218,10:16:54,43.05,50,9000
20231218,10:17:14,43.1,50,9000
20231218,10:17:52,43.1,100,8900
20231218,10:18:38,42.95,50,8900
20231218,10:19:05,42.9,50,8900
20231218,10:20:26,42.5,50,8900
20231218,10:26:00,43.35,50,9050
20231218,10:30:48,45.1,50,9100
20231218,10:32:42,45.65,100,9100
20231218,10:34:02,45.65,50,9150
20231218,10:36:08,45.45,100,9100
20231218,10:38:07,44.75,50,9100
20231218,10:39:12,43.1,700,9250
20231218,10:41:05,43.75,50,9250
20231218,10:42:17,43.25,50,9000
20231218,10:43:10,43.35,100,9000
20231218,10:45:11,43.05,100,8850
20231218,10:48:23,43.0,50,8750
20231218,10:50:50,43.0,100,8750
20231218,10:50:59,42.6,250,8750
20231218,10:51:08,42.6,50,8750
20231218,10:51:17,42.5,300,8750
20231218,10:51:26,42.5,850,8750
20231218,10:53:04,42.9,400,8750
20231218,10:53:13,42.85,50,8750
20231218,10:53:21,43.05,50,8750
20231218,10:53:31,43.2,700,8750
20231218,10:53:40,43.0,50,8750
20231218,10:54:07,42.9,500,9550
20231218,10:54:15,43.2,50,9550
20231218,10:54:42,43.2,50,9550
20231218,10:54:51,43.3,150,9550
20231218,10:55:00,43.3,50,9550
20231218,10:55:09,43.3,200,9550
20231218,10:56:00,43.3,50,9550
20231218,10:56:09,43.3,50,9550
20231218,10:57:19,43.25,550,9600
20231218,10:57:28,43.25,50,9600
20231218,10:58:02,43.3,50,9600
20231218,10:58:11,43.2,250,9600
20231218,10:59:02,43.25,150,9600
20231218,10:59:18,43.3,50,9600
20231218,10:59:27,43.45,200,9600
20231218,10:59:35,43.0,500,9600
20231218,10:59:44,43.05,150,9600
20231218,10:59:53,43.0,50,10800
20231218,11:00:11,43.15,50,10800
20231218,11:00:19,42.8,50,10800
20231218,11:00:28,43.1,50,10800
20231218,11:00:44,43.0,500,10800
20231218,11:01:10,43.25,150,10800
20231218,11:01:19,43.45,50,10800
20231218,11:03:56,43.15,50,11350
20231218,11:04:05,42.95,50,11350
20231218,11:04:38,43.4,50,11350
20231218,11:05:02,43.0,500,11350
20231218,11:05:27,43.15,50,11350
20231218,11:06:00,43.0,500,11750
20231218,11:07:52,43.15,1800,11750
20231218,11:08:15,43.25,700,11750
20231218,11:08:23,43.2,200,11750
20231218,11:08:39,43.25,400,11750
20231218,11:08:48,43.25,550,11750
20231218,11:09:17,43.7,200,14850
20231218,11:09:54,43.5,50,14850
20231218,11:10:04,43.25,1800,14850
20231218,11:10:32,43.5,500,14850
20231218,11:10:59,43.75,50,14850
20231218,11:11:08,43.6,250,14850
20231218,11:11:17,43.55,50,14850
20231218,11:11:26,43.5,300,14850
20231218,11:11:34,43.5,50,14850
20231218,11:11:52,43.6,200,17500
20231218,11:12:10,43.5,250,17500
20231218,11:12:29,43.45,50,17500
20231218,11:12:47,43.45,50,17500
20231218,11:13:38,43.5,1350,17500
20231218,11:14:45,43.9,50,17500
20231218,11:15:02,44.05,50,19200
20231218,11:15:10,43.95,50,19200
20231218,11:15:19,43.9,150,19200
20231218,11:16:29,43.85,1800,19200
20231218,11:17:02,43.8,1000,19200
20231218,11:17:28,44.1,50,19200
20231218,11:18:36,44.1,100,22100
20231218,11:19:35,44.2,50,22100
20231218,11:20:00,44.35,100,22100
20231218,11:22:28,44.0,150,22250
20231218,11:24:12,44.3,350,22400
20231218,11:24:47,44.2,50,22400
20231218,11:27:25,44.2,50,22450
20231218,11:30:02,44.05,250,22500
20231218,11:30:27,44.4,50,22500
20231218,11:30:36,44.45,50,22500
20231218,11:30:44,44.65,50,22500
20231218,11:31:18,44.45,250,22500
20231218,11:34:15,44.8,400,22850
20231218,11:35:59,44.75,100,22900
20231218,11:36:07,44.95,400,22900
20231218,11:36:16,45.05,200,22900
20231218,11:36:59,45.0,150,22900
20231218,11:37:23,44.95,50,22900
20231218,11:38:41,44.95,450,22900
20231218,11:39:07,45.0,350,23850
20231218,11:39:17,44.95,150,23850
20231218,11:40:03,44.9,1000,23850
20231218,11:40:12,45.0,100,23850
20231218,11:40:30,44.7,50,23850
20231218,11:40:47,44.75,100,23850
20231218,11:41:03,44.8,1050,23850
20231218,11:41:28,44.7,50,23850
20231218,11:41:43,44.65,50,23850
20231218,11:41:59,44.55,50,26450
20231218,11:42:07,44.65,450,26450
20231218,11:42:30,44.6,250,26450
20231218,11:42:37,44.55,250,26450
20231218,11:44:12,44.55,1250,26450
20231218,11:44:49,44.65,50,26450
20231218,11:44:58,44.65,100,27350
20231218,11:45:06,44.45,550,27350
20231218,11:45:32,44.6,50,27350
20231218,11:45:40,44.75,50,27350
20231218,11:46:20,44.75,50,27350
20231218,11:46:52,44.5,50,27350
20231218,11:47:00,44.5,50,27350
20231218,11:47:55,44.65,50,27800
20231218,11:49:04,44.5,50,27800
20231218,11:51:01,44.55,50,27850
20231218,11:51:43,44.6,50,27850
20231218,11:52:07,44.8,200,27850
20231218,11:53:51,44.8,50,27850
20231218,11:55:11,44.8,250,28050
20231218,11:55:19,44.8,50,28050
20231218,11:55:36,44.8,200,28050
20231218,11:56:09,44.8,150,28050
20231218,11:56:52,44.7,50,28050
20231218,11:57:01,44.85,50,27650
20231218,11:57:10,44.9,50,27650
20231218,11:58:25,44.65,200,27650
20231218,11:58:43,44.8,50,27650
20231218,11:59:17,44.55,50,27650
20231218,11:59:53,44.4,400,27650
20231218,12:00:03,44.5,50,27900
20231218,12:01:09,44.5,50,27900
20231218,12:05:23,44.95,50,27950
20231218,12:07:04,45.05,50,28000
20231218,12:07:37,45.0,50,28000
20231218,12:10:08,44.4,50,28000
20231218,12:10:17,44.2,1850,28000
20231218,12:10:26,44.1,1250,28000
20231218,12:12:41,44.2,1200,30800
20231218,12:14:24,44.75,50,30800
20231218,12:15:30,44.75,50,31900
20231218,12:16:54,45.0,500,31900
20231218,12:18:22,44.6,350,32000
20231218,12:18:31,44.6,150,32000
20231218,12:18:58,44.6,50,32000
20231218,12:19:06,44.6,50,32000
20231218,12:19:27,44.6,50,32000
20231218,12:21:12,44.5,250,32600
20231218,12:21:28,44.45,50,32600
20231218,12:22:10,44.4,100,32600
20231218,12:22:44,44.4,150,32600
20231218,12:22:52,44.4,250,32600
20231218,12:23:45,44.6,600,32600
20231218,12:28:41,44.15,150,33700
20231218,12:28:53,44.15,200,33700
20231218,12:29:24,44.25,150,33700
20231218,12:29:44,44.1,1950,33700
20231218,12:29:55,44.05,4300,33700
20231218,12:30:45,44.25,50,35150
20231218,12:31:13,44.45,50,35150
20231218,12:32:44,44.5,200,35150
20231218,12:33:45,44.45,50,34850
20231218,12:36:20,45.0,300,34850
20231218,12:38:16,45.1,100,34850
20231218,12:39:08,44.55,1000,35150
20231218,12:39:23,44.85,50,35150
20231218,12:40:42,44.45,100,35150
20231218,12:41:23,44.75,50,35150
20231218,12:41:31,44.95,400,35150
20231218,12:42:17,44.4,500,36350
20231218,12:42:26,44.85,50,36350
20231218,12:42:51,45.0,400,36350
20231218,12:43:18,43.85,400,36350
20231218,12:43:35,44.25,50,36350
20231218,12:46:09,44.75,50,36750
20231218,12:46:27,44.95,50,36750
20231218,12:47:16,44.8,400,36750
20231218,12:50:37,44.0,150,37050
20231218,12:51:09,43.75,50,37200
20231218,12:53:23,43.9,450,37200
20231218,12:56:24,43.1,100,37550
20231218,12:58:07,43.3,100,37500
20231218,12:59:19,43.35,100,37500
20231218,12:59:26,43.3,150,37500
20231218,13:00:47,43.3,50,37350
20231218,13:01:12,43.15,50,37350
20231218,13:01:29,43.15,50,37350
20231218,13:01:37,43.0,50,37350
20231218,13:02:57,43.15,50,37350
20231218,13:03:27,42.8,50,37200
20231218,13:03:36,42.75,50,37200
20231218,13:03:45,42.35,900,37200
20231218,13:03:54,42.8,100,37200
20231218,13:06:10,42.5,50,37000
20231218,13:06:19,42.35,50,37000
20231218,13:06:37,42.25,50,37000
20231218,13:06:58,42.25,100,37000
20231218,13:07:07,42.3,50,37000
20231218,13:11:57,42.4,50,37100
20231218,13:13:06,42.3,150,37050
20231218,13:13:42,41.9,50,37050
20231218,13:16:15,42.5,50,37000
20231218,13:16:47,42.65,500,37000
20231218,13:16:56,42.65,500,37000
20231218,13:18:28,42.85,50,37800
20231218,13:19:05,43.05,50,37800
20231218,13:19:26,43.05,50,37800
20231218,13:20:07,43.25,100,37800
20231218,13:21:02,43.3,400,37800
20231218,13:21:10,43.3,200,38400
20231218,13:21:18,43.3,50,38400
20231218,13:24:19,43.55,50,38600
20231218,13:26:18,43.6,50,38600
20231218,13:26:33,43.6,50,38600
20231218,13:28:19,43.85,50,38650
20231218,13:29:33,43.7,400,38650
20231218,13:31:12,44.15,50,38700
20231218,13:34:51,43.75,50,38750
20231218,13:36:18,43.15,50,38800
20231218,13:39:39,43.6,50,38850
20231218,13:39:47,43.45,400,38850
20231218,13:42:02,43.95,50,38850
20231218,13:42:10,43.8,100,38850
20231218,13:42:50,44.05,50,39050
20231218,13:43:30,43.75,50,39050
20231218,13:47:01,44.1,50,39150
20231218,13:50:31,43.75,50,39150
20231218,13:52:12,43.65,50,39150
20231218,13:53:57,43.75,50,39150
20231218,13:55:51,43.95,50,39200
20231218,13:59:09,43.65,100,39250
20231218,14:02:17,43.8,200,39150
20231218,14:02:58,43.9,250,39150
20231218,14:03:24,44.0,150,39200
20231218,14:05:12,43.95,150,39200
20231218,14:05:44,44.15,500,39200
20231218,14:06:16,43.7,100,39200
20231218,14:06:33,43.65,100,39250
20231218,14:06:41,43.25,500,39250
20231218,14:09:35,42.85,250,38950
20231218,14:10:14,42.7,100,38950
20231218,14:12:41,42.8,250,39100
20231218,14:13:58,43.55,100,39100
20231218,14:16:41,43.7,100,39300
20231218,14:16:57,43.55,50,39300
20231218,14:17:14,43.3,50,39300
20231218,14:23:08,42.95,100,39400
20231218,14:25:11,43.0,100,39400
20231218,14:25:18,43.3,250,39400
20231218,14:26:13,43.3,50,39400
20231218,14:37:52,44.6,250,39800
20231218,14:39:28,44.6,50,39700
20231218,14:40:29,44.35,550,39700
20231218,14:44:22,43.0,250,40000
20231218,14:44:41,43.0,400,40000
20231218,14:45:09,43.15,50,40000
20231218,14:46:42,43.15,150,40250
20231218,14:47:00,43.0,350,40250
20231218,14:49:36,43.0,250,40750
20231218,14:52:33,43.1,250,40750
20231218,14:54:04,43.1,200,40750
20231218,14:54:30,43.15,50,40600
20231218,14:54:39,42.75,150,40600
20231218,14:54:47,42.5,400,40600
20231218,14:54:56,42.15,200,40600
20231218,14:57:34,42.0,200,39850
20231218,14:59:09,42.0,50,39850
20231218,15:00:02,41.15,150,39850
20231218,15:00:20,41.4,100,39850
20231218,15:02:01,40.95,100,40150
20231218,15:02:21,41.1,150,40150
20231218,15:02:50,41.1,150,40150
20231218,15:03:18,41.0,50,40150
20231218,15:03:27,40.9,150,40050
20231218,15:03:55,40.7,350,40050
20231218,15:07:08,40.85,400,39850
20231218,15:07:26,41.5,50,39850
20231218,15:08:24,41.55,100,39850
20231218,15:08:33,41.2,600,39850
20231218,15:08:42,40.8,350,39850
20231218,15:09:43,40.45,100,39850
20231218,15:10:53,41.6,400,40100
20231218,15:12:22,40.65,100,39800
20231218,15:12:31,40.6,150,39800
20231218,15:13:54,40.75,50,39800
20231218,15:14:03,40.7,300,39800
20231218,15:14:29,40.45,50,39800
20231218,15:16:40,40.5,50,39300
20231218,15:17:29,39.8,150,39300
20231218,15:17:39,39.95,50,39300
20231218,15:17:48,40.0,50,39300
20231218,15:18:15,39.95,300,39300
20231218,15:20:00,39.9,350,38950
20231218,15:21:17,40.15,550,38950
20231218,15:22:11,40.15,50,38650
20231218,15:22:48,39.75,100,38650
20231218,15:22:58,39.55,200,38650
20231218,15:23:27,39.25,50,38650
20231218,15:26:35,39.0,350,38450
20231218,15:27:23,39.2,100,38450
20231218,15:27:32,39.05,100,38750
20231218,15:27:51,39.1,250,38750
20231218,15:28:10,39.1,200,38750
20231218,15:28:47,40.2,500,38750
20231218,15:28:56,39.25,50,38750
20231218,15:29:38,40.05,100,38750
20231219,09:15:13,40.4,1,39150
20231219,09:15:13,40.4,50,39150
20231219,09:15:25,39.35,350,39150
20231219,09:15:35,39.35,50,39150
20231219,09:16:57,40.0,100,39150
20231219,09:17:15,39.7,300,39150
20231219,09:17:42,39.7,50,39150
20231219,09:17:52,39.95,100,38950
20231219,09:18:19,39.95,50,38950
20231219,09:18:27,40.0,500,38950
20231219,09:19:57,39.8,200,38950
20231219,09:20:43,39.95,50,38950
20231219,09:22:20,39.8,200,39050
20231219,09:22:39,39.8,200,39050
20231219,09:23:32,39.95,50,39050
20231219,09:23:49,39.8,100,39250
20231219,09:24:07,40.35,50,39250
20231219,09:25:01,39.8,100,39250
20231219,09:25:30,39.75,250,39250
20231219,09:25:39,39.7,250,39250
20231219,09:27:12,39.3,50,39600
20231219,09:28:11,39.3,50,39600
20231219,09:30:16,40.0,500,39600
20231219,09:32:33,40.45,150,39600
20231219,09:32:50,40.45,950,40150
20231219,09:32:59,40.0,50,40150
20231219,09:33:34,40.2,200,40150
20231219,09:35:02,40.0,200,40150
20231219,09:35:12,40.0,200,40150
20231219,09:35:21,40.0,100,40150
20231219,09:36:22,40.0,500,41750
20231219,09:36:50,39.7,250,41750
20231219,09:36:59,39.7,100,41750
20231219,09:38:15,39.7,250,41750
20231219,09:38:24,39.8,200,41750
20231219,09:38:56,39.0,250,42100
20231219,09:39:07,39.0,500,42100
20231219,09:39:49,38.05,50,42100
20231219,09:41:23,36.8,100,42100
20231219,09:42:30,36.8,50,42050
20231219,09:43:45,36.7,50,42050
20231219,09:44:17,36.45,50,42050
20231219,09:44:58,35.8,50,42150
20231219,09:45:41,35.65,100,42150
20231219,09:45:51,35.55,50,42150
20231219,09:46:20,35.55,100,42150
20231219,09:48:22,35.5,50,41950
20231219,09:48:31,35.4,200,41950
20231219,09:48:40,35.4,50,41950
20231219,09:48:49,35.55,50,41950
20231219,09:49:42,35.6,50,41950
20231219,09:50:00,36.4,50,41950
20231219,09:50:10,35.95,50,41950
20231219,09:50:19,36.5,50,41950
20231219,09:50:29,36.0,50,41950
20231219,09:50:38,36.0,50,41950
20231219,09:52:57,35.75,50,41700
20231219,09:53:44,35.05,50,41700
20231219,09:55:50,34.0,450,41700
20231219,09:56:09,34.0,200,41700
20231219,09:56:18,34.1,500,41700
20231219,09:56:44,34.8,100,41700
20231219,09:57:41,35.0,50,42300
20231219,09:58:32,35.65,100,42300
20231219,09:59:49,35.4,300,42300
20231219,10:00:32,35.7,150,42400
20231219,10:01:06,35.4,50,42400
20231219,10:01:40,35.4,50,42400
20231219,10:01:49,35.4,400,42400
20231219,10:04:09,35.4,50,42400
20231219,10:04:34,35.45,150,42400
20231219,10:04:44,35.5,50,42400
20231219,10:05:05,35.35,100,42400
20231219,10:05:43,35.35,300,42400
20231219,10:06:37,35.95,300,42600
20231219,10:06:46,35.55,100,42600
20231219,10:08:21,35.5,150,42600
20231219,10:09:38,34.7,100,42250
20231219,10:10:51,34.3,200,42250
20231219,10:10:59,34.65,50,42250
20231219,10:11:35,35.0,300,42250
20231219,10:11:44,34.4,150,42250
20231219,10:13:02,34.55,50,42300
20231219,10:13:11,34.6,100,42300
20231219,10:18:01,36.25,50,42150
20231219,10:19:14,36.65,50,42150
20231219,10:19:23,36.65,150,42150
20231219,10:19:41,36.75,100,42150
20231219,10:20:10,36.85,50,42150
20231219,10:20:19,36.7,150,42150
20231219,10:21:11,37.05,150,42050
20231219,10:27:12,36.0,50,41950
20231219,10:27:36,36.0,50,41950
20231219,10:29:09,35.75,50,41950
20231219,10:29:18,35.85,550,41950
20231219,10:29:27,35.85,50,41950
20231219,10:29:35,35.95,50,41950
20231219,10:31:23,36.3,50,42050
20231219,10:32:06,36.0,50,42050
20231219,10:32:23,36.0,100,42050
20231219,10:32:55,36.0,50,42150
20231219,10:35:55,37.0,50,42150
20231219,10:36:04,37.15,350,42150
20231219,10:37:19,36.9,50,42150
20231219,10:43:54,37.85,50,42200
20231219,10:44:32,37.65,100,42200
20231219,10:46:15,37.05,50,42250
20231219,10:46:42,37.1,50,42250
20231219,10:47:27,37.5,150,42250
20231219,10:52:40,37.5,50,42300
20231219,10:53:25,37.5,50,42300
20231219,10:55:15,37.85,50,42350
20231219,10:55:32,37.95,200,42350
20231219,10:56:06,38.0,500,42350
20231219,10:56:14,38.3,100,42350
20231219,10:56:30,38.0,500,42350
20231219,10:57:04,38.0,250,42800
20231219,10:57:12,38.1,150,42800
20231219,10:57:54,38.2,300,42800
20231219,10:59:40,38.65,50,42800
20231219,11:00:07,38.85,100,43050
20231219,11:00:16,39.0,100,43050
20231219,11:01:27,39.0,50,43050
20231219,11:02:47,39.0,50,43050
20231219,11:04:22,39.1,250,43100
20231219,11:04:40,39.0,50,43100
20231219,11:06:48,39.75,250,43100
20231219,11:09:57,40.2,250,42950
20231219,11:10:58,40.0,50,42950
20231219,11:12:22,40.0,50,43000
20231219,11:12:49,40.45,100,43000
20231219,11:13:54,40.45,50,43000
20231219,11:14:22,40.45,50,43000
20231219,11:17:15,40.05,250,42950
20231219,11:18:21,40.05,100,42900
20231219,11:18:38,40.0,50,42900
20231219,11:19:43,39.05,100,42900
20231219,11:21:01,39.05,50,42900
20231219,11:24:31,39.0,50,42900
20231219,11:26:08,39.0,50,42900
20231219,11:27:07,39.05,50,42900
20231219,11:27:16,39.05,200,42900
20231219,11:29:39,39.7,50,42900
20231219,11:32:01,40.15,50,43100
20231219,11:35:28,39.0,400,43150
20231219,11:37:34,39.65,100,42750
20231219,11:42:04,40.85,350,42850
20231219,11:42:15,41.5,1450,42950
20231219,11:42:26,42.0,350,42950
20231219,11:43:12,43.0,3050,42950
20231219,11:43:23,42.6,1150,42950
20231219,11:43:34,42.55,450,42950
20231219,11:43:45,42.5,200,42950
20231219,11:43:55,42.25,150,42950
20231219,11:44:05,42.4,50,42950
20231219,11:44:35,42.35,50,42950
20231219,11:45:23,42.35,100,45000
20231219,11:45:33,42.4,150,45000
20231219,11:48:38,43.35,50,45000
20231219,11:52:12,45.4,250,45050
20231219,11:52:43,45.1,100,45050
20231219,11:52:53,45.05,350,45050
20231219,11:53:33,44.1,100,45050
20231219,11:54:59,44.75,50,45150
20231219,11:55:08,44.5,150,45150
20231219,11:55:18,44.5,300,45150
20231219,11:56:34,44.8,750,45150
20231219,11:58:47,44.8,500,44550
20231219,12:01:08,44.55,300,44500
20231219,12:01:19,44.05,150,44500
20231219,12:01:47,44.0,850,44500
20231219,12:03:12,43.05,50,44850
20231219,12:07:39,43.15,50,44800
20231219,12:08:44,42.9,150,44800
20231219,12:11:10,43.3,250,44800
20231219,12:11:37,43.3,100,44800
20231219,12:15:37,43.3,150,45050
20231219,12:17:56,44.3,50,45050
20231219,12:18:11,44.35,50,45050
20231219,12:18:15,44.3,100,45050
20231219,12:18:57,43.55,200,45050
20231219,12:20:01,43.7,50,45050
20231219,12:20:51,43.5,100,45050
20231219,12:21:00,43.5,100,45050
20231219,12:25:15,44.8,200,44950
20231219,12:27:57,44.7,150,45050
20231219,12:30:06,44.5,550,45050
20231219,12:30:15,44.5,50,45450
20231219,12:31:18,45.0,850,45450
20231219,12:31:27,44.9,50,45450
20231219,12:31:36,44.8,100,45450
20231219,12:32:11,45.05,50,45450
20231219,12:33:33,44.8,600,44800
20231219,12:33:50,45.3,500,44800
20231219,12:35:03,45.45,50,44800
20231219,12:36:13,45.75,200,44500
20231219,12:36:31,45.75,50,44500
20231219,12:36:48,45.75,50,44500
20231219,12:37:05,45.6,50,44500
20231219,12:37:13,45.75,350,44500
20231219,12:39:29,46.05,100,45050
20231219,12:40:58,46.05,100,45050
20231219,12:41:08,45.75,50,45050
20231219,12:41:28,45.5,50,45050
20231219,12:48:12,45.5,100,45100
20231219,12:50:11,45.25,50,45200
20231219,12:52:10,45.65,250,45200
20231219,12:52:19,45.8,500,45200
20231219,12:56:15,45.75,50,45450
20231219,12:56:33,45.5,100,45450
20231219,12:57:36,45.65,200,45500
20231219,12:58:31,46.0,100,45500
20231219,12:59:09,46.45,50,45500
20231219,12:59:26,46.45,50,45500
20231219,12:59:54,46.15,300,45500
20231219,13:00:14,46.15,50,45550
20231219,13:01:02,46.0,50,45550
20231219,13:02:21,45.95,100,45550
20231219,13:04:50,45.8,50,45650
20231219,13:05:36,45.25,50,45650
20231219,13:05:45,45.15,50,45650
20231219,13:07:15,45.0,200,45700
20231219,13:09:24,45.0,500,45900
20231219,13:10:00,45.65,250,45900
20231219,13:10:09,45.2,750,45900
20231219,13:10:26,45.3,750,45900
20231219,13:10:44,45.95,200,45900
20231219,13:12:41,45.85,50,48000
20231219,13:13:07,45.65,200,48000
20231219,13:17:05,45.6,150,48200
20231219,13:23:15,44.7,150,48300
20231219,13:26:03,44.4,50,48400
20231219,13:26:35,44.5,300,48400
20231219,13:27:09,44.5,600,48400
20231219,13:31:14,44.9,50,48650
20231219,13:31:38,45.0,50,48650
20231219,13:34:50,45.0,150,48700
20231219,13:38:58,45.5,50,48850
20231219,13:40:21,45.65,50,48900
20231219,13:41:16,45.75,50,48900
20231219,13:42:15,45.95,50,48900
20231219,13:43:20,45.95,100,49050
20231219,13:43:58,46.45,50,49050
20231219,13:45:52,46.15,100,49100
20231219,13:46:10,46.15,50,49100
20231219,13:46:28,45.95,50,49100
20231219,13:46:37,46.2,50,49100
20231219,13:47:29,46.15,50,49100
20231219,13:49:09,46.1,50,49200
20231219,13:49:17,46.05,100,49200
20231219,13:51:52,46.6,150,49300
20231219,13:52:12,46.6,50,49300
20231219,13:52:51,46.15,100,49300
20231219,13:54:46,46.15,50,49550
20231219,13:57:37,46.8,200,49500
20231219,13:59:21,46.8,200,49500
20231219,14:00:02,46.95,150,49500
20231219,14:02:46,47.2,950,49800
20231219,14:03:12,47.55,50,49800
20231219,14:03:21,47.7,150,49800
20231219,14:04:04,47.85,50,50300
20231219,14:07:17,48.45,550,50350
20231219,14:07:26,48.45,50,50350
20231219,14:08:43,48.2,50,50350
20231219,14:11:11,48.8,50,50650
20231219,14:11:29,49.05,50,50650
20231219,14:11:55,49.3,50,50650
20231219,14:12:43,49.7,50,50750
20231219,14:13:40,49.7,150,50750
20231219,14:17:07,49.7,300,50800
20231219,14:17:17,48.0,200,50800
20231219,14:17:26,48.0,300,50800
20231219,14:22:03,49.15,50,50900
20231219,14:22:21,48.65,50,50900
20231219,14:25:22,48.5,50,50900
20231219,14:25:48,48.5,50,50900
20231219,14:26:40,48.6,50,50900
20231219,14:26:48,48.9,150,50900
20231219,14:27:40,48.95,50,50950
20231219,14:27:58,49.05,50,50950
20231219,14:28:35,49.5,900,50950
20231219,14:28:53,49.1,50,50950
20231219,14:29:19,49.35,50,50950
20231219,14:29:27,49.2,200,50950
20231219,14:30:10,49.4,150,50950
20231219,14:32:51,50.05,200,50400
20231219,14:33:37,50.05,50,50550
20231219,14:33:47,50.2,50,50550
20231219,14:34:25,50.35,50,50550
20231219,14:34:34,50.65,150,50550
20231219,14:35:14,51.2,1800,50550
20231219,14:36:02,51.2,100,50550
20231219,14:36:23,51.15,50,50550
20231219,14:36:33,51.15,100,50550
20231219,14:37:21,51.5,500,51350
20231219,14:37:30,51.5,300,51350
20231219,14:38:16,51.65,500,51350
20231219,14:38:34,51.65,450,51350
20231219,14:38:44,51.4,200,51350
20231219,14:38:53,51.25,50,51350
20231219,14:39:29,51.5,100,51350
20231219,14:39:46,51.5,550,51350
20231219,14:40:13,51.15,250,51350
20231219,14:40:22,51.0,500,51350
20231219,14:40:39,50.85,50,51350
20231219,14:40:57,50.6,100,51350
20231219,14:42:04,50.8,50,51350
20231219,14:42:42,50.8,350,51500
20231219,14:43:02,51.0,100,51500
20231219,14:43:55,50.5,100,51500
20231219,14:44:04,50.15,100,51500
20231219,14:45:42,50.3,100,51800
20231219,14:45:59,50.9,100,51800
20231219,14:46:18,50.0,50,51800
20231219,14:46:28,49.8,50,51800
20231219,14:46:38,49.9,50,51800
20231219,14:49:34,49.2,100,51850
20231219,14:49:56,47.8,50,51850
20231219,14:50:34,48.05,50,51850
20231219,14:51:11,48.25,50,51850
20231219,14:51:21,48.0,50,51850
20231219,14:51:38,48.3,50,51800
20231219,14:52:15,47.65,50,51800
20231219,14:53:19,47.95,150,51800
20231219,14:54:35,46.8,200,51850
20231219,14:54:44,47.2,50,51850
20231219,14:55:13,47.15,50,51850
20231219,14:55:52,47.05,50,51850
20231219,14:56:49,47.05,50,51850
20231219,14:56:59,47.1,100,51850
20231219,14:57:18,46.85,50,51850
20231219,14:57:37,46.9,650,51700
20231219,14:57:59,46.2,150,51700
20231219,14:59:15,45.0,250,51700
20231219,15:00:42,43.75,250,52150
20231219,15:01:04,43.7,50,52150
20231219,15:01:44,44.25,200,52150
20231219,15:03:07,45.4,50,52150
20231219,15:04:06,45.4,150,52300
20231219,15:04:26,45.55,100,52300
20231219,15:04:56,45.0,100,52300
20231219,15:05:06,45.0,50,52300
20231219,15:05:16,45.0,250,52300
20231219,15:10:29,46.15,50,52250
20231219,15:12:03,46.65,50,52250
20231219,15:14:33,45.7,100,52250
20231219,15:15:20,46.2,100,52250
20231219,15:16:32,45.85,100,52350
20231219,15:17:53,45.65,50,52350
20231219,15:18:50,45.5,150,52450
20231219,15:19:00,45.15,50,52450
20231219,15:20:02,45.35,50,52450
20231219,15:20:35,45.05,200,52450
20231219,15:20:45,45.0,50,52450
20231219,15:20:55,44.85,750,52450
20231219,15:21:04,44.9,250,52450
20231219,15:21:13,44.85,50,52450
20231219,15:23:30,44.55,200,53700
20231219,15:24:17,44.75,100,53700
20231219,15:24:27,44.75,50,53700
20231219,15:25:34,44.5,50,53750
20231219,15:26:10,44.75,200,53750
20231219,15:26:28,44.75,700,53750
20231219,15:26:37,44.7,50,53750
20231219,15:26:46,44.7,650,53750
20231219,15:26:55,44.7,550,53750
20231219,15:27:03,44.75,350,53750
20231219,15:27:42,45.2,150,55000
20231219,15:28:32,45.45,50,55000
20231219,15:28:50,45.75,1100,55000
20231219,15:29:09,45.45,200,55000
20231220,09:15:50,49.6,1,55350
20231220,09:15:50,49.6,50,55350
20231220,09:16:19,51.95,200,55350
20231220,09:16:26,52.7,50,55350
20231220,09:16:33,52.7,50,55350
20231220,09:17:07,52.7,50,55350
20231220,09:17:48,51.0,50,55550
20231220,09:17:54,50.95,100,55550
20231220,09:18:07,51.0,150,55550
20231220,09:18:33,51.05,50,55550
20231220,09:18:58,51.7,50,55550
20231220,09:19:05,51.7,50,55550
20231220,09:19:12,51.9,100,55550
20231220,09:19:43,51.45,50,55550
20231220,09:19:51,51.0,500,55550
20231220,09:20:07,51.35,50,55550
20231220,09:20:23,51.5,50,55550
20231220,09:21:03,51.25,50,56100
20231220,09:21:11,51.05,100,56100
20231220,09:21:19,50.85,100,56100
20231220,09:21:27,50.7,50,56100
20231220,09:21:52,50.6,100,56100
20231220,09:22:00,50.75,50,56100
20231220,09:22:11,50.5,250,56100
20231220,09:22:40,50.95,600,56100
20231220,09:22:49,51.0,500,56100
20231220,09:23:07,51.6,100,56100
20231220,09:23:31,51.65,50,56100
20231220,09:23:54,52.15,250,56700
20231220,09:24:19,52.65,250,56700
20231220,09:24:28,53.05,550,56700
20231220,09:24:46,53.05,50,56700
20231220,09:24:54,53.05,50,56700
20231220,09:25:10,53.2,1000,56700
20231220,09:26:42,53.2,100,56700
20231220,09:27:01,53.2,50,58250
20231220,09:27:09,53.0,100,58250
20231220,09:27:26,53.1,200,58250
20231220,09:27:34,53.15,50,58250
20231220,09:28:57,53.7,150,58250
20231220,09:29:14,54.0,50,58250
20231220,09:29:57,54.0,50,58400
20231220,09:31:19,53.55,200,58400
20231220,09:31:27,53.3,800,58400
20231220,09:31:36,53.3,200,58400
20231220,09:31:52,53.3,550,58400
20231220,09:32:00,53.3,450,58400
20231220,09:32:25,53.9,200,58400
20231220,09:32:33,54.0,50,58400
20231220,09:32:50,54.0,500,58550
20231220,09:32:58,54.25,650,58550
20231220,09:33:06,53.9,50,58550
20231220,09:33:14,53.9,50,58550
20231220,09:33:23,53.9,300,58550
20231220,09:33:31,54.15,50,58550
20231220,09:34:23,55.0,100,58550
20231220,09:34:32,55.1,50,58550
20231220,09:34:40,55.1,600,58550
20231220,09:34:56,55.1,50,58550
20231220,09:35:05,55.05,150,58550
20231220,09:35:13,55.0,150,58550
20231220,09:35:21,55.1,100,58550
20231220,09:35:29,54.95,50,58550
20231220,09:35:37,55.1,50,58550
20231220,09:35:45,55.0,450,59950
20231220,09:35:53,55.1,150,59950
20231220,09:36:09,55.5,250,59950
20231220,09:36:17,55.75,50,59950
20231220,09:36:25,55.75,50,59950
20231220,09:36:43,56.05,950,59950
20231220,09:36:51,56.15,100,59950
20231220,09:37:17,56.3,550,59950
20231220,09:37:26,56.55,250,59950
20231220,09:37:35,56.65,100,59950
20231220,09:38:08,56.65,500,59950
20231220,09:38:16,56.9,50,59950
20231220,09:38:51,56.9,100,61900
20231220,09:39:16,56.35,500,61900
20231220,09:39:44,56.75,50,61900
20231220,09:40:56,56.6,50,61900
20231220,09:41:06,56.35,700,61900
20231220,09:41:15,56.4,400,61900
20231220,09:41:59,56.4,250,62950
20231220,09:42:16,56.35,250,62950
20231220,09:42:49,56.35,100,62950
20231220,09:42:57,56.35,350,62950
20231220,09:43:22,56.0,50,62950
20231220,09:43:30,56.0,300,62950
20231220,09:43:39,56.0,250,62950
20231220,09:43:47,55.9,100,62950
20231220,09:43:55,56.0,200,62950
20231220,09:44:42,55.9,50,62950
20231220,09:45:15,55.95,250,63300
20231220,09:45:23,55.95,200,63300
20231220,09:45:31,56.0,100,63300
20231220,09:45:39,55.5,350,63300
20231220,09:45:48,55.45,100,63300
20231220,09:45:56,55.15,600,63300
20231220,09:46:05,54.9,100,63300
20231220,09:46:13,54.85,200,63300
20231220,09:46:22,54.9,50,63300
20231220,09:47:12,55.0,100,63300
20231220,09:47:20,55.0,50,63300
20231220,09:47:28,55.0,50,63300
20231220,09:47:44,55.0,300,63300
20231220,09:48:08,55.0,250,63850
20231220,09:48:42,54.75,250,63850
20231220,09:48:58,54.8,200,63850
20231220,09:50:51,55.0,600,63900
20231220,09:52:19,55.2,150,63900
20231220,09:53:43,55.25,50,63900
20231220,09:54:23,54.95,50,64300
20231220,09:54:47,54.9,50,64300
20231220,09:55:04,54.45,150,64300
20231220,09:56:35,54.6,100,64300
20231220,09:56:52,54.0,500,64300
20231220,09:57:33,54.15,100,64300
20231220,09:57:49,54.0,400,64300
20231220,09:58:14,54.45,100,64300
20231220,09:59:20,54.0,500,64300
20231220,09:59:27,54.15,100,64300
20231220,09:59:35,54.15,1300,64300
20231220,09:59:43,54.75,1200,64300
20231220,09:59:51,54.0,500,64300
20231220,09:59:58,54.0,250,65750
20231220,10:00:06,54.45,100,65750
20231220,10:00:14,54.0,200,65750
20231220,10:02:08,53.5,50,65750
20231220,10:02:17,53.6,550,65750
20231220,10:02:56,53.1,100,66100
20231220,10:03:06,53.0,150,66100
20231220,10:03:24,52.8,3200,66100
20231220,10:03:33,52.4,200,66100
20231220,10:03:42,52.4,100,66100
20231220,10:03:50,52.35,50,66100
20231220,10:04:24,52.0,50,66100
20231220,10:04:40,51.95,50,66100
20231220,10:04:49,51.95,50,66100
20231220,10:04:57,52.3,100,66100
20231220,10:05:22,52.35,50,66100
20231220,10:07:27,51.4,1500,66550
20231220,10:07:36,51.35,1950,66550
20231220,10:08:06,50.55,100,66550
20231220,10:08:16,50.5,50,66550
20231220,10:08:33,50.4,500,66550
20231220,10:08:50,50.0,550,66050
20231220,10:10:06,49.75,500,66050
20231220,10:10:30,50.5,100,66050
20231220,10:10:55,50.4,50,66050
20231220,10:11:03,50.55,50,66050
20231220,10:11:12,50.05,100,66050
20231220,10:11:20,50.5,50,66050
20231220,10:11:28,50.5,50,66050
20231220,10:12:12,50.35,50,65450
20231220,10:12:29,50.3,50,65450
20231220,10:12:45,50.3,250,65450
20231220,10:13:59,50.2,100,65450
20231220,10:15:13,50.4,250,65550
20231220,10:15:31,50.4,250,65550
20231220,10:15:40,50.4,550,65550
20231220,10:16:05,50.4,50,65550
20231220,10:17:05,50.4,350,65550
20231220,10:17:31,50.1,50,65550
20231220,10:17:39,50.4,50,65550
20231220,10:18:30,50.25,150,65600
20231220,10:18:47,50.45,50,65600
20231220,10:19:12,50.1,50,65600
20231220,10:19:20,50.35,100,65600
20231220,10:19:29,50.4,100,65600
20231220,10:19:37,50.3,100,65600
20231220,10:20:18,50.5,100,65600
20231220,10:20:35,50.4,50,65600
20231220,10:20:51,50.0,150,65550
20231220,10:20:59,50.25,100,65550
20231220,10:21:45,50.15,150,65550
20231220,10:22:00,50.15,250,65550
20231220,10:22:08,50.15,50,65550
20231220,10:23:59,50.25,150,65050
20231220,10:24:23,50.35,50,65050
20231220,10:24:47,50.4,300,65050
20231220,10:25:03,50.7,50,65050
20231220,10:25:13,51.0,1550,65050
20231220,10:26:15,51.0,100,65050
20231220,10:26:23,51.0,100,65050
20231220,10:26:54,50.9,50,65050
20231220,10:27:02,50.95,100,65300
20231220,10:27:18,51.05,50,65300
20231220,10:28:06,50.55,50,65300
20231220,10:28:21,50.5,50,65300
20231220,10:28:52,50.5,50,65300
20231220,10:29:25,50.15,50,65300
20231220,10:30:00,49.8,50,65250
20231220,10:31:42,50.05,50,65250
20231220,10:32:48,50.15,50,65250
20231220,10:33:18,50.2,50,65150
20231220,10:33:34,50.2,300,65150
20231220,10:34:39,50.0,200,65150
20231220,10:34:47,49.7,50,65150
20231220,10:36:04,50.3,50,65100
20231220,10:36:47,50.0,300,65100
20231220,10:36:55,50.3,200,65100
20231220,10:37:10,50.4,200,65100
20231220,10:37:18,50.4,50,65100
20231220,10:37:26,50.55,200,65100
20231220,10:37:33,50.6,50,65100
20231220,10:37:49,50.8,50,65100
20231220,10:38:58,51.15,50,65200
20231220,10:41:34,51.0,550,65200
20231220,10:41:43,51.05,100,65200
20231220,10:41:52,50.95,100,65200
20231220,10:43:08,51.0,200,65000
20231220,10:43:15,50.95,50,65000
20231220,10:43:31,51.15,50,65000
20231220,10:44:05,51.2,50,65000
20231220,10:46:29,51.2,50,65050
20231220,10:46:55,51.2,100,65050
20231220,10:48:10,51.85,1800,65150
20231220,10:48:18,52.0,200,65150
20231220,10:48:53,51.2,200,65150
20231220,10:51:11,50.85,50,65100
20231220,10:51:19,50.8,50,65100
20231220,10:51:28,50.8,1450,65100
20231220,10:51:36,50.85,550,65100
20231220,10:51:44,50.8,250,65100
20231220,10:51:52,50.8,550,65100
20231220,10:52:15,50.8,200,65100
20231220,10:53:52,51.0,50,65100
20231220,10:55:30,51.0,50,66350
20231220,10:55:53,51.0,50,66350
20231220,10:56:33,51.0,50,66350
20231220,10:57:04,51.25,50,66300
20231220,10:57:12,51.3,250,66300
20231220,10:57:20,51.6,300,66300
20231220,10:58:58,51.85,50,66300
20231220,11:00:11,52.8,8600,66200
20231220,11:00:19,52.8,1650,66200
20231220,11:00:26,52.8,50,66200
20231220,11:00:34,52.85,50,66200
20231220,11:00:48,52.9,100,66200
20231220,11:01:03,52.95,50,66200
20231220,11:01:26,53.05,50,66200
20231220,11:02:03,53.15,50,66200
20231220,11:02:47,53.25,50,66200
20231220,11:04:40,53.4,250,69700
20231220,11:04:48,53.35,100,69700
20231220,11:04:56,53.35,200,69700
20231220,11:05:28,53.8,5300,69700
20231220,11:05:58,53.8,3350,72200
20231220,11:06:06,53.8,50,72200
20231220,11:06:13,53.8,400,72200
20231220,11:06:20,53.85,250,72200
20231220,11:06:27,53.85,50,72200
20231220,11:06:40,53.85,350,72200
20231220,11:07:16,53.8,1600,72200
20231220,11:07:23,54.0,50,72200
20231220,11:07:31,54.05,850,72200
20231220,11:07:47,53.9,50,72200
20231220,11:07:54,53.8,300,72200
20231220,11:08:16,53.8,300,72200
20231220,11:08:23,53.8,300,72200
20231220,11:08:38,53.85,50,72200
20231220,11:09:06,53.85,300,78800
20231220,11:09:21,53.8,1850,78800
20231220,11:09:43,53.7,850,78800
20231220,11:09:51,53.45,50,78800
20231220,11:10:20,53.55,50,78800
20231220,11:10:56,53.65,50,78800
20231220,11:11:11,53.65,50,78800
20231220,11:11:33,53.65,50,78800
20231220,11:11:41,53.7,50,78800
20231220,11:11:56,53.65,100,78800
20231220,11:13:45,53.65,200,81450
20231220,11:13:53,53.65,200,81450
20231220,11:14:00,53.65,200,81450
20231220,11:14:23,53.65,200,81450
20231220,11:14:30,53.65,50,81450
20231220,11:14:39,53.65,200,81450
20231220,11:14:49,53.65,3550,81450
20231220,11:15:01,53.7,150,81450
20231220,11:15:11,53.8,50,85150
20231220,11:15:19,53.75,50,85150
20231220,11:15:28,53.75,100,85150
20231220,11:15:37,53.7,3100,85150
20231220,11:15:46,53.85,50,85150
20231220,11:18:32,53.9,50,87700
20231220,11:18:40,53.85,300,87700
20231220,11:18:49,53.8,50,87700
20231220,11:19:05,53.65,250,87700
20231220,11:19:22,53.75,50,87700
20231220,11:19:30,53.75,100,87700
20231220,11:19:38,53.7,100,87700
20231220,11:19:56,53.75,50,87700
20231220,11:20:05,53.85,300,87700
20231220,11:20:14,53.8,50,87700
20231220,11:20:39,53.8,50,87700
20231220,11:20:47,53.8,50,87700
20231220,11:21:11,53.8,100,88200
20231220,11:21:20,53.9,50,88200
20231220,11:21:28,54.0,200,88200
20231220,11:21:35,54.05,50,88200
20231220,11:21:43,54.25,350,88200
20231220,11:21:51,54.35,300,88200
20231220,11:21:59,54.35,50,88200
20231220,11:22:13,54.25,150,88200
20231220,11:22:20,54.25,100,88200
20231220,11:22:37,54.2,50,88200
20231220,11:22:46,53.95,50,88200
20231220,11:22:54,54.2,800,88200
20231220,11:23:03,54.15,50,88200
20231220,11:23:11,54.25,50,88200
20231220,11:23:19,54.25,50,88200
20231220,11:23:35,53.95,300,88200
20231220,11:23:59,54.15,50,88200
20231220,11:24:07,54.15,150,88200
20231220,11:24:15,54.1,200,88200
20231220,11:24:24,53.85,200,88200
20231220,11:24:33,53.8,250,88200
20231220,11:25:15,54.0,100,88200
20231220,11:25:32,54.15,50,88200
20231220,11:25:40,54.2,250,88200
20231220,11:25:48,54.25,100,88200
20231220,11:26:04,54.35,50,88200
20231220,11:27:12,54.55,100,88500
20231220,11:29:37,54.45,150,88500
20231220,11:30:11,53.75,50,88600
20231220,11:30:30,53.8,750,88600
20231220,11:30:47,54.05,250,88600
20231220,11:31:05,53.75,100,88600
20231220,11:31:13,53.7,150,88600
20231220,11:31:22,53.8,50,88600
20231220,11:31:40,53.45,1300,88600
20231220,11:31:58,53.65,100,88600
20231220,11:32:06,53.5,100,88600
20231220,11:32:15,53.45,1100,88600
20231220,11:32:23,53.4,200,88600
20231220,11:32:32,53.4,50,88600
20231220,11:33:05,53.25,50,90850
20231220,11:33:42,52.75,150,90850
20231220,11:34:26,52.75,300,90850
20231220,11:35:25,52.05,150,90850
20231220,11:35:52,52.2,50,90850
20231220,11:36:26,52.7,100,90400
20231220,11:37:00,52.4,100,90400
20231220,11:37:37,52.9,50,90400
20231220,11:38:13,53.05,100,90400
20231220,11:38:22,52.95,50,90400
20231220,11:38:39,52.95,200,90400
20231220,11:39:17,52.8,1000,90500
20231220,11:40:31,52.65,50,90500
20231220,11:42:12,52.5,700,90600
20231220,11:42:22,52.65,50,90600
20231220,11:42:57,52.5,300,90600
20231220,11:44:09,51.8,50,90600
20231220,11:45:22,52.25,550,90600
20231220,11:45:31,52.4,250,90600
20231220,11:45:40,52.85,700,90600
20231220,11:45:50,53.0,150,90600
20231220,11:45:58,53.05,50,90600
20231220,11:48:21,52.3,50,90200
20231220,11:49:11,52.6,200,90200
20231220,11:51:25,52.1,100,89950
20231220,11:51:34,52.25,100,89950
20231220,11:52:01,52.05,200,89950
20231220,11:52:10,51.85,100,89950
20231220,11:52:48,51.25,50,89950
20231220,11:53:18,51.2,500,89950
20231220,11:53:48,50.75,750,89950
20231220,11:54:17,50.5,750,89400
20231220,11:54:34,50.65,50,89400
20231220,11:55:01,51.55,100,89400
20231220,11:55:10,51.15,100,89400
20231220,11:56:28,51.75,1900,89400
20231220,11:57:37,52.15,250,88500
20231220,11:57:54,52.25,250,88500
20231220,11:58:04,52.2,350,88500
20231220,11:58:12,52.2,150,88500
20231220,11:58:38,52.2,400,88500
20231220,11:59:55,52.35,150,88500
20231220,12:00:04,52.3,600,88500
20231220,12:00:14,52.2,150,88000
20231220,12:00:22,52.05,650,88000
20231220,12:00:31,52.3,250,88000
20231220,12:00:55,52.35,50,88000
20231220,12:01:19,52.2,50,88000
20231220,12:01:53,52.4,50,88000
20231220,12:02:01,52.45,200,88000
20231220,12:02:20,52.3,50,88000
20231220,12:02:29,52.6,450,88000
20231220,12:02:38,52.5,400,88000
20231220,12:03:04,52.5,250,88000
20231220,12:03:20,52.55,800,87700
20231220,12:03:29,52.45,50,87700
20231220,12:03:37,52.45,1000,87700
20231220,12:03:45,52.35,200,87700
20231220,12:04:03,52.2,100,87700
20231220,12:04:20,52.5,50,87700
20231220,12:04:28,52.5,400,87700
20231220,12:04:37,52.45,250,87700
20231220,12:04:45,52.55,50,87700
20231220,12:04:54,52.5,50,87700
20231220,12:05:02,52.55,100,87700
20231220,12:05:10,52.55,200,87700
20231220,12:05:19,52.6,250,87700
20231220,12:05:28,52.45,450,87700
20231220,12:05:37,52.7,200,87700
20231220,12:05:45,52.75,1300,87700
20231220,12:05:53,52.75,100,87700
20231220,12:06:01,52.85,400,87700
20231220,12:06:26,52.6,50,88450
20231220,12:07:01,52.45,100,88450
20231220,12:07:08,52.35,50,88450
20231220,12:07:40,52.2,100,88450
20231220,12:07:49,52.35,50,88450
20231220,12:08:05,52.25,50,88450
20231220,12:09:52,52.0,500,88550
20231220,12:10:01,52.0,250,88550
20231220,12:10:09,52.05,100,88550
20231220,12:10:27,51.75,100,88550
20231220,12:10:37,51.4,100,88550
20231220,12:11:12,51.35,400,88550
20231220,12:11:21,51.45,50,88550
20231220,12:11:30,51.2,1700,88550
20231220,12:11:39,51.15,650,88550
20231220,12:11:48,51.25,550,88550
20231220,12:11:56,51.45,1450,88550
20231220,12:12:05,51.15,1000,88550
20231220,12:12:21,51.2,100,88500
20231220,12:12:37,51.25,100,88500
20231220,12:13:01,51.15,450,88500
20231220,12:13:18,51.2,50,88500
20231220,12:13:51,51.0,650,88500
20231220,12:14:23,51.05,100,88500
20231220,12:14:31,51.0,150,88500
20231220,12:14:39,51.1,50,88500
20231220,12:14:56,51.0,1700,88500
20231220,12:15:13,51.0,500,89150
20231220,12:15:28,50.8,200,89150
20231220,12:17:11,50.9,100,89150
20231220,12:17:20,50.75,300,89150
20231220,12:18:28,50.7,100,89550
20231220,12:18:37,50.4,1250,89550
20231220,12:18:46,50.45,250,89550
20231220,12:18:54,50.7,50,89550
20231220,12:20:29,50.3,1000,89550
20231220,12:21:59,50.1,250,91400
20231220,12:22:41,50.5,150,91400
20231220,12:22:50,50.45,250,91400
20231220,12:23:08,50.35,250,91400
20231220,12:23:17,50.45,350,91400
20231220,12:23:26,50.4,250,91400
20231220,12:25:16,50.45,150,91350
20231220,12:25:24,50.45,100,91350
20231220,12:25:32,50.65,100,91350
20231220,12:25:40,50.45,100,91350
20231220,12:25:48,50.4,250,91350
20231220,12:25:56,50.4,100,91350
20231220,12:26:12,50.4,150,91350
20231220,12:26:20,50.3,100,91350
20231220,12:26:36,50.4,50,91350
20231220,12:27:07,50.15,200,91500
20231220,12:28:28,50.35,50,91500
20231220,12:28:37,50.25,2050,91500
20231220,12:29:10,50.25,50,91500
20231220,12:30:07,50.1,150,91500
20231220,12:30:32,50.0,100,91500
20231220,12:32:32,49.6,200,91500
20231220,12:32:49,49.35,150,91500
20231220,12:33:06,49.35,1000,91500
20231220,12:33:14,49.35,50,92500
20231220,12:35:24,49.75,50,92500
20231220,12:35:40,49.75,50,92500
20231220,12:36:21,50.0,50,92450
20231220,12:36:38,50.1,150,92450
20231220,12:37:24,50.0,200,92450
20231220,12:39:20,50.1,300,92550
20231220,12:39:28,50.05,100,92550
20231220,12:39:36,50.1,1250,92550
20231220,12:39:44,50.1,300,92550
20231220,12:40:08,50.55,50,92550
20231220,12:40:46,50.75,50,92550
20231220,12:44:17,50.75,50,93800
20231220,12:44:25,50.7,50,93800
20231220,12:44:57,50.5,200,93800
20231220,12:45:37,50.5,50,93750
20231220,12:46:58,50.95,50,93750
20231220,12:50:41,51.0,300,93750
20231220,12:50:57,50.7,150,93750
20231220,12:51:06,50.85,50,93750
20231220,12:52:46,51.6,1200,93800
20231220,12:53:12,51.3,50,93800
20231220,12:54:02,51.65,50,93800
20231220,12:57:50,51.25,500,95100
20231220,12:58:56,50.45,100,95100
20231220,12:59:05,50.65,50,95100
20231220,12:59:31,50.25,100,95100
20231220,13:00:05,50.0,100,95100
20231220,13:00:31,50.1,50,95350
20231220,13:01:14,49.7,100,95350
20231220,13:01:57,49.2,450,95350
20231220,13:02:55,49.2,250,95350
20231220,13:03:11,49.4,100,95350
20231220,13:03:52,49.75,50,95600
20231220,13:04:57,50.3,100,95600
20231220,13:08:55,50.0,150,95750
20231220,13:09:13,49.9,50,95750
20231220,13:09:22,49.8,1050,95850
20231220,13:09:41,49.55,100,95850
20231220,13:10:01,49.25,50,95850
20231220,13:12:33,49.0,50,96050
20231220,13:12:42,49.0,150,96050
20231220,13:13:09,48.6,50,96050
20231220,13:13:28,48.1,50,96050
20231220,13:13:48,47.3,1150,96050
20231220,13:13:57,48.1,50,96050
20231220,13:14:27,48.1,100,96050
20231220,13:14:35,48.45,200,96050
20231220,13:14:44,48.75,50,96050
20231220,13:17:31,48.1,50,96050
20231220,13:18:10,46.95,350,96050
20231220,13:18:39,46.7,150,96150
20231220,13:18:49,46.7,200,96150
20231220,13:19:08,46.65,100,96150
20231220,13:19:17,46.2,100,96150
20231220,13:19:39,46.2,100,96150
20231220,13:19:49,46.15,100,96150
20231220,13:21:27,46.15,50,96050
20231220,13:21:37,47.0,50,96050
20231220,13:21:46,47.05,50,96050
20231220,13:22:06,47.1,100,96050
20231220,13:23:30,47.75,50,96050
20231220,13:23:58,47.0,50,96050
20231220,13:24:18,46.9,50,96050
20231220,13:25:40,46.55,100,96050
20231220,13:26:20,46.05,150,96050
20231220,13:27:11,45.65,250,96050
20231220,13:28:05,44.25,100,96050
20231220,13:28:16,44.0,200,96050
20231220,13:28:38,43.7,350,96050
20231220,13:28:58,42.95,100,96050
20231220,13:29:47,42.95,50,96050
20231220,13:29:57,44.4,50,96050
20231220,13:30:06,44.4,200,96050
20231220,13:31:06,44.6,200,95800
20231220,13:31:28,45.55,250,95800
20231220,13:31:50,44.85,100,95800
20231220,13:32:00,44.2,450,95800
20231220,13:33:45,45.85,650,95200
20231220,13:33:53,45.8,200,95200
20231220,13:34:02,45.65,200,95200
20231220,13:34:10,46.1,550,95200
20231220,13:34:19,46.35,500,95200
20231220,13:34:28,46.2,600,95200
20231220,13:34:49,46.4,150,95200
20231220,13:35:37,46.5,400,95200
20231220,13:36:34,46.15,50,94200
20231220,13:36:54,44.9,250,94200
20231220,13:37:04,44.2,50,94200
20231220,13:37:14,44.25,400,94200
20231220,13:37:59,44.25,900,94200
20231220,13:38:09,44.25,100,94200
20231220,13:38:37,44.8,500,94200
20231220,13:38:55,45.55,200,94200
20231220,13:39:04,45.65,50,94200
20231220,13:39:13,45.05,50,94200
20231220,13:40:15,46.7,50,94250
20231220,13:41:03,46.4,500,94250
20231220,13:41:12,45.7,100,94250
20231220,13:41:22,45.85,500,94250
20231220,13:41:51,46.2,500,94250
20231220,13:42:20,46.9,200,94650
20231220,13:42:29,46.95,100,94650
20231220,13:42:39,46.85,400,94650
20231220,13:42:58,46.95,150,94650
20231220,13:43:08,47.0,500,94650
20231220,13:43:17,47.4,1000,94650
20231220,13:43:26,47.55,100,94650
20231220,13:44:11,48.0,150,94650
20231220,13:44:38,48.3,950,94650
20231220,13:44:56,48.15,50,94650
20231220,13:45:14,48.05,100,94650
20231220,13:45:33,48.1,400,96200
20231220,13:45:42,48.55,50,96200
20231220,13:46:11,47.25,200,96200
20231220,13:47:13,46.75,450,96200
20231220,13:47:22,46.4,1650,96200
20231220,13:47:31,46.15,400,96200
20231220,13:47:41,45.8,100,96200
20231220,13:47:50,45.65,250,96200
20231220,13:47:59,45.25,450,96200
20231220,13:48:59,44.55,100,96500
20231220,13:49:08,44.45,100,96500
20231220,13:49:34,44.3,250,96500
20231220,13:50:16,43.8,150,96500
20231220,13:50:34,43.2,200,96500
20231220,13:51:04,42.8,100,96500
20231220,13:51:24,42.8,500,96500
20231220,13:51:33,43.15,100,97000
20231220,13:51:43,44.0,300,97000
20231220,13:52:02,43.95,300,97000
20231220,13:52:11,44.85,250,97000
20231220,13:52:46,45.25,250,97000
20231220,13:53:21,45.75,100,97000
20231220,13:53:47,45.75,200,97000
20231220,13:54:26,45.95,650,97050
20231220,13:54:36,45.7,150,97050
20231220,13:55:31,45.5,500,97050
20231220,13:57:28,45.2,50,96650
20231220,13:59:13,44.65,100,96650
20231220,13:59:22,44.7,150,96650
20231220,13:59:30,44.85,50,96650
20231220,13:59:39,44.8,250,96650
20231220,14:00:04,44.5,400,96650
20231220,14:00:13,44.9,50,96650
20231220,14:00:22,45.0,200,96650
20231220,14:01:17,45.0,100,95900
20231220,14:02:18,45.0,100,95900
20231220,14:02:28,44.2,1000,95900
20231220,14:02:48,44.55,100,95900
20231220,14:02:58,43.95,100,95900
20231220,14:03:47,44.35,250,96250
20231220,14:03:58,43.8,50,96250
20231220,14:05:11,41.05,150,96250
20231220,14:05:22,40.85,200,96250
20231220,14:06:01,40.55,50,96250
20231220,14:06:38,40.05,100,95900
20231220,14:06:47,40.0,400,95900
20231220,14:08:18,39.75,50,95900
20231220,14:08:28,39.75,200,95900
20231220,14:08:37,38.15,100,95900
20231220,14:09:55,38.15,50,96050
20231220,14:10:04,39.85,100,96050
20231220,14:11:09,41.6,50,96050
20231220,14:11:36,41.9,200,96050
20231220,14:13:14,42.7,50,96400
20231220,14:15:24,43.3,100,96400
20231220,14:16:45,43.05,100,96500
20231220,14:16:55,45.65,100,96500
20231220,14:17:05,45.65,650,96500
20231220,14:17:37,47.85,50,96500
20231220,14:18:24,43.8,100,96500
20231220,14:18:42,43.05,50,97250
20231220,14:18:59,42.9,150,97250
20231220,14:19:08,43.0,50,97250
20231220,14:20:25,45.25,2500,97250
20231220,14:20:33,44.9,100,97250
20231220,14:20:42,44.45,50,97250
20231220,14:20:51,44.05,300,97250
20231220,14:20:59,44.0,50,97250
20231220,14:21:08,44.25,100,97250
20231220,14:22:12,44.1,200,99900
20231220,14:22:22,43.7,200,99900
20231220,14:22:41,43.65,950,99900
20231220,14:22:50,43.65,50,99900
20231220,14:22:59,43.3,300,99900
20231220,14:23:09,42.9,100,99900
20231220,14:23:31,42.6,100,99900
20231220,14:24:35,41.85,100,99900
20231220,14:25:20,41.8,50,99900
20231220,14:26:18,40.65,250,99900
20231220,14:29:20,43.9,50,99700
20231220,14:29:30,45.35,50,99700
20231220,14:31:50,45.35,50,99650
20231220,14:32:08,44.3,50,99650
20231220,14:32:17,44.25,200,99650
20231220,14:34:09,40.0,350,99900
20231220,14:34:19,40.05,150,99900
20231220,14:34:47,40.55,100,99900
20231220,14:35:35,38.2,250,99900
20231220,14:38:11,40.6,200,100500
20231220,14:39:08,40.6,250,100500
20231220,14:39:17,40.6,250,100500
20231220,14:39:27,40.55,50,100500
20231220,14:40:14,40.4,50,101200
20231220,14:41:38,40.1,200,101200
20231220,14:41:58,39.0,1100,101200
20231220,14:43:31,38.3,50,101500
20231220,14:43:43,38.1,50,101500
20231220,14:44:06,37.75,50,101500
20231220,14:44:18,37.5,100,101500
20231220,14:44:42,37.5,50,101500
20231220,14:45:03,38.3,150,101500
20231220,14:45:13,38.75,950,101500
20231220,14:45:23,38.35,50,101500
20231220,14:45:33,38.3,50,101500
20231220,14:46:11,38.9,500,101400
20231220,14:46:58,38.1,200,101400
20231220,14:48:50,38.45,450,101650
20231220,14:49:19,37.8,150,101650
20231220,14:49:28,37.35,50,101650
20231220,14:49:57,37.35,200,101650
20231220,14:50:15,37.4,50,101650
20231220,14:50:24,38.05,100,101650
20231220,14:50:34,37.2,150,101650
20231220,14:50:44,37.25,50,101650
20231220,14:50:53,37.0,150,101650
20231220,14:51:12,36.7,100,101650
20231220,14:51:51,36.7,50,102100
20231220,14:52:00,36.6,250,102100
20231220,14:53:38,36.45,200,102100
20231220,14:53:48,36.45,50,102100
20231220,14:54:17,37.85,50,102100
20231220,14:55:06,38.1,50,102150
20231220,14:56:07,39.0,50,102150
20231220,14:56:17,39.25,100,102150
20231220,14:56:36,39.6,300,102150
20231220,14:57:15,39.75,100,102150
20231220,14:58:29,39.0,50,102300
20231220,14:59:09,38.95,50,102300
20231220,15:00:44,38.85,150,102350
20231220,15:01:04,38.8,100,102350
20231220,15:01:13,38.8,100,102350
20231220,15:01:44,38.0,50,102350
20231220,15:02:07,36.85,100,102350
20231220,15:02:27,36.65,600,102350
20231220,15:02:38,38.0,50,102350
20231220,15:02:59,36.65,250,102350
20231220,15:03:10,36.65,500,102350
20231220,15:03:21,36.6,700,102350
20231220,15:03:42,36.1,50,101350
20231220,15:03:52,36.0,200,101350
20231220,15:04:02,36.0,300,101350
20231220,15:04:52,35.4,1350,101350
20231220,15:05:02,35.6,100,101350
20231220,15:05:21,35.3,150,101350
20231220,15:05:39,35.3,100,101350
20231220,15:05:48,35.65,100,101350
20231220,15:06:16,35.9,100,101350
20231220,15:06:44,36.0,200,101450
20231220,15:06:53,36.2,200,101450
20231220,15:07:21,36.35,600,101450
20231220,15:07:31,36.65,250,101450
20231220,15:07:58,36.45,100,101450
20231220,15:08:07,36.45,200,101450
20231220,15:08:16,36.45,100,101450
20231220,15:08:25,36.45,600,101450
20231220,15:08:34,36.3,500,101450
20231220,15:08:44,36.25,100,101450
20231220,15:09:04,36.3,100,101450
20231220,15:09:14,36.15,250,101450
20231220,15:09:25,36.1,150,101450
20231220,15:09:35,36.2,200,101800
20231220,15:10:03,36.2,100,101800
20231220,15:10:39,36.25,100,101800
20231220,15:10:48,36.65,350,101800
20231220,15:10:57,36.7,50,101800
20231220,15:11:06,36.45,100,101800
20231220,15:11:17,38.7,2900,101800
20231220,15:11:28,39.4,2200,101800
20231220,15:11:38,39.15,1450,101800
20231220,15:11:47,39.15,1850,101800
20231220,15:11:56,39.4,1400,101800
20231220,15:12:06,39.4,600,101800
20231220,15:12:15,39.6,300,101800
20231220,15:12:24,39.6,100,101800
20231220,15:12:32,39.65,250,102100
20231220,15:12:41,39.6,450,102100
20231220,15:12:50,39.7,400,102100
20231220,15:12:59,39.75,750,102100
20231220,15:13:09,39.65,100,102100
20231220,15:13:19,39.65,900,102100
20231220,15:13:29,39.75,100,102100
20231220,15:13:40,39.7,100,102100
20231220,15:13:50,39.45,350,102100
20231220,15:14:30,38.5,300,102100
20231220,15:14:39,38.2,50,102100
20231220,15:14:59,37.95,150,102100
20231220,15:15:09,37.9,300,102100
20231220,15:15:19,37.4,500,102100
20231220,15:16:36,36.3,50,102100
20231220,15:17:23,35.8,200,102300
20231220,15:17:32,35.75,50,102300
20231220,15:18:07,35.95,200,102300
20231220,15:18:34,35.95,50,102300
20231220,15:18:51,35.95,50,102350
20231220,15:19:00,35.95,50,102350
20231220,15:19:26,35.9,100,102350
20231220,15:20:15,36.45,1500,102350
20231220,15:20:35,36.35,500,102350
20231220,15:20:53,36.35,200,102350
20231220,15:21:04,36.05,150,102350
20231220,15:21:15,36.15,300,102350
20231220,15:21:44,36.85,50,103550
20231220,15:22:20,36.0,100,103550
20231220,15:24:06,36.1,150,103550
20231220,15:25:19,36.0,450,103700
20231220,15:25:29,35.45,50,103700
20231220,15:25:50,35.3,1300,103700
20231220,15:26:00,35.05,1000,103700
20231220,15:26:31,35.0,100,103700
20231220,15:26:42,35.0,100,103700
20231220,15:27:03,35.0,200,103700
20231220,15:27:13,35.45,400,103700
20231220,15:27:23,35.5,150,103700
20231220,15:27:33,35.45,250,103700
20231220,15:27:43,35.45,50,104550
20231220,15:27:53,35.4,200,104550
20231220,15:28:23,35.45,50,104550
20231220,15:28:58,35.0,450,104550
20231220,15:29:27,34.1,1050,104550
20231220,15:29:37,28.05,50,104550
20231221,09:15:02,28.0,1,105800
20231221,09:15:02,27.0,300,105800
20231221,09:15:14,28.75,150,105800
20231221,09:15:56,28.75,200,105800
20231221,09:15:56,23.9,200,105800
20231221,09:16:15,27.1,550,105800
20231221,09:16:24,26.2,100,105800
20231221,09:16:33,26.85,50,105800
20231221,09:16:42,28.55,100,105800
20231221,09:17:00,28.5,50,105800
20231221,09:17:10,28.7,150,105800
20231221,09:17:21,28.75,300,105800
20231221,09:17:31,30.0,450,105800
20231221,09:18:34,31.5,1150,105250
20231221,09:18:44,31.5,50,105250
20231221,09:19:07,32.05,100,105250
20231221,09:19:19,32.05,1500,105250
20231221,09:19:50,32.0,100,105250
20231221,09:20:00,32.05,50,105250
20231221,09:20:11,32.6,650,105250
20231221,09:20:30,32.6,300,105250
20231221,09:20:40,32.5,700,105250
20231221,09:20:50,32.25,50,106650
20231221,09:21:09,32.45,350,106650
20231221,09:21:38,31.7,150,106650
20231221,09:21:48,31.8,100,106650
20231221,09:22:20,33.7,250,106650
20231221,09:23:03,33.7,100,106650
20231221,09:24:29,31.6,100,106800
20231221,09:24:58,31.45,50,106800
20231221,09:25:18,31.0,1050,106800
20231221,09:25:47,30.95,100,106800
20231221,09:26:07,30.95,100,106800
20231221,09:26:31,30.4,50,106800
20231221,09:26:42,30.9,900,106800
20231221,09:27:21,30.3,100,108800
20231221,09:27:31,30.75,800,108800
20231221,09:28:00,30.5,100,108800
20231221,09:28:10,30.75,500,108800
20231221,09:28:20,30.2,250,108800
20231221,09:28:49,30.0,50,108800
20231221,09:29:09,29.95,500,108800
20231221,09:29:19,29.95,100,108800
20231221,09:29:28,29.9,550,108800
20231221,09:29:47,29.9,50,109650
20231221,09:29:57,30.0,100,109650
20231221,09:30:16,30.0,50,109650
20231221,09:31:14,30.05,500,109650
20231221,09:31:24,30.2,100,109650
20231221,09:31:34,30.25,200,109650
20231221,09:31:43,30.2,250,109650
20231221,09:32:21,30.05,250,109650
20231221,09:32:30,30.1,650,109650
20231221,09:32:40,29.75,1000,109650
20231221,09:32:49,30.05,600,109950
20231221,09:32:58,30.15,100,109950
20231221,09:33:37,30.2,400,109950
20231221,09:33:56,29.8,350,109950
20231221,09:35:14,29.75,950,109950
20231221,09:35:24,29.15,400,109950
20231221,09:35:34,28.8,450,109950
20231221,09:36:22,28.9,50,110300
20231221,09:36:41,28.7,200,110300
20231221,09:36:51,29.25,1850,110300
20231221,09:37:10,28.9,400,110300
20231221,09:37:29,28.65,50,110300
20231221,09:37:38,28.6,2250,110300
20231221,09:37:48,28.4,5500,110300
20231221,09:37:58,28.5,50,110300
20231221,09:38:07,28.55,1050,110300
20231221,09:38:17,29.1,200,110300
20231221,09:38:29,29.35,500,110300
20231221,09:38:53,29.25,1700,111150
20231221,09:39:05,29.55,300,111150
20231221,09:39:26,29.8,50,111150
20231221,09:39:37,29.75,100,111150
20231221,09:39:59,29.3,100,111150
20231221,09:40:10,29.7,350,111150
20231221,09:40:20,30.05,500,111150
20231221,09:40:30,30.05,100,111150
20231221,09:40:40,30.45,250,111150
20231221,09:40:52,30.45,200,111150
20231221,09:41:04,30.65,200,111150
20231221,09:41:25,30.7,100,111150
20231221,09:41:35,30.75,100,111150
20231221,09:41:55,31.05,700,111350
20231221,09:42:14,30.45,150,111350
20231221,09:42:43,30.6,100,111350
20231221,09:42:54,30.6,550,111350
20231221,09:43:04,30.5,200,111350
20231221,09:43:14,30.6,150,111350
20231221,09:43:24,30.65,600,111350
20231221,09:43:54,31.0,350,111350
20231221,09:44:04,31.05,350,111350
20231221,09:44:14,31.0,100,111350
20231221,09:44:42,30.8,150,111350
20231221,09:45:02,30.6,50,110800
20231221,09:45:12,30.3,50,110800
20231221,09:45:22,30.55,150,110800
20231221,09:45:33,30.8,300,110800
20231221,09:45:44,31.0,200,110800
20231221,09:46:05,30.9,300,110800
20231221,09:46:15,30.95,300,110800
20231221,09:46:36,31.2,1000,110800
20231221,09:46:57,31.1,350,110800
20231221,09:47:18,31.0,150,110800
20231221,09:47:39,31.2,150,110800
20231221,09:47:59,31.15,100,111100
20231221,09:48:09,31.2,100,111100
20231221,09:48:19,31.1,500,111100
20231221,09:48:40,31.1,100,111100
20231221,09:48:50,30.25,1000,111100
20231221,09:49:00,30.5,50,111100
20231221,09:49:12,30.35,1150,111100
20231221,09:49:22,30.2,200,111100
20231221,09:49:33,30.3,250,111100
20231221,09:49:53,30.15,250,111100
20231221,09:50:13,30.05,350,111100
20231221,09:50:23,30.0,50,111100
20231221,09:50:33,29.75,100,111100
20231221,09:51:12,29.75,50,111900
20231221,09:51:22,29.65,100,111900
20231221,09:51:31,29.7,200,111900
20231221,09:51:41,30.2,400,111900
20231221,09:51:51,30.35,600,111900
20231221,09:52:02,30.4,450,111900
20231221,09:53:21,30.0,800,111900
20231221,09:53:31,30.0,200,111900
20231221,09:53:50,29.8,250,111900
20231221,09:54:28,29.6,950,111900
20231221,09:54:37,29.6,700,111900
20231221,09:54:55,29.2,600,111900
20231221,09:55:24,29.15,250,111900
20231221,09:55:33,29.2,50,111900
20231221,09:55:43,29.25,100,111900
20231221,09:56:11,29.15,100,111900
20231221,09:56:30,29.25,400,111900
20231221,09:56:40,29.25,400,111900
20231221,09:56:58,29.0,200,112250
20231221,09:57:08,29.05,200,112250
20231221,09:57:17,29.0,250,112250
20231221,09:57:27,29.05,200,112250
20231221,09:57:36,29.05,100,112250
20231221,09:58:25,28.6,100,112250
20231221,09:59:13,28.65,50,112250
20231221,09:59:22,28.65,300,112250
20231221,09:59:41,29.05,400,112250
20231221,09:59:50,29.15,100,112700
20231221,10:00:00,29.1,100,112700
20231221,10:00:38,28.9,100,112700
20231221,10:01:17,28.95,300,112700
20231221,10:01:26,28.9,50,112700
20231221,10:02:07,29.4,100,112700
20231221,10:02:30,28.7,50,112700
20231221,10:02:40,28.7,1000,112700
20231221,10:03:19,29.1,50,112950
20231221,10:03:29,28.8,1000,112950
20231221,10:03:56,28.8,200,112950
20231221,10:04:05,28.75,450,112950
20231221,10:04:14,28.8,50,112950
20231221,10:04:24,28.8,250,112950
20231221,10:04:33,28.8,50,112950
20231221,10:04:42,29.05,150,112950
20231221,10:05:47,29.45,300,112950
20231221,10:05:57,29.6,150,112950
20231221,10:06:16,29.5,500,113400
20231221,10:07:05,29.65,100,113400
20231221,10:07:45,29.7,200,113400
20231221,10:07:54,29.65,100,113400
20231221,10:08:05,29.85,150,113400
20231221,10:08:17,30.0,800,113400
20231221,10:08:28,30.05,300,113400
20231221,10:08:39,30.15,150,113400
20231221,10:08:50,30.2,150,113000
20231221,10:09:01,30.4,400,113000
20231221,10:09:11,30.6,1100,113000
20231221,10:09:21,30.45,50,113000
20231221,10:09:33,30.7,500,113000
20231221,10:09:46,30.8,200,113000
20231221,10:09:57,30.8,50,113000
20231221,10:10:08,30.7,100,113000
20231221,10:10:28,30.65,100,113000
20231221,10:10:40,30.5,1150,113000
20231221,10:10:50,30.5,200,113000
20231221,10:11:00,30.25,200,113000
20231221,10:11:10,30.3,150,113000
20231221,10:11:30,30.2,200,113000
20231221,10:11:51,30.25,50,113000
20231221,10:12:11,30.25,50,114050
20231221,10:12:31,30.3,100,114050
20231221,10:12:42,30.3,100,114050
20231221,10:13:32,30.0,100,114050
20231221,10:13:53,30.15,50,114050
20231221,10:14:13,30.2,250,114050
20231221,10:14:35,29.65,100,114050
20231221,10:15:33,29.65,50,113850
20231221,10:17:58,30.0,250,113900
20231221,10:19:15,30.15,50,113900
20231221,10:19:35,30.15,100,113900
20231221,10:19:55,30.05,250,113900
20231221,10:20:06,29.95,50,113900
20231221,10:20:35,30.25,100,113900
20231221,10:21:48,30.1,400,113950
20231221,10:22:55,30.05,150,113950
20231221,10:23:16,30.9,100,113950
20231221,10:23:35,31.2,50,113950
20231221,10:23:44,31.2,50,113950
20231221,10:23:54,31.2,50,114400
20231221,10:24:39,31.15,100,114400
20231221,10:24:49,31.4,50,114400
20231221,10:25:45,31.2,100,114400
20231221,10:26:04,31.2,50,114400
20231221,10:29:51,30.45,50,114400
20231221,10:30:11,30.2,100,114450
20231221,10:30:21,29.8,900,114450
20231221,10:30:32,29.55,100,114450
20231221,10:30:42,29.6,600,114450
20231221,10:30:52,29.85,250,114450
20231221,10:31:02,29.55,250,114450
20231221,10:31:13,29.0,1150,114450
20231221,10:31:24,28.2,650,114450
20231221,10:31:34,28.4,250,114450
20231221,10:31:44,28.4,50,114450
20231221,10:31:54,28.45,700,114450
20231221,10:32:04,28.45,1100,114450
20231221,10:32:44,28.8,250,114450
20231221,10:32:53,28.5,50,114450
20231221,10:33:12,28.35,50,115350
20231221,10:35:03,27.95,100,115350
20231221,10:35:22,27.85,250,115350
20231221,10:35:31,27.8,200,115350
20231221,10:35:41,27.75,250,115350
20231221,10:35:50,27.7,700,115350
20231221,10:36:00,27.75,2550,115600
20231221,10:36:38,28.0,1700,115600
20231221,10:36:48,28.35,50,115600
20231221,10:36:57,28.45,50,115600
20231221,10:37:44,28.25,100,115600
20231221,10:38:02,28.15,50,115600
20231221,10:38:21,28.2,150,115600
20231221,10:39:16,27.95,700,113550
20231221,10:39:35,28.0,100,113550
20231221,10:39:44,28.0,850,113550
20231221,10:41:44,28.8,150,113550
20231221,10:42:04,29.15,50,114600
20231221,10:42:14,29.15,250,114600
20231221,10:42:24,28.9,200,114600
20231221,10:42:44,28.95,100,114600
20231221,10:42:54,28.95,50,114600
20231221,10:43:05,29.2,50,114600
20231221,10:43:25,29.3,100,114600
20231221,10:43:45,29.45,50,114600
20231221,10:44:05,29.9,1000,114600
20231221,10:44:14,29.2,400,114600
20231221,10:44:44,29.4,50,114600
20231221,10:45:04,29.35,150,114000
20231221,10:45:14,29.25,200,114000
20231221,10:45:44,29.6,50,114000
20231221,10:45:54,29.7,250,114000
20231221,10:46:14,29.5,300,114000
20231221,10:46:24,29.4,700,114000
20231221,10:46:34,29.55,100,114000
20231221,10:46:44,29.6,50,114000
20231221,10:47:03,29.35,550,114000
20231221,10:47:13,29.2,200,114000
20231221,10:48:30,29.5,50,113400
20231221,10:48:49,29.5,50,113400
20231221,10:49:37,29.0,50,113400
20231221,10:50:37,28.75,1100,113400
20231221,10:51:25,29.0,150,113000
20231221,10:51:35,29.0,50,113000
20231221,10:51:54,28.8,50,113000
20231221,10:52:25,28.95,50,113000
20231221,10:52:37,28.95,50,113000
20231221,10:52:48,29.05,50,113000
20231221,10:53:09,28.7,550,113000
20231221,10:53:19,28.65,500,113000
20231221,10:53:29,28.5,300,113000
20231221,10:53:40,28.7,50,113000
20231221,10:53:52,29.2,150,113000
20231221,10:54:25,28.9,50,112600
20231221,10:54:59,28.75,50,112600
20231221,10:55:11,28.75,50,112600
20231221,10:55:23,28.65,50,112600
20231221,10:55:34,28.75,100,112600
20231221,10:55:46,28.9,200,112600
20231221,10:56:05,28.9,200,112600
20231221,10:56:17,28.7,100,112600
20231221,10:56:27,28.7,400,112600
20231221,10:56:37,28.55,200,112600
20231221,10:56:49,28.5,250,112600
20231221,10:57:08,28.3,150,112850
20231221,10:57:18,28.2,500,112850
20231221,10:57:27,28.3,150,112850
20231221,10:57:46,28.65,50,112850
20231221,10:57:55,28.7,100,112850
20231221,10:59:36,28.7,50,112850
20231221,10:59:46,28.95,50,112850
20231221,11:00:05,28.95,50,112800
20231221,11:00:24,28.95,300,112800
20231221,11:01:21,29.3,200,112800
20231221,11:01:31,29.15,250,112800
20231221,11:01:40,29.1,50,112800
20231221,11:01:50,29.2,50,112800
20231221,11:02:49,29.2,300,112800
20231221,11:03:16,29.3,50,113050
20231221,11:03:45,29.4,50,113050
20231221,11:04:03,29.4,200,113050
20231221,11:04:22,29.7,50,113050
20231221,11:05:18,29.55,50,113050
20231221,11:06:05,29.3,350,113250
20231221,11:06:34,29.65,50,113250
20231221,11:07:03,29.2,50,113250
20231221,11:07:12,28.9,100,113250
20231221,11:07:41,28.9,50,113250
20231221,11:07:50,29.05,50,113250
20231221,11:08:46,29.05,100,113250
20231221,11:10:54,28.95,50,113650
20231221,11:11:03,28.75,50,113650
20231221,11:11:22,28.95,50,113650
20231221,11:11:31,28.8,300,113650
20231221,11:12:00,28.7,50,113650
20231221,11:12:27,28.65,50,114000
20231221,11:12:45,28.6,50,114000
20231221,11:13:03,28.6,250,114000
20231221,11:13:11,28.6,150,114000
20231221,11:15:07,29.2,50,114300
20231221,11:15:25,29.25,50,114300
20231221,11:15:43,28.95,150,114300
20231221,11:16:29,29.0,50,114300
20231221,11:16:47,29.05,50,114300
20231221,11:17:26,28.6,100,114300
20231221,11:17:46,28.6,100,114300
20231221,11:17:55,28.3,50,114300
20231221,11:18:34,28.2,50,114300
20231221,11:19:02,28.0,200,114300
20231221,11:20:55,29.1,150,114300
20231221,11:21:03,29.0,50,114400
20231221,11:21:39,29.0,100,114400
20231221,11:21:57,28.75,50,114400
20231221,11:22:06,28.7,50,114400
20231221,11:22:15,28.55,50,114400
20231221,11:22:24,28.4,850,114400
20231221,11:23:17,28.4,400,114400
20231221,11:23:26,28.55,100,114400
20231221,11:23:45,28.8,150,114400
20231221,11:28:18,28.8,100,114800
20231221,11:29:38,28.65,50,114800
20231221,11:30:04,28.45,100,114950
20231221,11:30:13,28.8,200,114950
20231221,11:30:22,28.75,150,114950
20231221,11:30:31,28.75,50,114950
20231221,11:30:40,28.5,50,114950
20231221,11:30:49,28.4,200,114950
20231221,11:30:58,28.35,400,114950
20231221,11:31:26,28.65,50,114950
20231221,11:32:12,28.6,50,114950
20231221,11:32:47,28.75,100,114950
20231221,11:33:15,28.95,50,114700
20231221,11:33:24,29.1,150,114700
20231221,11:33:34,28.75,100,114700
20231221,11:35:39,28.7,50,114700
20231221,11:35:57,28.55,50,114700
20231221,11:37:51,28.7,50,114650
20231221,11:38:09,28.5,100,114650
20231221,11:38:19,28.45,50,114650
20231221,11:38:46,28.5,250,114650
20231221,11:39:12,28.65,100,114650
20231221,11:41:20,28.8,50,114650
20231221,11:41:55,28.75,50,114650
20231221,11:42:04,28.65,100,114650
20231221,11:42:13,28.65,250,114750
20231221,11:42:22,28.4,400,114750
20231221,11:42:50,28.5,500,114750
20231221,11:42:59,28.55,50,114750
20231221,11:43:08,28.3,50,114750
20231221,11:43:25,28.45,50,114750
20231221,11:43:52,28.3,50,114750
20231221,11:44:09,28.3,50,114750
20231221,11:45:12,28.2,150,114900
20231221,11:45:21,28.1,50,114900
20231221,11:46:41,28.75,50,114900
20231221,11:47:00,28.9,100,114900
20231221,11:47:20,28.8,100,114900
20231221,11:47:50,28.6,50,114900
20231221,11:48:28,28.0,50,114950
20231221,11:48:55,28.2,100,114950
20231221,11:57:57,28.6,100,115000
20231221,11:58:24,28.65,100,115000
20231221,12:00:55,28.95,50,114900
20231221,12:03:46,28.95,100,114950
20231221,12:04:06,28.95,100,114950
20231221,12:04:17,29.1,250,114950
20231221,12:04:28,29.0,100,114950
20231221,12:04:38,29.0,100,114950
20231221,12:05:19,29.1,1650,114950
20231221,12:05:30,29.15,450,114950
20231221,12:05:59,29.1,50,114950
20231221,12:06:09,29.15,250,116150
20231221,12:06:19,29.1,550,116150
20231221,12:06:29,29.1,550,116150
20231221,12:06:38,28.95,150,116150
20231221,12:06:48,28.95,500,116150
20231221,12:06:58,29.0,500,116150
20231221,12:07:08,29.4,50,116150
20231221,12:07:19,29.35,50,116150
20231221,12:09:23,29.25,50,116550
20231221,12:12:29,29.1,50,116600
20231221,12:13:14,29.1,50,116600
20231221,12:13:33,28.9,300,116600
20231221,12:14:09,28.85,50,116600
20231221,12:14:28,28.95,50,116600
20231221,12:14:37,29.0,150,116600
20231221,12:14:46,28.9,200,116600
20231221,12:15:49,28.75,250,116200
20231221,12:16:44,28.8,100,116200
20231221,12:17:54,28.9,50,116200
20231221,12:18:03,28.9,100,116200
20231221,12:20:31,28.85,150,116200
20231221,12:20:48,29.1,50,116200
20231221,12:21:06,29.15,50,116200
20231221,12:21:43,29.25,150,116000
20231221,12:22:55,28.9,50,116000
20231221,12:23:13,29.1,50,116000
20231221,12:23:41,28.9,50,116000
20231221,12:24:17,28.9,200,115950
20231221,12:25:15,29.0,600,115950
20231221,12:25:25,29.0,250,115950
20231221,12:26:14,29.0,50,115950
20231221,12:26:52,29.1,50,115950
20231221,12:28:32,29.5,1000,115900
20231221,12:28:42,29.65,150,115900
20231221,12:28:52,29.85,100,115900
20231221,12:29:42,30.55,50,115900
20231221,12:33:18,31.25,150,116100
20231221,12:33:37,31.25,50,116100
20231221,12:35:13,31.0,50,116100
20231221,12:35:23,30.9,50,116100
20231221,12:35:33,31.15,100,116100
20231221,12:36:39,31.4,100,116200
20231221,12:38:48,31.85,50,116200
20231221,12:38:58,32.1,150,116200
20231221,12:39:08,32.45,100,116200
20231221,12:39:39,32.55,250,116300
20231221,12:39:49,32.55,50,116300
20231221,12:39:59,32.7,300,116300
20231221,12:40:09,32.65,50,116300
20231221,12:41:21,32.75,50,116300
20231221,12:41:51,32.4,50,116300
20231221,12:42:10,32.85,50,116300
20231221,12:44:12,33.05,50,116500
20231221,12:44:32,33.8,100,116500
20231221,12:45:13,33.85,250,116500
20231221,12:45:23,33.85,100,116550
20231221,12:45:33,33.7,150,116550
20231221,12:46:04,32.8,350,116550
20231221,12:46:14,32.95,400,116550
20231221,12:47:55,32.9,150,116550
20231221,12:48:14,32.65,50,116550
20231221,12:48:34,33.0,50,116700
20231221,12:49:04,33.05,50,116700
20231221,12:49:24,33.2,50,116700
20231221,12:50:03,33.05,50,116700
20231221,12:51:12,33.0,150,116700
20231221,12:52:29,33.15,50,116800
20231221,12:53:07,33.0,350,116800
20231221,12:53:37,32.7,50,116800
20231221,12:55:14,33.3,1000,117100
20231221,12:55:24,33.3,1150,117100
20231221,12:55:45,33.1,50,117100
20231221,12:56:05,33.0,250,117100
20231221,12:56:44,32.65,300,117100
20231221,12:56:54,32.5,50,117100
20231221,12:57:04,32.6,100,117100
20231221,12:58:49,33.0,150,117150
20231221,12:58:58,32.9,50,117150
20231221,13:00:05,32.65,350,117150
20231221,13:00:23,33.0,50,117150
20231221,13:00:42,32.45,50,117150
20231221,13:01:10,32.25,50,117150
20231221,13:01:29,31.95,150,117150
20231221,13:01:39,31.3,750,117150
20231221,13:01:50,31.25,1150,117150
20231221,13:01:59,31.0,400,117150
20231221,13:02:09,31.35,50,117150
20231221,13:02:38,31.65,100,117150
20231221,13:02:48,31.65,250,117150
20231221,13:03:07,31.65,50,117150
20231221,13:03:34,31.65,50,116950
20231221,13:03:43,31.55,200,116950
20231221,13:03:53,31.7,100,116950
20231221,13:04:39,31.9,100,116950
20231221,13:05:07,31.9,1100,116950
20231221,13:05:16,31.75,150,116950
20231221,13:05:25,31.75,50,116950
20231221,13:05:43,31.75,200,116950
20231221,13:05:52,31.6,100,116950
20231221,13:06:02,31.5,50,116950
20231221,13:06:29,31.55,50,116950
20231221,13:07:16,31.65,50,116550
20231221,13:07:25,31.7,50,116550
20231221,13:08:02,31.4,250,116550
20231221,13:08:11,31.4,200,116550
20231221,13:08:20,31.3,100,116550
20231221,13:08:29,31.25,500,116550
20231221,13:08:38,31.25,50,116550
20231221,13:08:47,31.2,1100,116550
20231221,13:08:57,31.3,100,116550
20231221,13:09:17,31.1,200,116550
20231221,13:09:26,31.0,400,116850
20231221,13:09:55,30.8,50,116850
20231221,13:10:34,30.75,300,116850
20231221,13:10:44,30.45,150,116850
20231221,13:10:54,30.5,250,116850
20231221,13:11:04,30.3,150,116850
20231221,13:11:14,30.05,150,116850
20231221,13:11:34,30.25,50,116850
20231221,13:12:03,30.6,200,116850
20231221,13:12:13,30.65,200,116850
20231221,13:13:10,30.75,100,117100
20231221,13:16:21,31.65,300,117100
20231221,13:17:09,31.6,400,117100
20231221,13:17:46,31.25,50,117100
20231221,13:18:23,31.25,50,117550
20231221,13:20:05,31.25,200,117550
20231221,13:21:01,31.3,50,117550
20231221,13:22:59,31.15,100,117600
20231221,13:23:17,31.1,150,117600
20231221,13:24:26,31.1,100,117550
20231221,13:24:35,31.2,500,117550
20231221,13:24:45,31.25,200,117550
20231221,13:25:03,31.05,50,117550
20231221,13:25:12,31.0,50,117550
20231221,13:25:50,31.5,50,117550
20231221,13:26:35,31.6,50,117550
20231221,13:27:21,31.45,50,117550
20231221,13:28:14,31.25,100,117500
20231221,13:28:32,31.5,100,117500
20231221,13:28:50,31.5,100,117500
20231221,13:29:26,31.5,100,117500
20231221,13:30:20,31.9,100,117500
20231221,13:30:58,32.1,50,117500
20231221,13:31:08,32.25,100,117500
20231221,13:31:17,32.05,50,117500
20231221,13:33:06,32.75,50,117500
20231221,13:35:39,32.7,50,117300
20231221,13:37:21,31.75,50,117300
20231221,13:37:41,30.9,200,117300
20231221,13:39:33,30.0,200,117300
20231221,13:39:43,29.55,50,117300
20231221,13:39:52,29.85,100,117300
20231221,13:40:02,30.2,300,117300
20231221,13:40:12,30.25,50,117300
20231221,13:40:31,29.75,100,117300
20231221,13:40:52,29.15,50,117300
20231221,13:41:02,28.85,150,117300
20231221,13:41:42,29.1,100,117300
20231221,13:42:00,30.3,2200,117300
20231221,13:42:10,30.5,500,117300
20231221,13:42:20,30.8,150,117300
20231221,13:42:29,30.9,50,117300
20231221,13:42:48,32.0,200,116150
20231221,13:42:57,32.45,150,116150
20231221,13:43:15,31.45,50,116150
20231221,13:44:11,30.95,100,116150
20231221,13:44:20,30.85,250,116150
20231221,13:44:28,30.75,100,116150
20231221,13:45:13,30.4,300,116150
20231221,13:45:22,30.3,100,116150
20231221,13:45:31,29.8,100,116150
20231221,13:45:40,29.9,50,116150
20231221,13:45:49,29.8,250,116150
20231221,13:47:46,30.0,50,116150
20231221,13:47:55,30.0,150,116150
20231221,13:48:04,30.05,100,116150
20231221,13:48:13,30.0,50,116150
20231221,13:49:08,29.95,50,116050
20231221,13:50:22,30.8,50,116050
20231221,13:50:50,31.05,50,116050
20231221,13:51:18,30.45,100,116050
20231221,13:51:27,30.7,50,115900
20231221,13:51:36,30.5,50,115900
20231221,13:51:47,30.4,200,115900
20231221,13:51:57,30.6,50,115900
20231221,13:52:16,30.45,150,115900
20231221,13:53:19,30.4,50,115900
20231221,13:53:30,29.95,50,115900
20231221,13:57:03,29.75,50,116000
20231221,13:57:22,29.5,50,116000
20231221,13:57:31,29.55,300,116000
20231221,13:57:48,29.55,350,116000
20231221,13:58:43,29.7,50,116000
20231221,13:59:02,29.85,50,116000
20231221,13:59:12,30.0,50,116000
20231221,13:59:21,30.0,50,116000
20231221,13:59:40,29.85,50,116000
20231221,13:59:49,29.8,50,116000
20231221,14:00:35,30.5,50,115900
20231221,14:02:50,29.9,100,115900
20231221,14:03:31,29.9,50,115900
20231221,14:04:54,29.25,150,116000
20231221,14:06:38,29.0,200,116000
20231221,14:08:23,29.0,100,116000
20231221,14:09:01,29.0,250,116000
20231221,14:10:59,29.0,300,115800
20231221,14:11:47,29.0,100,115800
20231221,14:12:25,29.0,100,115800
20231221,14:13:41,29.0,100,115400
20231221,14:15:11,29.3,150,115400
20231221,14:17:52,29.25,50,115400
20231221,14:19:09,29.9,250,115400
20231221,14:20:17,30.0,1000,115400
20231221,14:20:26,29.75,150,115400
20231221,14:26:10,30.95,50,116050
20231221,14:26:29,30.45,100,116050
20231221,14:26:38,30.5,150,116050
20231221,14:27:06,31.1,50,116050
20231221,14:28:12,31.45,50,116100
20231221,14:32:06,31.05,50,116100
20231221,14:32:35,30.65,50,116100
20231221,14:33:27,30.8,50,116100
20231221,14:33:37,30.5,100,116150
20231221,14:34:25,30.5,50,116150
20231221,14:35:05,30.55,50,116150
20231221,14:35:24,30.35,100,116150
20231221,14:35:52,30.3,100,116150
20231221,14:36:11,30.45,50,116150
20231221,14:36:21,30.6,200,116150
20231221,14:36:31,30.4,250,116150
20231221,14:36:41,30.4,400,116550
20231221,14:37:00,30.55,200,116550
20231221,14:37:10,30.45,200,116550
20231221,14:37:59,30.4,200,116550
20231221,14:38:41,30.15,100,116550
20231221,14:38:51,30.0,300,116550
20231221,14:39:01,29.85,50,116550
20231221,14:39:11,29.9,150,116550
20231221,14:39:22,30.4,200,116550
20231221,14:39:46,30.15,50,116350
20231221,14:40:09,30.25,100,116350
20231221,14:41:24,31.35,50,116350
20231221,14:42:47,31.6,550,116300
20231221,14:43:27,31.6,250,116300
20231221,14:43:47,31.2,50,116300
20231221,14:43:57,31.0,100,116300
20231221,14:44:16,30.85,100,116300
20231221,14:44:45,30.85,50,116300
20231221,14:44:55,30.8,50,116300
20231221,14:45:14,30.75,50,116300
20231221,14:45:55,30.55,50,116150
20231221,14:46:24,30.8,50,116150
20231221,14:46:45,30.9,50,116150
20231221,14:46:55,30.45,200,116150
20231221,14:47:05,30.45,250,116150
20231221,14:47:25,30.25,250,116150
20231221,14:47:35,30.25,100,116150
20231221,14:47:45,30.0,50,116150
20231221,14:48:15,30.0,150,116150
20231221,14:48:25,29.85,350,116150
20231221,14:48:55,30.2,50,115550
20231221,14:49:24,31.35,250,115550
20231221,14:49:43,32.0,1200,115550
20231221,14:49:54,31.95,50,115550
20231221,14:50:33,31.95,100,115550
20231221,14:50:43,32.0,100,115550
20231221,14:51:02,32.2,50,115550
20231221,14:51:21,32.15,50,115550
20231221,14:54:02,30.9,50,114500
20231221,14:54:12,31.1,150,114500
20231221,14:54:22,31.15,200,114500
20231221,14:54:32,31.2,100,114500
20231221,14:55:22,30.55,50,114550
20231221,14:55:32,30.1,200,114550
20231221,14:56:11,30.0,50,114550
20231221,14:56:30,29.95,50,114550
20231221,14:56:40,29.95,100,114550
20231221,14:56:50,29.95,50,114550
20231221,14:57:00,29.9,100,114550
20231221,14:57:10,29.95,200,114550
20231221,14:57:20,29.9,350,114550
20231221,14:57:30,30.15,50,114550
20231221,14:57:40,30.25,100,114500
20231221,14:58:00,30.25,100,114500
20231221,14:58:19,30.45,350,114500
20231221,14:58:29,30.55,100,114500
20231221,14:58:40,30.55,50,114500
20231221,14:58:50,30.5,350,114500
20231221,14:59:11,30.2,50,114500
20231221,14:59:51,29.85,100,114500
20231221,15:00:12,29.8,100,114500
20231221,15:00:43,29.45,100,114500
20231221,15:01:13,29.65,50,114500
20231221,15:01:23,29.35,600,114500
20231221,15:01:34,29.55,350,114500
20231221,15:01:44,29.35,200,114500
20231221,15:01:54,29.35,50,114500
20231221,15:02:25,29.4,50,114500
20231221,15:02:34,29.0,50,114500
20231221,15:02:54,29.1,150,114500
20231221,15:03:03,29.15,200,114500
20231221,15:03:41,29.15,50,114500
20231221,15:04:29,29.05,250,114700
20231221,15:04:48,29.25,150,114700
20231221,15:04:58,29.3,150,114700
20231221,15:05:48,29.3,200,114700
20231221,15:05:59,29.4,300,114700
20231221,15:06:08,29.25,200,114700
20231221,15:06:18,29.25,150,114700
20231221,15:06:27,29.2,50,114700
20231221,15:06:46,29.15,50,114750
20231221,15:06:56,29.25,450,114750
20231221,15:07:06,29.3,150,114750
20231221,15:07:17,29.35,400,114750
20231221,15:07:28,29.35,250,114750
20231221,15:07:59,29.4,200,114750
20231221,15:08:11,28.8,50,114750
20231221,15:08:33,28.8,50,114750
20231221,15:09:02,28.65,100,114750
20231221,15:09:24,28.0,700,114750
20231221,15:09:58,28.05,100,115050
20231221,15:10:18,28.0,200,115050
20231221,15:10:47,28.2,200,115050
20231221,15:11:51,28.15,200,115050
20231221,15:12:03,28.2,900,115050
20231221,15:12:14,28.05,500,115050
20231221,15:12:24,28.3,700,115050
20231221,15:12:34,28.25,1300,115050
20231221,15:12:45,28.25,1700,116000
20231221,15:12:55,28.15,1550,116000
20231221,15:13:06,28.15,800,116000
20231221,15:13:16,28.5,150,116000
20231221,15:13:26,28.9,200,116000
20231221,15:13:37,28.95,150,116000
20231221,15:13:46,29.1,250,116000
20231221,15:13:56,29.1,300,116000
20231221,15:14:06,29.2,50,116000
20231221,15:14:36,29.25,200,116000
20231221,15:15:06,29.15,1300,116000
20231221,15:15:15,29.65,1200,116000
20231221,15:15:25,29.9,1000,116000
20231221,15:15:35,29.95,100,116000
20231221,15:16:28,29.75,50,116950
20231221,15:16:38,29.75,100,116950
20231221,15:17:28,29.65,200,116950
20231221,15:17:38,29.7,150,116950
20231221,15:17:48,29.9,550,116950
20231221,15:18:36,29.75,200,116950
20231221,15:19:16,29.75,50,116850
20231221,15:20:22,29.6,50,116850
20231221,15:20:43,29.6,50,116850
20231221,15:20:55,29.5,50,116850
20231221,15:21:07,29.45,50,116850
20231221,15:21:47,29.5,900,116850
20231221,15:22:06,29.35,850,117000
20231221,15:22:17,29.1,350,117000
20231221,15:23:07,29.3,50,117000
20231221,15:23:36,29.35,50,117000
20231221,15:23:46,29.4,100,117000
20231221,15:25:46,29.75,50,117050
20231221,15:26:45,30.0,1000,117050
20231221,15:26:55,29.85,50,117050
20231221,15:27:15,29.8,500,117050
20231221,15:27:46,29.75,50,117050
20231221,15:27:56,29.7,250,116600
20231221,15:28:06,29.7,1150,116600
20231221,15:28:27,29.15,750,116600
20231221,15:28:39,28.8,250,116600
20231221,15:28:49,28.8,300,116600
20231221,15:29:00,29.65,300,116600
20231221,15:29:33,29.6,100,116600
20231222,09:15:09,29.0,1,115700
20231222,09:15:09,29.75,1,115700
20231222,09:15:09,29.7,950,115700
20231222,09:15:17,29.7,50,115700
20231222,09:15:52,25.45,500,115700
20231222,09:16:06,25.45,500,115700
20231222,09:16:39,28.0,150,115700
20231222,09:16:46,28.05,100,115700
20231222,09:16:52,28.25,100,115700
20231222,09:16:59,28.3,100,115700
20231222,09:17:05,28.15,50,115700
20231222,09:17:25,27.9,150,115700
20231222,09:17:31,28.1,150,115700
20231222,09:17:38,28.3,50,115900
20231222,09:17:52,28.4,50,115900
20231222,09:18:05,28.4,50,115900
20231222,09:19:04,28.0,700,115900
20231222,09:19:20,27.8,250,115900
20231222,09:19:36,27.95,50,115900
20231222,09:19:52,27.9,300,115900
20231222,09:20:09,28.05,50,115900
20231222,09:20:33,28.1,150,116000
20231222,09:20:41,28.0,50,116000
20231222,09:21:05,28.05,50,116000
20231222,09:21:28,28.15,50,116000
20231222,09:21:36,28.1,50,116000
20231222,09:22:00,28.15,50,116000
20231222,09:22:10,28.05,200,116000
20231222,09:22:20,27.55,750,116000
20231222,09:22:30,27.85,250,116000
20231222,09:22:39,27.45,50,116000
20231222,09:22:55,27.0,100,116000
20231222,09:23:03,26.75,100,116000
20231222,09:23:12,26.85,400,116000
20231222,09:23:20,26.6,300,116000
20231222,09:23:28,26.4,100,116000
20231222,09:23:36,26.4,1450,116000
20231222,09:23:43,26.2,150,116700
20231222,09:23:52,25.8,250,116700
20231222,09:24:00,25.85,100,116700
20231222,09:24:34,25.7,100,116700
20231222,09:24:42,25.7,1200,116700
20231222,09:24:50,25.6,50,116700
20231222,09:24:58,25.5,200,116700
20231222,09:25:06,25.45,50,116700
20231222,09:25:14,25.5,100,116700
20231222,09:26:04,25.95,50,116700
20231222,09:26:13,25.9,50,116700
20231222,09:26:22,25.75,50,116700
20231222,09:27:49,25.55,50,117900
20231222,09:28:07,25.6,50,117900
20231222,09:28:16,25.6,200,117900
20231222,09:28:24,25.65,100,117900
20231222,09:28:32,25.65,100,117900
20231222,09:28:41,25.6,50,117900
20231222,09:28:50,25.55,100,117900
20231222,09:28:59,25.65,200,117900
20231222,09:29:08,25.65,50,117900
20231222,09:29:17,25.65,50,117900
20231222,09:29:26,25.6,250,117900
20231222,09:29:51,25.6,100,118200
20231222,09:30:00,25.65,50,118200
20231222,09:30:09,25.85,50,118200
20231222,09:30:27,25.9,50,118200
20231222,09:30:36,25.9,300,118200
20231222,09:30:45,26.0,350,118200
20231222,09:30:53,26.2,350,118200
20231222,09:31:02,26.3,250,118200
20231222,09:31:36,26.4,250,118200
20231222,09:31:45,26.4,200,118200
20231222,09:32:02,26.4,100,118200
20231222,09:32:19,26.6,250,118200
20231222,09:33:45,26.55,50,118350
20231222,09:34:02,26.6,100,118350
20231222,09:34:28,26.6,500,118350
20231222,09:36:11,25.9,250,118700
20231222,09:36:37,26.2,400,118700
20231222,09:36:46,26.0,150,118700
20231222,09:37:12,26.15,50,118700
20231222,09:37:20,26.0,150,118700
20231222,09:37:29,26.05,50,118700
20231222,09:37:37,26.15,50,118700
20231222,09:37:53,25.9,200,118700
20231222,09:38:02,25.95,150,118700
20231222,09:38:10,25.95,100,118700
20231222,09:38:19,25.95,50,118700
20231222,09:38:27,26.05,500,118700
20231222,09:38:52,25.75,100,118950
20231222,09:39:34,25.6,50,118950
20231222,09:39:42,25.55,150,118950
20231222,09:40:00,25.2,700,118950
20231222,09:40:09,25.1,250,118950
20231222,09:40:17,25.0,450,118950
20231222,09:40:25,24.7,250,118950
20231222,09:40:34,24.6,200,118950
20231222,09:41:49,24.95,350,119300
20231222,09:42:06,25.0,900,119300
20231222,09:42:14,24.95,100,119300
20231222,09:42:48,25.0,150,119300
20231222,09:42:56,24.95,900,119300
20231222,09:43:04,24.95,50,119300
20231222,09:43:12,24.95,50,119300
20231222,09:43:20,24.95,50,119300
20231222,09:43:45,24.55,2700,119300
20231222,09:43:54,24.55,50,119300
20231222,09:44:10,24.75,350,119300
20231222,09:44:19,24.6,450,119300
20231222,09:44:35,24.65,550,121250
20231222,09:44:43,24.9,250,121250
20231222,09:45:07,24.9,250,121250
20231222,09:45:40,24.55,500,121250
20231222,09:46:21,24.85,50,121250
20231222,09:46:37,25.15,450,121250
20231222,09:46:46,25.1,50,121250
20231222,09:46:55,25.3,50,121250
20231222,09:47:05,25.3,100,121250
20231222,09:47:14,25.35,250,121250
20231222,09:47:23,25.4,150,121250
20231222,09:47:49,25.65,200,122150
20231222,09:47:59,26.0,500,122150
20231222,09:48:09,26.05,100,122150
20231222,09:48:18,26.2,300,122150
20231222,09:48:35,26.1,250,122150
20231222,09:49:45,26.15,150,122150
20231222,09:49:54,26.15,50,122150
20231222,09:50:12,25.85,100,122150
20231222,09:50:30,25.95,150,122150
20231222,09:50:38,25.95,50,122250
20231222,09:50:47,25.95,50,122250
20231222,09:52:02,26.05,50,122250
20231222,09:52:11,26.05,50,122250
20231222,09:52:28,26.15,50,122250
20231222,09:52:37,26.5,150,122250
20231222,09:52:54,26.75,150,122250
20231222,09:53:03,27.0,250,122250
20231222,09:53:21,27.3,650,122250
20231222,09:53:45,27.4,350,122250
20231222,09:53:54,27.4,1800,122250
20231222,09:54:03,27.5,50,122250
20231222,09:54:35,27.35,50,122250
20231222,09:55:29,26.25,750,122250
20231222,09:55:38,26.15,950,122250
20231222,09:55:46,26.1,750,122250
20231222,09:56:41,26.45,50,122250
20231222,09:56:50,26.45,100,123400
20231222,09:57:15,25.9,100,123400
20231222,09:57:24,25.9,150,123400
20231222,09:57:33,25.85,50,123400
20231222,09:57:41,25.85,50,123400
20231222,09:57:59,25.9,50,123400
20231222,09:58:24,26.1,900,123400
20231222,09:58:42,26.15,250,123400
20231222,09:58:50,26.15,750,123400
20231222,10:02:38,26.3,100,122400
20231222,10:02:47,26.65,400,122400
20231222,10:02:55,26.65,50,122400
20231222,10:03:03,26.7,300,122400
20231222,10:03:11,26.45,1350,122400
20231222,10:04:24,26.85,100,122400
20231222,10:04:33,26.75,50,122400
20231222,10:04:50,27.0,950,122400
20231222,10:05:07,26.65,200,122400
20231222,10:05:49,26.85,50,121450
20231222,10:05:58,26.9,50,121450
20231222,10:06:06,26.8,100,121450
20231222,10:07:00,26.85,50,121450
20231222,10:07:18,26.8,200,121450
20231222,10:07:34,26.6,150,121450
20231222,10:08:00,26.55,100,121450
20231222,10:08:25,26.45,900,121450
20231222,10:09:18,26.5,500,121750
20231222,10:09:26,26.6,550,121750
20231222,10:09:33,26.7,400,121750
20231222,10:11:12,26.7,50,121750
20231222,10:11:56,26.7,550,122200
20231222,10:13:09,26.65,50,122200
20231222,10:14:50,27.25,100,122350
20231222,10:15:25,27.15,50,122350
20231222,10:15:34,27.15,50,122350
20231222,10:16:25,27.0,250,122350
20231222,10:20:33,27.1,50,122150
20231222,10:20:57,27.1,50,122200
20231222,10:21:22,26.85,50,122200
20231222,10:26:33,27.45,50,122200
20231222,10:29:58,27.65,50,122200
20231222,10:32:35,27.9,50,122200
20231222,10:34:20,27.85,700,122200
20231222,10:35:17,27.7,450,122200
20231222,10:36:09,27.9,100,121850
20231222,10:37:08,27.1,400,121850
20231222,10:37:24,27.4,100,121850
20231222,10:37:32,27.35,650,121850
20231222,10:37:40,27.35,50,121850
20231222,10:38:22,27.0,50,121850
20231222,10:38:54,27.0,150,122250
20231222,10:39:26,27.15,150,122250
20231222,10:39:59,27.6,250,122250
20231222,10:40:32,27.55,100,122250
20231222,10:40:48,27.5,50,122250
20231222,10:40:56,27.5,50,122250
20231222,10:41:04,27.5,50,122250
20231222,10:41:36,27.7,150,122250
20231222,10:42:00,27.6,100,122150
20231222,10:42:08,27.5,450,122150
20231222,10:42:55,27.6,300,122150
20231222,10:44:42,27.8,1050,122150
20231222,10:45:37,27.85,100,122050
20231222,10:46:22,27.8,100,122050
20231222,10:46:30,28.0,250,122050
20231222,10:46:53,28.0,50,122050
20231222,10:47:33,27.7,100,122050
20231222,10:48:19,28.0,50,121950
20231222,10:49:43,28.1,500,121950
20231222,10:51:47,28.5,50,121400
20231222,10:52:05,28.75,50,121400
20231222,10:52:13,28.85,50,121400
20231222,10:53:03,28.8,150,121400
20231222,10:53:28,28.9,300,121400
20231222,10:54:23,28.95,50,121250
20231222,10:55:11,29.05,250,121250
20231222,10:56:42,29.3,50,121250
20231222,10:57:53,29.35,50,121300
20231222,10:58:10,29.5,200,121300
20231222,10:58:19,29.55,50,121300
20231222,10:58:46,29.75,50,121300
20231222,10:59:13,29.75,50,121300
20231222,11:00:25,30.8,3650,121300
20231222,11:00:34,30.35,350,121300
20231222,11:01:00,30.4,2800,121300
20231222,11:01:42,30.7,50,121300
20231222,11:01:51,31.1,150,121300
20231222,11:02:36,31.2,50,121300
20231222,11:02:54,31.35,500,119700
20231222,11:03:11,31.35,50,119700
20231222,11:03:30,31.05,50,119700
20231222,11:03:38,30.85,100,119700
20231222,11:03:56,30.8,50,119700
20231222,11:04:22,30.5,100,119700
20231222,11:04:31,30.25,1100,119700
20231222,11:05:40,30.0,100,119700
20231222,11:05:48,29.85,50,119250
20231222,11:05:57,29.7,50,119250
20231222,11:06:05,29.45,150,119250
20231222,11:06:14,29.55,200,119250
20231222,11:06:39,29.5,50,119250
20231222,11:06:48,29.5,100,119250
20231222,11:06:56,29.7,300,119250
20231222,11:07:39,29.9,50,119250
20231222,11:07:56,30.0,50,119250
20231222,11:09:22,29.2,100,119500
20231222,11:10:38,29.15,100,119500
20231222,11:10:46,29.35,50,119500
20231222,11:11:13,29.4,50,119500
20231222,11:11:21,29.45,100,119500
20231222,11:11:55,30.0,100,119300
20231222,11:12:11,30.2,50,119300
20231222,11:12:28,30.25,50,119300
20231222,11:12:36,30.2,250,119300
20231222,11:12:44,30.2,250,119300
20231222,11:13:25,29.65,50,119300
20231222,11:13:33,29.55,50,119300
20231222,11:13:50,29.65,50,119300
20231222,11:14:24,29.4,50,119300
20231222,11:14:49,29.45,50,119600
20231222,11:15:14,29.7,50,119600
20231222,11:15:37,29.9,50,119600
20231222,11:16:41,29.85,50,119600
20231222,11:16:57,30.1,50,119600
20231222,11:17:54,30.3,50,119600
20231222,11:18:19,30.55,50,119600
20231222,11:26:44,30.6,50,119650
20231222,11:27:32,30.35,1900,119650
20231222,11:28:30,30.45,50,119650
20231222,11:30:04,30.55,150,119750
20231222,11:31:00,30.55,100,119750
20231222,11:31:40,30.55,250,119750
20231222,11:31:48,30.55,50,119750
20231222,11:31:56,30.55,250,119750
20231222,11:32:04,30.95,200,119750
20231222,11:33:34,30.4,50,119100
20231222,11:34:34,30.35,50,119100
20231222,11:34:42,30.35,50,119100
20231222,11:34:59,30.45,50,119100
20231222,11:35:16,30.35,50,119100
20231222,11:35:33,30.3,150,119100
20231222,11:36:23,30.15,200,119300
20231222,11:38:00,30.15,100,119300
20231222,11:40:25,29.7,50,119350
20231222,11:40:41,29.8,50,119350
20231222,11:45:24,30.0,50,119400
20231222,11:45:32,29.9,400,119400
20231222,11:45:40,30.05,50,119400
20231222,11:48:17,30.3,250,119200
20231222,11:54:19,30.0,50,119400
20231222,11:55:25,29.8,150,119400
20231222,11:55:33,30.7,800,119400
20231222,11:56:33,30.6,50,119400
20231222,11:57:43,30.4,50,120150
20231222,11:58:21,30.7,200,120150
20231222,11:58:44,30.65,50,120150
20231222,11:59:07,30.2,50,120150
20231222,12:01:37,30.65,50,120150
20231222,12:07:42,30.65,50,120150
20231222,12:08:28,30.5,50,120150
20231222,12:08:45,30.3,50,120150
20231222,12:09:25,30.2,50,120150
20231222,12:09:32,30.0,950,120250
20231222,12:09:48,30.4,50,120250
20231222,12:11:37,30.0,50,120250
20231222,12:11:58,29.9,100,120100
20231222,12:12:34,30.0,50,120100
20231222,12:12:57,30.0,50,120100
20231222,12:14:20,30.0,50,120100
20231222,12:14:45,29.35,100,120100
20231222,12:14:55,29.15,100,120100
20231222,12:15:28,29.75,50,120250
20231222,12:15:36,29.5,100,120250
20231222,12:16:08,29.35,50,120250
20231222,12:17:14,29.0,50,120250
20231222,12:17:30,29.0,200,120250
20231222,12:18:27,28.75,100,120150
20231222,12:19:03,28.3,100,120150
20231222,12:19:21,28.0,50,120150
20231222,12:19:30,28.1,50,120150
20231222,12:20:32,26.95,750,120150
20231222,12:20:41,27.45,50,120150
20231222,12:21:06,27.35,200,119300
20231222,12:21:15,27.2,700,119300
20231222,12:25:09,27.9,200,118800
20231222,12:25:25,27.85,50,118800
20231222,12:25:33,27.9,650,118800
20231222,12:25:49,27.85,50,118800
20231222,12:25:57,27.9,300,118800
20231222,12:26:12,27.9,100,118800
20231222,12:27:01,28.05,200,118800
20231222,12:27:09,27.9,50,118600
20231222,12:27:50,28.05,50,118600
20231222,12:28:22,28.1,50,118600
20231222,12:28:47,28.05,50,118600
20231222,12:29:02,28.1,350,118600
20231222,12:30:31,28.0,50,118250
20231222,12:30:48,28.15,50,118250
20231222,12:30:56,27.9,50,118250
20231222,12:31:05,27.9,100,118250
20231222,12:32:48,27.35,150,118250
20231222,12:33:06,27.1,100,118500
20231222,12:33:33,26.85,50,118500
20231222,12:33:43,26.5,100,118500
20231222,12:33:53,26.25,100,118500
20231222,12:34:03,26.2,750,118500
20231222,12:34:12,26.05,200,118500
20231222,12:34:21,26.0,150,118500
20231222,12:34:40,25.7,1050,118500
20231222,12:34:57,25.65,200,118500
20231222,12:35:34,25.1,100,118500
20231222,12:36:12,25.0,50,119400
20231222,12:36:21,24.95,400,119400
20231222,12:36:48,25.25,50,119400
20231222,12:36:57,25.35,400,119400
20231222,12:37:25,25.15,50,119400
20231222,12:38:37,26.0,150,119400
20231222,12:38:46,25.8,550,119400
20231222,12:39:12,26.45,1000,120000
20231222,12:39:21,26.25,150,120000
20231222,12:40:06,26.0,50,120000
20231222,12:41:08,25.65,750,120000
20231222,12:43:06,26.25,50,121050
20231222,12:43:32,26.45,50,121050
20231222,12:43:42,26.65,600,121050
20231222,12:44:35,26.7,50,121050
20231222,12:45:03,26.9,50,121050
20231222,12:45:21,27.35,100,121400
20231222,12:45:31,27.5,50,121400
20231222,12:45:49,27.85,250,121400
20231222,12:47:00,27.8,150,121400
20231222,12:47:26,27.75,50,121400
20231222,12:47:45,28.0,250,121400
20231222,12:47:54,28.1,50,121400
20231222,12:50:10,27.85,50,121550
20231222,12:51:23,28.3,200,121550
20231222,12:51:56,28.45,50,121550
20231222,12:52:04,28.25,50,121550
20231222,12:53:32,28.2,250,121550
20231222,12:54:28,28.1,50,121700
20231222,12:54:58,28.1,100,121700
20231222,12:55:14,28.2,200,121700
20231222,12:57:10,27.95,100,122000
20231222,13:01:08,27.95,50,122000
20231222,13:02:20,28.15,50,122000
20231222,13:02:52,28.35,50,122000
20231222,13:04:08,28.4,50,122050
20231222,13:05:52,28.6,50,122050
20231222,13:07:35,28.45,100,122050
20231222,13:08:36,28.45,50,122050
20231222,13:10:44,27.4,50,122200
20231222,13:14:08,26.9,100,122200
20231222,13:14:16,26.9,50,122200
20231222,13:14:53,26.8,50,122200
20231222,13:15:01,26.6,50,122200
20231222,13:15:18,26.6,200,122250
20231222,13:16:38,27.15,50,122250
20231222,13:16:54,27.2,150,122250
20231222,13:18:24,26.8,400,122000
20231222,13:18:33,26.85,50,122000
20231222,13:18:42,27.0,100,122000
20231222,13:21:47,27.75,400,122050
20231222,13:22:52,27.7,50,122050
20231222,13:25:10,27.2,50,122500
20231222,13:25:51,27.2,50,122500
20231222,13:27:28,26.75,500,122500
20231222,13:28:03,26.75,100,122500
20231222,13:28:47,27.0,150,122500
20231222,13:29:03,27.0,50,122500
20231222,13:29:12,26.7,100,122500
20231222,13:29:21,26.7,600,122500
20231222,13:30:37,26.6,50,122850
20231222,13:31:03,26.45,250,122850
20231222,13:31:12,26.4,250,122850
20231222,13:31:21,26.35,100,122850
20231222,13:31:50,26.15,500,122850
20231222,13:31:58,26.2,500,122850
20231222,13:32:16,26.4,500,122850
20231222,13:32:24,26.5,400,122850
20231222,13:32:41,26.35,550,122850
20231222,13:32:58,26.3,350,122850
20231222,13:33:07,26.3,150,122850
20231222,13:33:15,26.35,2450,123450
20231222,13:33:24,26.5,300,123450
20231222,13:34:12,26.55,100,123450
20231222,13:34:20,26.45,300,123450
20231222,13:34:36,26.45,200,123450
20231222,13:35:52,26.5,100,123450
20231222,13:36:00,26.5,700,123450
20231222,13:37:31,26.9,50,123250
20231222,13:39:00,26.5,50,123250
20231222,13:39:09,26.45,200,123250
20231222,13:39:17,26.25,100,123050
20231222,13:39:27,26.0,350,123050
20231222,13:39:37,25.75,50,123050
20231222,13:40:17,25.4,100,123050
20231222,13:41:16,25.0,250,123050
20231222,13:41:26,24.25,100,123050
20231222,13:41:37,24.15,50,123050
20231222,13:41:47,24.15,50,123050
20231222,13:42:06,24.25,250,123050
20231222,13:42:15,24.25,100,123550
20231222,13:42:33,24.4,100,123550
20231222,13:43:09,24.35,200,123550
20231222,13:43:56,23.7,1050,123550
20231222,13:44:06,24.05,50,123550
20231222,13:44:15,24.05,100,123550
20231222,13:44:24,24.05,400,123550
20231222,13:45:00,23.95,350,123550
20231222,13:45:50,23.95,50,122400
20231222,13:46:43,24.55,50,122400
20231222,13:47:01,24.45,50,122400
20231222,13:49:34,23.65,50,122400
20231222,13:49:44,23.65,100,122500
20231222,13:50:02,23.5,50,122500
20231222,13:50:11,23.4,100,122500
20231222,13:50:19,23.15,1100,122500
20231222,13:50:37,23.15,100,122500
20231222,13:51:13,23.0,150,121700
20231222,13:52:28,23.0,50,121700
20231222,13:52:37,23.0,150,121700
20231222,13:52:53,23.05,50,121700
20231222,13:53:18,23.5,50,121700
20231222,13:54:41,24.9,400,121800
20231222,13:58:07,24.7,50,122050
20231222,13:58:16,24.7,400,122050
