date,time,tick_price,volume,open_interest
20231128,09:16:22,258.15,150,1650
20231128,09:16:28,257.35,300,1650
20231128,09:16:49,257.25,300,1650
20231128,09:17:08,257.25,300,1650
20231128,09:17:22,257.25,300,1650
20231128,09:17:29,257.25,300,1650
20231128,09:41:45,257.25,100,1650
20231128,09:41:52,258.0,50,1650
20231128,09:42:07,258.7,150,1650
20231128,09:42:44,259.05,50,1650
20231128,09:52:44,259.05,350,2000
20231128,09:52:44,255.05,350,2000
20231128,09:54:10,257.1,50,2350
20231128,10:00:04,258.5,100,2400
20231128,10:03:38,258.3,100,2500
20231128,10:04:21,259.25,100,2500
20231128,10:05:50,262.2,150,2700
20231128,10:09:44,262.2,100,2850
20231128,10:21:24,264.85,100,2950
20231128,10:23:44,265.75,50,3050
20231128,10:33:43,265.75,100,3100
20231128,10:35:35,254.8,50,3100
20231128,10:36:02,254.8,200,3150
20231128,10:37:57,256.2,100,3150
20231128,10:38:03,256.85,100,3150
20231128,10:38:51,256.45,100,3550
20231128,10:39:43,255.45,100,3550
20231128,10:40:24,255.9,100,3550
20231128,10:44:58,257.8,150,3850
20231128,10:45:25,257.0,150,3850
20231128,10:45:57,256.75,150,3850
20231128,10:59:47,254.95,150,4300
20231128,11:02:38,255.35,50,4300
20231128,11:13:07,253.4,150,4450
20231128,11:13:12,253.4,300,4450
20231128,11:13:30,253.5,300,4450
20231128,11:14:37,253.65,250,4450
20231128,11:15:44,254.05,250,5000
20231128,11:23:39,253.95,100,5250
20231128,11:38:11,255.25,100,5350
20231128,11:38:19,257.8,100,5350
20231128,12:57:02,250.5,150,5650
20231128,12:57:15,250.45,100,5650
20231128,14:28:32,227.25,150,5800
20231128,15:14:56,216.4,150,5650
20231128,15:26:09,213.25,50,5500
20231128,15:26:51,211.0,50,5500
20231129,09:19:16,190.75,1,5550
20231129,09:19:16,190.75,150,5550
20231129,09:21:49,188.45,150,5400
20231129,09:23:21,186.0,50,5400
20231129,09:23:28,185.1,50,5400
20231129,09:26:05,185.1,50,5200
20231129,09:26:34,189.05,50,5200
20231129,09:27:03,188.4,850,5200
20231129,09:27:24,185.75,50,5200
20231129,09:29:56,189.9,50,6050
20231129,09:30:40,189.0,100,6050
20231129,09:33:32,189.5,150,6050
20231129,09:33:39,189.3,300,6050
20231129,09:36:46,189.75,150,5600
20231129,09:36:53,189.75,150,5600
20231129,09:37:15,190.2,150,5600
20231129,09:38:09,188.65,150,5600
20231129,09:38:16,188.25,150,5600
20231129,09:39:36,187.15,150,4850
20231129,09:44:51,186.55,150,5000
20231129,09:49:23,187.3,150,4850
20231129,09:56:10,195.4,50,4700
20231129,10:03:53,195.4,150,4700
20231129,10:07:41,186.55,150,4850
20231129,10:08:49,185.0,100,4850
20231129,10:12:06,185.0,400,4850
20231129,10:16:49,184.0,100,5250
20231129,10:18:44,184.0,400,5250
20231129,10:29:33,183.5,50,5650
20231129,10:31:35,183.5,50,5650
20231129,10:36:00,186.7,50,5700
20231129,10:41:28,187.75,50,5700
20231129,10:41:44,188.2,50,5700
20231129,10:41:52,188.0,50,5700
20231129,10:43:53,186.9,150,5700
20231129,10:52:58,186.6,50,5700
20231129,10:57:11,188.35,50,5550
20231129,10:58:28,190.0,500,5550
20231129,11:09:06,188.15,100,5150
20231129,11:14:14,188.15,50,5150
20231129,11:17:00,189.5,50,5150
20231129,11:22:29,189.5,50,5150
20231129,11:31:13,185.15,150,5200
20231129,11:31:43,184.9,50,5200
20231129,11:32:20,184.8,300,5200
20231129,11:32:51,182.0,150,5200
20231129,11:33:00,182.0,300,4750
20231129,11:36:41,183.1,100,4450
20231129,11:36:57,179.35,100,4450
20231129,11:48:42,179.35,50,4350
20231129,11:51:51,183.4,300,4350
20231129,11:54:33,183.45,900,4350
20231129,11:55:14,183.45,100,4600
20231129,12:05:25,182.65,100,4950
20231129,12:10:39,182.65,50,4950
20231129,12:37:04,182.65,50,4950
20231129,12:42:54,175.95,50,4950
20231129,12:49:03,175.95,50,5000
20231129,12:49:30,183.4,50,5000
20231129,12:55:34,184.2,50,4950
20231129,13:11:14,184.0,600,5000
20231129,13:13:40,173.65,50,5600
20231129,13:17:45,173.65,50,5650
20231129,13:37:59,186.3,50,5650
20231129,13:40:18,163.15,50,5700
20231129,13:52:36,163.15,400,5650
20231129,13:56:44,173.25,100,5600
20231129,14:01:05,171.45,100,5600
20231129,14:01:13,172.05,100,5600
20231129,14:04:01,171.2,50,5700
20231129,14:28:58,168.6,50,5700
20231129,14:33:06,168.65,150,5650
20231129,14:43:51,163.25,50,5600
20231129,14:59:57,166.95,50,5650
20231129,15:02:22,163.05,100,5650
20231129,15:03:36,163.05,50,5650
20231129,15:04:14,163.0,550,5650
20231129,15:04:46,163.0,100,5650
20231129,15:06:16,164.75,250,5650
20231129,15:15:28,158.0,300,5850
20231129,15:25:31,155.05,50,6000
20231129,15:29:05,155.05,50,6000
20231130,09:18:54,160.75,1,6050
20231130,09:18:54,160.75,50,6050
20231130,09:19:51,160.8,100,6050
20231130,09:23:33,160.8,50,6150
20231130,09:28:35,160.0,50,6150
20231130,09:30:14,167.25,50,6200
20231130,09:36:53,157.65,150,6200
20231130,09:50:40,165.4,50,6100
20231130,09:53:20,175.1,50,6050
20231130,09:59:14,188.0,50,6050
20231130,10:00:08,188.0,250,6050
20231130,10:01:50,188.0,150,6050
20231130,10:03:13,188.0,50,6200
20231130,10:04:19,185.6,50,6200
20231130,10:13:12,194.9,300,6200
20231130,10:15:55,194.9,100,6400
20231130,10:17:31,180.0,300,6400
20231130,10:25:16,180.0,100,6400
20231130,10:25:59,180.0,300,6400
20231130,10:31:16,189.05,50,6600
20231130,10:46:23,177.45,50,6650
20231130,10:47:48,168.45,100,6650
20231130,11:12:07,192.0,50,6650
20231130,11:16:11,191.7,50,6600
20231130,11:50:18,184.0,50,6650
20231130,11:57:36,184.0,100,6700
20231130,12:13:14,183.25,50,6800
20231130,12:13:17,183.3,50,6800
20231130,12:13:17,183.4,100,6800
20231130,12:13:19,183.45,300,6800
20231130,12:13:30,183.55,100,6800
20231130,12:13:31,183.55,150,6800
20231130,12:13:31,183.6,50,6800
20231130,12:13:33,183.8,200,6800
20231130,12:13:34,183.75,200,6800
20231130,12:13:35,183.75,50,6800
20231130,12:13:36,183.7,100,6800
20231130,12:13:36,183.65,50,6800
20231130,12:13:37,183.65,250,6800
20231130,12:13:38,183.8,200,6800
20231130,12:13:40,183.7,200,6800
20231130,12:13:41,183.9,200,6800
20231130,12:13:42,184.0,150,6800
20231130,12:13:43,183.95,250,6800
20231130,12:13:43,183.95,50,6800
20231130,12:13:44,183.8,100,6800
20231130,12:13:46,183.85,50,6800
20231130,12:13:47,183.75,100,6800
20231130,12:13:48,183.85,200,6800
20231130,12:13:48,183.75,50,6800
20231130,12:13:49,183.7,150,6800
20231130,12:13:51,183.75,100,6800
20231130,12:14:03,183.55,50,6800
20231130,12:14:04,183.55,100,6800
20231130,12:14:10,183.25,50,6800
20231130,12:14:16,183.45,100,6800
20231130,12:14:16,183.4,50,6800
20231130,12:14:17,183.45,100,6800
20231130,12:14:19,183.55,50,6800
20231130,12:14:20,183.6,100,6800
20231130,12:14:41,184.5,150,6800
20231130,12:14:49,184.2,200,6800
20231130,12:14:50,184.35,250,6800
20231130,12:24:29,187.3,250,8100
20231130,12:26:52,192.8,50,8100
20231130,12:29:03,189.25,350,8000
20231130,12:35:29,187.15,100,8350
20231130,12:37:32,188.8,50,8300
20231130,12:37:51,188.8,100,8300
20231130,12:37:59,187.75,100,8300
20231130,12:41:43,188.55,50,8550
20231130,12:42:25,186.0,300,8550
20231130,12:42:34,186.15,100,8550
20231130,12:42:38,186.1,200,8550
20231130,12:42:39,186.05,100,8550
20231130,12:42:40,185.85,50,8550
20231130,12:42:41,185.75,50,8550
20231130,12:42:44,185.4,50,8550
20231130,12:42:51,185.1,50,8550
20231130,12:42:52,185.15,50,8550
20231130,12:42:53,184.9,50,8550
20231130,12:43:26,184.95,100,8550
20231130,12:43:27,184.95,150,8550
20231130,12:43:28,184.75,50,8550
20231130,12:43:29,184.75,150,8550
20231130,12:43:30,184.2,50,8550
20231130,12:43:32,184.25,50,8550
20231130,12:43:33,184.25,100,8550
20231130,12:43:35,184.3,50,8550
20231130,12:43:36,184.4,250,8550
20231130,12:43:37,184.35,100,8550
20231130,12:43:59,183.0,100,8550
20231130,12:44:03,182.9,50,8550
20231130,12:44:21,183.0,150,8550
20231130,12:44:24,183.15,100,8550
20231130,12:46:22,183.5,50,9900
20231130,12:46:44,183.75,50,9900
20231130,12:49:21,182.0,100,9950
20231130,12:57:59,184.15,100,9950
20231130,13:01:01,183.35,100,10050
20231130,13:10:39,182.8,50,10050
20231130,13:10:40,182.75,150,10050
20231130,13:10:42,182.65,50,10050
20231130,13:10:43,182.7,250,10050
20231130,13:10:44,182.75,150,10050
20231130,13:10:45,182.7,200,10050
20231130,13:10:46,182.6,50,10050
20231130,13:10:51,182.55,200,10050
20231130,13:10:52,182.55,150,10050
20231130,13:11:12,182.4,50,10050
20231130,13:11:19,182.4,150,10050
20231130,13:11:20,182.35,100,10050
20231130,13:11:23,182.0,150,10050
20231130,13:11:24,182.0,100,10050
20231130,13:11:28,181.75,150,10050
20231130,13:11:29,181.55,250,10050
20231130,13:11:30,181.6,300,10050
20231130,13:11:31,181.6,50,10050
20231130,13:11:32,181.85,150,10050
20231130,13:11:32,181.8,50,10050
20231130,13:11:34,181.4,50,10050
20231130,13:11:36,181.55,50,10050
20231130,13:11:37,181.55,50,10050
20231130,13:11:48,181.25,150,10050
20231130,13:11:49,181.1,50,10050
20231130,13:11:50,181.1,150,10050
20231130,13:11:56,181.2,200,10050
20231130,13:11:56,181.2,50,10050
20231130,13:11:57,181.2,50,10050
20231130,13:12:32,180.65,150,12000
20231130,13:12:33,180.6,100,12000
20231130,13:12:37,180.3,100,12000
20231130,13:12:40,180.2,50,12000
20231130,13:12:42,180.35,100,12000
20231130,13:12:45,180.35,50,12000
20231130,13:12:49,180.25,100,12000
20231130,13:12:50,180.2,50,12000
20231130,13:13:07,180.35,200,12000
20231130,13:13:08,180.3,100,12000
20231130,13:13:09,180.25,200,12000
20231130,13:13:10,180.2,200,12000
20231130,13:13:11,180.2,100,12000
20231130,13:13:12,180.2,100,12000
20231130,13:13:21,179.95,350,12000
20231130,13:13:22,180.0,50,12000
20231130,13:14:09,179.0,50,12000
20231130,13:15:16,176.25,50,12000
20231130,13:19:46,179.4,50,13500
20231130,13:19:57,179.1,50,13500
20231130,13:34:57,184.4,100,13500
20231130,13:48:10,165.0,100,13600
20231130,13:49:01,165.0,550,13600
20231130,13:49:02,165.0,600,13600
20231130,13:49:24,165.0,200,13600
20231130,13:49:34,165.0,200,13600
20231130,13:50:46,165.0,200,13600
20231130,13:52:22,165.0,50,13700
20231130,14:03:32,173.3,50,13750
20231130,14:21:04,181.9,150,13800
20231130,14:24:11,181.95,150,13800
20231130,14:25:09,181.75,250,13800
20231130,14:43:49,163.55,50,13900
20231130,14:54:19,171.7,50,13850
20231130,15:03:50,163.55,50,13850
20231130,15:04:34,164.0,50,13850
20231130,15:06:55,160.0,150,13950
20231130,15:13:23,163.7,100,14100
20231130,15:13:47,161.1,50,14100
20231130,15:15:42,161.1,50,14150
20231130,15:16:32,163.45,50,14150
20231130,15:22:01,155.0,50,14200
20231130,15:23:02,151.75,50,14200
20231130,15:23:55,151.75,50,14200
20231130,15:24:04,155.7,50,14200
20231130,15:24:13,155.8,50,14200
20231130,15:26:23,157.6,50,14250
20231130,15:28:02,165.25,100,14250
20231201,09:15:17,146.65,1,14200
20231201,09:15:17,146.65,50,14200
20231201,09:15:24,144.4,1550,14200
20231201,09:15:30,144.4,1050,14200
20231201,09:15:36,146.7,700,14200
20231201,09:15:42,147.05,150,14200
20231201,09:15:48,146.55,550,14200
20231201,09:16:00,146.45,50,14200
20231201,09:16:25,146.35,1500,14200
20231201,09:16:32,146.35,150,14200
20231201,09:16:38,149.65,100,14200
20231201,09:17:22,149.65,50,20050
20231201,09:17:28,139.55,50,20050
20231201,09:17:40,139.55,300,20050
20231201,09:18:06,139.5,50,20050
20231201,09:18:13,138.1,50,20050
20231201,09:18:39,138.1,50,20050
20231201,09:19:01,137.4,200,20050
20231201,09:19:25,137.4,50,20050
20231201,09:19:56,138.5,100,20050
20231201,09:21:34,134.9,50,19600
20231201,09:21:41,134.9,50,19600
20231201,09:22:05,135.15,50,19600
20231201,09:22:21,136.3,100,19600
20231201,09:22:29,136.25,250,19600
20231201,09:22:45,136.35,50,19600
20231201,09:23:01,135.95,100,19600
20231201,09:23:09,135.1,100,19600
20231201,09:23:16,135.3,50,19150
20231201,09:23:24,134.85,250,19150
20231201,09:23:39,134.85,200,19150
20231201,09:23:46,134.85,300,19150
20231201,09:24:17,134.85,50,19150
20231201,09:24:47,134.7,350,19150
20231201,09:25:24,134.75,200,19150
20231201,09:25:39,134.2,300,19150
20231201,09:25:54,133.75,500,19150
20231201,09:26:01,133.6,300,19150
20231201,09:27:39,133.6,100,17200
20231201,09:28:50,133.55,700,17200
20231201,09:28:58,133.65,500,17200
20231201,09:29:30,132.85,50,16700
20231201,09:29:45,132.85,50,16700
20231201,09:29:53,132.9,150,16700
20231201,09:30:40,132.85,150,16700
20231201,09:30:48,132.85,50,16700
20231201,09:30:56,132.65,550,16700
20231201,09:31:11,132.55,100,16700
20231201,09:31:18,132.55,100,16700
20231201,09:32:17,132.55,50,16600
20231201,09:32:24,132.5,300,16600
20231201,09:32:32,132.35,50,16600
20231201,09:32:39,132.2,400,16600
20231201,09:33:01,132.25,250,16600
20231201,09:33:17,130.45,350,16600
20231201,09:34:04,130.45,100,16600
20231201,09:34:20,131.95,100,16600
20231201,09:37:29,134.45,200,16300
20231201,09:38:08,134.7,150,16300
20231201,09:38:40,134.2,100,15950
20231201,09:40:04,134.2,50,15950
20231201,09:49:42,130.0,300,15850
20231201,09:49:58,130.0,50,15850
20231201,09:51:49,126.0,100,15700
20231201,09:52:13,125.0,200,15700
20231201,09:53:00,125.0,50,15700
20231201,09:53:08,126.6,50,15700
20231201,09:57:46,125.0,400,15700
20231201,09:57:55,124.0,50,15700
20231201,09:58:56,124.0,50,15700
20231201,10:02:36,124.0,200,16100
20231201,10:08:17,128.15,50,15950
20231201,10:11:46,125.95,50,16000
20231201,10:12:17,125.0,50,16000
20231201,10:14:09,127.0,50,16000
20231201,10:18:13,127.0,50,15950
20231201,10:18:50,127.0,50,15950
20231201,10:19:04,127.65,50,15950
20231201,10:19:48,124.95,50,15950
20231201,10:20:02,127.9,100,15950
20231201,10:25:21,128.5,50,15900
20231201,10:27:52,125.4,250,15850
20231201,10:31:18,132.75,100,15600
20231201,10:33:06,128.8,200,15650
20231201,10:36:09,126.95,100,15550
20231201,10:37:22,127.35,50,15550
20231201,10:37:44,131.3,50,15550
20231201,10:38:35,129.4,50,15550
20231201,10:38:43,128.5,50,15550
20231201,10:39:35,127.1,50,15550
20231201,10:40:05,127.1,100,15550
20231201,10:50:22,128.0,250,15450
20231201,10:58:06,127.1,100,15350
20231201,11:17:46,127.35,100,15350
20231201,11:20:59,125.85,50,15350
20231201,11:26:34,123.0,400,15350
20231201,11:26:43,123.0,50,15650
20231201,11:36:08,125.0,100,15700
20231201,11:36:46,125.0,50,15700
20231201,11:39:30,125.0,50,15700
20231201,11:43:53,126.05,250,15700
20231201,11:56:41,125.65,100,15500
20231201,11:58:17,126.1,150,15500
20231201,11:58:25,125.1,100,15500
20231201,12:00:52,125.65,100,15550
20231201,12:03:01,126.15,50,15550
20231201,12:03:32,125.35,200,15550
20231201,12:07:21,125.6,250,15550
20231201,12:08:41,126.65,50,15550
20231201,12:09:41,125.6,50,15550
20231201,12:10:19,125.6,50,15550
20231201,12:17:14,128.0,50,15550
20231201,12:20:23,127.0,50,15550
20231201,12:21:53,126.5,150,15550
20231201,12:22:09,126.5,50,15550
20231201,12:22:17,126.0,100,15550
20231201,12:23:35,128.0,50,15550
20231201,12:27:17,128.3,50,15600
20231201,13:15:54,127.3,50,15600
20231201,13:23:08,127.3,50,15600
20231201,13:23:58,127.3,500,15650
20231201,13:24:05,127.3,500,15650
20231201,13:31:57,127.0,50,16000
20231201,13:32:20,127.0,1000,16000
20231201,13:36:09,126.75,100,16000
20231201,13:36:23,126.2,100,16000
20231201,13:39:59,126.5,100,16000
20231201,13:48:58,125.45,50,16000
20231201,13:49:25,125.45,50,16000
20231201,13:49:40,125.0,100,16000
20231201,14:07:54,125.0,500,15950
20231201,14:19:22,122.65,50,15950
20231201,14:22:12,122.65,100,16000
20231201,14:27:01,123.15,50,16100
20231201,14:28:18,124.0,500,16150
20231201,14:28:26,123.8,300,16150
20231201,14:28:34,123.95,250,16150
20231201,14:28:41,123.9,750,16150
20231201,14:29:04,123.7,500,16150
20231201,14:31:40,123.7,50,18100
20231201,14:31:48,122.9,100,18100
20231201,14:32:35,124.2,150,18100
20231201,14:34:57,122.95,250,18250
20231201,14:35:59,122.05,50,18250
20231201,14:40:01,122.05,50,17900
20231201,14:41:04,124.7,100,17900
20231201,14:42:37,126.8,50,17850
20231201,14:44:04,128.1,50,17850
20231201,14:48:00,127.5,150,17900
20231201,14:51:20,124.9,50,17850
20231201,14:53:17,129.7,50,17850
20231201,15:06:11,126.0,200,17900
20231201,15:07:42,127.6,150,17900
20231201,15:12:50,127.6,800,18100
20231201,15:13:05,127.6,400,18100
20231201,15:13:13,127.6,100,18100
20231201,15:13:44,127.6,250,18100
20231201,15:15:31,127.6,2050,18950
20231201,15:17:32,125.25,50,18950
20231201,15:22:01,128.65,50,20750
20231201,15:22:33,126.4,50,20750
20231201,15:27:41,127.4,300,21000
20231201,15:28:07,128.0,50,21000
20231201,15:28:25,129.4,50,21000
20231201,15:28:43,130.1,50,21000
20231201,15:28:51,127.4,100,21000
20231204,09:17:36,71.05,1,18800
20231204,09:17:36,71.15,1,18800
20231204,09:17:36,70.65,500,18800
20231204,09:18:00,69.8,300,18800
20231204,09:18:15,68.45,50,18800
20231204,09:18:31,68.45,150,18800
20231204,09:18:47,73.0,50,18800
20231204,09:19:02,73.0,50,18800
20231204,09:19:18,70.0,150,18800
20231204,09:19:25,70.8,50,18800
20231204,09:19:40,70.8,50,18800
20231204,09:19:48,70.75,50,18800
20231204,09:19:57,68.05,150,18800
20231204,09:20:06,68.05,100,18800
20231204,09:20:14,68.05,50,18800
20231204,09:21:06,76.4,50,19350
20231204,09:21:29,71.9,300,19350
20231204,09:21:32,77.5,900,19350
20231204,09:21:37,77.5,50,19350
20231204,09:22:36,70.0,300,19350
20231204,09:23:08,68.0,50,19350
20231204,09:23:16,68.0,50,19350
20231204,09:23:24,68.0,50,19350
20231204,09:23:33,68.0,400,20700
20231204,09:23:50,68.0,100,20700
20231204,09:23:58,68.0,50,20700
20231204,09:24:07,65.2,100,20700
20231204,09:24:15,65.0,1300,20700
20231204,09:24:24,65.0,400,20700
20231204,09:24:49,65.9,50,20700
20231204,09:24:57,65.95,100,20700
20231204,09:25:47,66.0,50,20700
20231204,09:26:04,67.6,150,20700
20231204,09:27:04,66.6,50,22700
20231204,09:27:29,66.0,50,22700
20231204,09:28:19,64.95,250,22700
20231204,09:29:00,64.0,200,22700
20231204,09:29:50,63.95,100,23100
20231204,09:30:48,63.95,100,23100
20231204,09:34:48,62.9,50,23300
20231204,09:35:36,62.6,100,23300
20231204,09:36:17,62.6,150,23300
20231204,09:36:50,60.85,50,23300
20231204,09:37:06,60.85,50,23300
20231204,09:38:09,63.3,100,23300
20231204,09:39:11,62.1,100,23250
20231204,09:39:42,63.5,50,23250
20231204,09:40:05,64.0,2200,23250
20231204,09:40:51,63.75,100,23250
20231204,09:40:59,63.45,1300,23250
20231204,09:41:14,63.55,50,23250
20231204,09:41:38,64.15,200,25200
20231204,09:42:02,64.9,150,25200
20231204,09:42:10,64.6,50,25200
20231204,09:42:26,64.85,50,25200
20231204,09:42:42,64.75,600,25200
20231204,09:42:59,63.85,100,25200
20231204,09:44:47,64.85,50,24650
20231204,09:45:17,65.35,50,24650
20231204,09:46:13,65.75,50,24650
20231204,09:46:21,66.2,350,24650
20231204,09:46:38,64.85,200,24650
20231204,09:47:43,65.85,50,25050
20231204,09:49:56,65.0,300,25050
20231204,09:51:54,63.45,50,25350
20231204,09:52:03,63.45,50,25350
20231204,09:52:43,63.4,150,25350
20231204,09:53:42,63.5,350,25550
20231204,09:56:55,64.45,50,25600
20231204,09:59:09,64.6,50,25600
20231204,10:00:57,63.95,200,25650
20231204,10:01:13,63.95,100,25650
20231204,10:01:30,64.0,100,25650
20231204,10:02:21,64.35,100,25650
20231204,10:03:12,63.65,100,26000
20231204,10:04:36,64.05,200,26000
20231204,10:04:44,64.7,200,26000
20231204,10:05:18,63.6,150,26000
20231204,10:05:26,63.7,100,26000
20231204,10:08:59,63.35,50,26200
20231204,10:15:15,64.95,50,26150
20231204,10:15:56,64.5,50,26150
20231204,10:16:19,65.3,50,26150
20231204,10:16:35,65.2,50,26150
20231204,10:18:49,65.05,100,26150
20231204,10:19:28,65.0,50,26150
20231204,10:19:36,65.0,50,26150
20231204,10:21:09,65.25,200,26200
20231204,10:21:57,65.45,100,26200
20231204,10:22:30,65.5,100,26200
20231204,10:23:02,64.7,50,26200
20231204,10:24:14,64.65,50,26050
20231204,10:24:30,64.0,50,26050
20231204,10:25:33,63.65,100,26050
20231204,10:25:41,63.65,50,26050
20231204,10:25:50,63.65,150,26050
20231204,10:27:33,62.65,700,26350
20231204,10:27:50,63.55,150,26350
20231204,10:27:58,62.3,500,26350
20231204,10:28:23,62.8,200,26350
20231204,10:28:39,63.6,50,26350
20231204,10:28:47,63.3,50,26350
20231204,10:29:18,63.55,100,26350
20231204,10:29:26,63.05,100,26350
20231204,10:32:07,64.65,50,27300
20231204,10:34:29,64.4,50,27300
20231204,10:37:20,64.95,50,27350
20231204,10:38:15,64.95,50,27350
20231204,10:39:00,65.0,50,27450
20231204,10:41:54,64.5,200,27450
20231204,10:42:34,64.0,50,27450
20231204,10:43:29,63.0,100,27450
20231204,10:45:46,64.05,50,27750
20231204,10:47:43,63.25,50,27750
20231204,10:47:46,63.1,200,27750
20231204,10:48:02,63.1,100,27750
20231204,10:49:48,64.3,100,27750
20231204,10:56:39,64.15,50,27700
20231204,11:00:17,64.05,800,27750
20231204,11:00:56,63.75,200,27750
20231204,11:01:20,62.65,50,27750
20231204,11:03:13,64.15,150,28450
20231204,11:04:37,63.4,50,28450
20231204,11:04:53,63.25,50,28450
20231204,11:07:48,62.7,50,28650
20231204,11:07:56,62.65,200,28650
20231204,11:11:38,62.0,50,28900
20231204,11:12:21,60.45,50,28950
20231204,11:12:29,60.45,600,28950
20231204,11:14:39,60.65,50,28300
20231204,11:16:12,60.0,50,28300
20231204,11:19:48,60.0,750,28350
20231204,11:19:56,61.9,400,28350
20231204,11:20:21,62.05,50,28350
20231204,11:20:46,67.3,1250,28100
20231204,11:20:55,62.2,400,28100
20231204,11:21:11,62.7,50,28100
20231204,11:21:19,62.55,600,28100
20231204,11:24:24,62.4,50,30200
20231204,11:25:51,61.7,150,30200
20231204,11:26:45,60.6,100,30250
20231204,11:27:52,61.35,50,30250
20231204,11:37:44,61.1,200,30200
20231204,11:39:03,61.5,100,30250
20231204,11:43:57,62.0,100,30350
20231204,11:44:35,61.0,500,30350
20231204,11:48:08,60.95,50,30900
20231204,11:50:02,60.6,50,30900
20231204,11:52:00,60.95,250,30950
20231204,11:53:31,61.4,200,30950
20231204,11:53:53,61.0,50,30700
20231204,11:57:04,60.35,100,30750
20231204,11:57:12,60.35,200,30750
20231204,11:58:20,60.25,50,30750
20231204,11:59:17,60.25,50,30750
20231204,11:59:59,60.25,850,31150
20231204,12:04:04,60.0,100,32000
20231204,12:05:03,60.0,250,32000
20231204,12:05:11,60.0,400,32000
20231204,12:05:37,60.65,50,32000
20231204,12:07:47,60.65,50,32800
20231204,12:08:12,61.05,50,32800
20231204,12:10:19,60.55,50,32850
20231204,12:11:28,60.0,250,32850
20231204,12:11:36,59.25,450,32850
20231204,12:16:38,59.25,50,32850
20231204,12:31:30,61.45,50,32900
20231204,12:37:32,60.8,50,32950
20231204,12:42:34,60.45,50,33000
20231204,12:43:04,59.7,50,33000
20231204,12:53:26,60.95,50,33100
20231204,12:57:40,60.0,50,33150
20231204,12:59:06,59.7,50,33150
20231204,13:00:45,59.25,50,33250
20231204,13:03:04,59.7,250,33250
20231204,13:03:12,59.7,1600,33250
20231204,13:08:09,59.7,200,31450
20231204,13:12:25,59.85,50,31250
20231204,13:15:42,59.7,50,31300
20231204,13:16:33,59.2,150,31300
20231204,13:16:51,59.2,50,31300
20231204,13:21:38,59.45,400,31550
20231204,13:21:47,59.4,50,31550
20231204,13:21:55,59.6,50,31550
20231204,13:24:50,60.0,100,31850
20231204,13:25:07,59.8,350,31850
20231204,13:25:33,58.75,50,31850
20231204,13:25:50,58.75,450,31850
20231204,13:27:59,60.0,150,31850
20231204,13:28:58,60.8,50,31700
20231204,13:33:11,59.75,50,31700
20231204,13:35:39,62.75,600,31700
20231204,13:39:07,60.35,100,32250
20231204,13:40:13,59.95,150,32250
20231204,13:40:29,59.85,350,32250
20231204,13:40:53,60.7,50,32250
20231204,13:45:20,60.2,150,32200
20231204,13:45:23,58.95,50,32200
20231204,13:48:30,61.5,50,32300
20231204,13:50:09,60.4,50,32300
20231204,13:51:38,60.0,50,32350
20231204,13:57:34,60.05,50,32400
20231204,14:03:08,58.6,400,32400
20231204,14:04:33,58.4,50,32400
20231204,14:07:40,58.0,50,32700
20231204,14:11:39,58.0,200,32650
20231204,14:17:02,57.05,200,32650
20231204,14:17:12,57.0,50,32650
20231204,14:18:25,57.0,100,32900
20231204,14:18:52,56.1,100,32900
20231204,14:19:19,56.1,100,32900
20231204,14:20:22,56.35,50,32900
20231204,14:23:02,57.85,100,32850
20231204,14:23:37,57.8,200,32850
20231204,14:33:54,57.85,500,32850
20231204,14:35:36,57.6,50,32850
20231204,14:37:14,57.5,50,33150
20231204,14:40:15,57.5,150,33150
20231204,14:43:20,53.3,400,33300
20231204,14:43:29,57.1,50,33300
20231204,14:47:34,59.65,50,33550
20231204,14:49:21,57.55,50,33550
20231204,14:49:58,57.25,50,33550
20231204,14:50:07,57.2,100,33550
20231204,14:55:25,56.4,250,33550
20231204,14:56:31,56.4,200,33550
20231204,14:57:00,56.0,100,33550
20231204,15:01:12,56.0,50,33800
20231204,15:02:53,56.0,50,33800
20231204,15:04:51,57.0,200,33850
20231204,15:05:20,60.55,300,33850
20231204,15:05:49,57.0,50,33850
20231204,15:06:18,55.05,300,33800
20231204,15:06:28,57.6,250,33800
20231204,15:09:38,59.9,100,33750
20231204,15:09:47,58.55,50,33750
20231204,15:10:15,57.9,150,33750
20231204,15:10:25,58.15,100,33750
20231204,15:10:34,57.65,100,33750
20231204,15:12:28,58.15,50,33950
20231204,15:13:46,58.2,50,33950
20231204,15:14:15,58.2,100,33950
20231204,15:15:24,58.2,50,34050
20231204,15:16:51,56.65,450,34050
20231204,15:18:37,57.0,50,33900
20231204,15:19:53,57.0,50,33900
20231204,15:21:19,58.0,50,33900
20231204,15:21:38,59.0,500,33900
20231204,15:22:26,55.0,1350,33900
20231204,15:23:24,57.8,200,33900
20231204,15:24:39,57.6,50,34000
20231204,15:25:18,57.6,200,34000
20231204,15:26:07,57.6,50,34000
20231204,15:27:05,57.25,50,34000
20231204,15:27:25,55.05,50,34300
20231204,15:27:44,55.85,450,34300
20231204,15:28:41,55.85,100,34300
20231204,15:29:58,57.65,150,34300
20231204,15:30:03,57.65,150,34300
20231205,09:17:06,55.05,1,34200
20231205,09:17:06,55.0,150,34200
20231205,09:17:26,50.55,50,34200
20231205,09:20:46,50.55,50,34300
20231205,09:21:18,59.3,200,34300
20231205,09:22:20,54.85,200,34300
20231205,09:23:10,55.4,50,34300
20231205,09:23:40,58.85,50,34300
20231205,09:26:20,52.95,600,34300
20231205,09:27:03,54.85,50,33800
20231205,09:28:18,56.0,50,33800
20231205,09:30:36,55.95,50,33850
20231205,09:30:57,55.85,450,33850
20231205,09:31:29,56.0,100,33850
20231205,09:32:55,54.2,50,34250
20231205,09:34:09,54.2,50,34250
20231205,09:35:56,57.0,100,34250
20231205,09:36:06,55.7,100,34250
20231205,09:36:39,55.05,50,34250
20231205,09:37:10,55.0,50,34250
20231205,09:39:18,54.2,150,34500
20231205,09:39:50,54.0,100,34500
20231205,09:41:38,54.0,600,34800
20231205,09:44:48,53.15,100,35250
20231205,09:45:10,53.0,100,35250
20231205,09:45:32,53.2,1000,35250
20231205,09:46:04,52.0,500,35250
20231205,09:46:26,52.6,1000,35250
20231205,09:46:47,52.0,50,35250
20231205,09:52:23,52.5,50,37800
20231205,09:53:05,52.65,100,37800
20231205,09:56:18,53.35,50,37850
20231205,10:02:17,53.35,250,37900
20231205,10:05:48,54.85,100,38000
20231205,10:05:59,52.5,150,38000
20231205,10:06:10,52.45,50,38000
20231205,10:08:06,50.95,50,38000
20231205,10:10:00,53.9,300,38050
20231205,10:11:13,54.55,50,38050
20231205,10:14:56,51.95,100,38400
20231205,10:17:49,52.45,50,38400
20231205,10:19:38,53.3,100,38400
20231205,10:19:49,52.55,100,38400
20231205,10:20:33,53.0,50,38400
20231205,10:22:14,53.0,400,38400
20231205,10:24:08,54.65,50,38800
20231205,10:24:49,55.0,100,38800
20231205,10:25:41,54.75,100,38800
20231205,10:26:52,54.6,50,38900
20231205,10:28:35,54.85,50,38900
20231205,10:29:26,54.0,100,38900
20231205,10:29:56,53.05,100,39100
20231205,10:30:06,53.05,50,39100
20231205,10:37:06,53.95,150,39100
20231205,10:38:11,54.1,50,39100
20231205,10:39:50,54.1,50,39100
20231205,10:40:01,53.2,100,39100
20231205,10:40:12,53.15,150,39100
20231205,10:41:31,53.0,50,39100
20231205,10:42:26,53.2,150,39300
20231205,10:47:54,53.0,750,39450
20231205,10:48:14,52.0,200,39450
20231205,10:51:02,51.25,50,40150
20231205,10:52:05,51.15,50,40150
20231205,10:58:36,52.85,50,40050
20231205,10:58:47,55.0,1000,40050
20231205,10:58:57,51.55,200,40050
20231205,10:59:28,52.0,100,40050
20231205,11:03:42,51.55,200,40700
20231205,11:03:53,51.7,150,40700
20231205,11:04:03,51.7,200,40700
20231205,11:04:13,51.9,100,40700
20231205,11:04:55,51.95,100,40700
20231205,11:06:17,51.7,250,40700
20231205,11:16:33,53.25,100,40700
20231205,11:18:40,53.3,100,40700
20231205,11:21:37,54.0,200,40800
20231205,11:21:48,54.25,50,40800
20231205,11:21:58,54.0,150,40800
20231205,11:22:19,54.0,100,40800
20231205,11:22:40,56.0,400,40800
20231205,11:23:12,52.4,50,40800
20231205,11:28:59,53.75,50,41100
20231205,11:29:30,52.0,50,41100
20231205,11:32:31,54.55,100,41200
20231205,11:33:48,54.55,50,41300
20231205,11:40:24,54.0,50,41350
20231205,11:41:50,52.0,100,41350
20231205,11:42:01,53.0,50,41400
20231205,11:44:51,53.75,500,41400
20231205,11:46:16,53.7,300,41500
20231205,11:46:37,53.75,100,41500
20231205,11:46:47,53.5,100,41500
20231205,11:46:58,54.0,50,41500
20231205,11:47:08,53.45,100,41500
20231205,11:50:31,53.85,100,41150
20231205,11:50:41,53.8,50,41150
20231205,11:52:07,56.0,100,41200
20231205,11:55:52,57.85,50,41100
20231205,11:56:13,53.9,100,41100
20231205,11:56:34,53.15,150,41100
20231205,11:56:45,53.0,150,41100
20231205,11:57:06,53.05,150,41300
20231205,11:57:17,53.0,150,41300
20231205,11:57:37,53.0,50,41300
20231205,11:57:58,52.8,50,41300
20231205,11:58:29,53.5,50,41300
20231205,11:58:50,52.4,100,41300
20231205,12:02:44,52.3,50,41550
20231205,12:03:06,52.0,100,41600
20231205,12:03:48,52.0,100,41600
20231205,12:10:47,54.65,50,41800
20231205,12:12:47,52.1,100,41850
20231205,12:18:08,52.1,200,41950
20231205,12:20:52,52.1,50,41950
20231205,12:21:41,52.4,50,42150
20231205,12:26:58,50.6,150,42200
20231205,12:27:27,52.05,50,42350
20231205,12:27:55,50.55,50,42350
20231205,12:28:22,50.55,100,42350
20231205,12:28:50,50.0,350,42350
20231205,12:29:00,50.0,250,42350
20231205,12:30:27,50.0,100,43150
20231205,12:32:10,50.35,100,43150
20231205,12:34:18,51.35,50,43150
20231205,12:34:44,50.8,50,43150
20231205,12:37:43,48.85,50,43200
20231205,12:38:29,48.85,100,43200
20231205,12:40:46,48.25,200,43350
20231205,12:42:52,48.25,100,43150
20231205,12:44:47,53.1,100,43150
20231205,12:51:38,50.85,150,43250
20231205,12:54:43,50.7,100,43400
20231205,12:57:27,50.2,100,43450
20231205,13:01:27,50.65,50,43450
20231205,13:02:16,50.65,250,43450
20231205,13:02:26,50.65,50,43450
20231205,13:03:25,51.0,100,43650
20231205,13:07:13,51.0,100,43650
20231205,13:07:43,50.8,200,43650
20231205,13:18:10,51.3,100,43450
20231205,13:18:29,50.8,50,43450
20231205,13:18:39,51.55,50,43450
20231205,13:18:56,51.6,50,43450
20231205,13:19:24,51.1,50,43450
20231205,13:39:32,50.75,50,43350
20231205,13:39:53,49.95,50,43350
20231205,13:40:13,49.85,100,43350
20231205,13:40:24,49.95,400,43350
20231205,13:40:35,49.8,100,43350
20231205,13:40:56,49.9,250,43350
20231205,13:45:32,50.25,50,43500
20231205,13:46:12,50.0,50,43500
20231205,13:48:03,50.45,50,43500
20231205,13:48:52,49.5,50,43650
20231205,13:52:48,50.3,50,43700
20231205,13:55:24,50.3,150,43750
20231205,13:57:44,50.0,150,43800
20231205,13:57:54,49.5,350,43800
20231205,13:58:04,49.45,50,43800
20231205,14:06:46,50.05,200,43650
20231205,14:08:58,49.45,200,43650
20231205,14:24:49,53.65,350,43650
20231205,14:25:28,50.25,50,43650
20231205,14:29:56,50.0,50,43500
20231205,14:32:34,49.5,100,43550
20231205,14:33:40,49.5,50,43650
20231205,14:36:18,49.45,200,43700
20231205,14:36:28,49.5,50,43700
20231205,14:38:27,48.8,50,43700
20231205,14:39:39,53.0,250,43600
20231205,14:40:20,50.15,50,43600
20231205,14:40:31,49.6,50,43600
20231205,14:57:19,49.6,100,43900
20231205,14:57:50,49.0,100,43950
20231205,15:02:48,49.0,100,44050
20231205,15:04:44,48.0,600,44150
20231205,15:05:28,47.0,350,44150
20231205,15:06:34,48.0,500,44700
20231205,15:07:17,47.95,50,44700
20231205,15:08:32,47.65,50,44700
20231205,15:08:43,47.05,50,44700
20231205,15:09:04,47.9,50,44700
20231205,15:10:17,47.8,50,44700
20231205,15:12:24,48.0,50,45300
20231205,15:19:05,47.9,200,45300
20231205,15:19:27,48.65,50,45300
20231205,15:22:00,48.5,50,45550
20231205,15:24:20,48.4,50,45550
20231205,15:26:31,47.95,200,45650
20231205,15:26:50,48.2,50,45650
20231205,15:27:11,47.5,50,45650
20231205,15:28:02,48.15,300,45450
20231205,15:28:46,48.0,50,45450
20231205,15:29:07,47.5,50,45450
20231205,15:29:40,45.0,1050,45450
20231205,15:30:02,47.55,100,45450
20231206,09:18:18,43.0,1,44750
20231206,09:18:18,43.0,100,44750
20231206,09:18:26,43.35,50,44750
20231206,09:18:45,43.35,50,44750
20231206,09:18:55,42.2,100,44750
20231206,09:19:05,42.2,150,44750
20231206,09:19:35,42.55,100,44750
20231206,09:20:06,47.55,4000,44750
20231206,09:20:47,47.55,1100,48200
20231206,09:20:58,44.1,50,48200
20231206,09:21:08,44.1,50,48200
20231206,09:21:29,43.05,250,48200
20231206,09:21:39,43.0,50,48200
20231206,09:22:40,39.35,1000,48200
20231206,09:23:10,39.35,200,48200
20231206,09:23:30,42.85,250,48200
20231206,09:23:40,42.95,400,48200
20231206,09:24:00,42.35,50,48550
20231206,09:25:01,43.5,250,48550
20231206,09:26:15,44.0,250,48550
20231206,09:26:26,44.0,350,48550
20231206,09:30:08,45.0,50,48150
20231206,09:30:19,44.9,350,48150
20231206,09:31:01,44.25,50,48150
20231206,09:32:16,46.5,100,48150
20231206,09:32:28,47.55,300,48150
20231206,09:33:33,44.8,350,48050
20231206,09:34:06,51.9,400,48050
20231206,09:34:59,51.9,600,48050
20231206,09:36:03,48.9,100,48550
20231206,09:37:40,50.65,100,48550
20231206,09:39:07,51.0,350,48650
20231206,09:39:17,49.5,250,48650
20231206,09:39:28,50.0,550,48650
20231206,09:39:50,48.0,50,48650
20231206,09:42:54,48.0,50,49600
20231206,09:51:16,48.5,400,49550
20231206,09:51:37,48.0,3700,49550
20231206,09:51:48,48.05,1400,49550
20231206,09:52:30,47.7,400,49550
20231206,09:54:37,49.0,150,45550
20231206,09:58:24,48.25,150,45700
20231206,09:58:55,48.4,150,45700
20231206,10:02:22,48.65,100,45700
20231206,10:03:04,49.0,100,45600
20231206,10:03:57,50.3,50,45600
20231206,10:04:40,49.2,100,45600
20231206,10:05:33,49.2,50,45600
20231206,10:05:43,50.05,50,45600
20231206,10:07:50,50.0,150,45600
20231206,10:08:00,50.05,150,45600
20231206,10:08:43,50.95,50,45600
20231206,10:09:46,51.3,600,45300
20231206,10:17:48,50.6,50,44750
20231206,10:20:13,48.4,300,44800
20231206,10:25:50,48.85,50,44850
20231206,10:27:55,51.0,100,44850
20231206,10:33:06,50.0,200,44950
20231206,10:36:12,49.95,50,45100
20231206,10:37:20,49.95,50,45100
20231206,10:38:07,49.65,100,45100
20231206,10:39:25,49.5,150,45100
20231206,10:42:00,49.8,250,45200
20231206,10:43:56,49.0,400,45200
20231206,10:45:17,48.55,100,45200
20231206,10:45:27,48.4,100,45200
20231206,10:46:08,48.0,100,45200
20231206,10:53:00,47.15,100,45400
20231206,10:54:01,47.0,50,45400
20231206,10:54:21,46.0,50,45450
20231206,10:54:32,46.15,100,45450
20231206,10:55:20,46.25,150,45450
20231206,10:58:06,47.0,50,45400
20231206,10:58:15,46.8,250,45400
20231206,11:01:58,45.15,50,45350
20231206,11:05:17,47.0,300,45300
20231206,11:13:04,46.85,100,45600
20231206,11:14:02,46.9,100,45600
20231206,11:28:37,46.7,250,45600
20231206,11:31:53,46.2,50,45850
20231206,11:32:03,45.2,50,45850
20231206,11:34:36,46.2,200,45850
20231206,11:36:31,45.45,100,46050
20231206,11:38:00,45.55,50,46050
20231206,11:43:20,45.4,50,46100
20231206,11:46:57,45.4,150,46150
20231206,11:48:53,46.15,50,46200
20231206,11:50:45,45.6,50,46200
20231206,11:55:59,46.35,50,46250
20231206,11:56:57,46.35,100,46250
20231206,11:57:15,46.4,50,46400
20231206,12:04:45,46.15,50,46450
20231206,12:05:50,45.5,500,46450
20231206,12:07:25,44.45,100,47000
20231206,12:15:48,44.8,350,46900
20231206,12:19:29,45.65,50,47100
20231206,12:29:09,45.8,100,47100
20231206,12:29:58,45.4,200,47100
20231206,12:36:09,47.0,50,47250
20231206,12:36:19,47.4,50,47300
20231206,12:36:59,46.95,50,47300
20231206,12:41:16,46.6,700,47300
20231206,12:41:25,46.6,400,47300
20231206,12:42:53,46.95,100,48400
20231206,12:43:41,46.65,50,48400
20231206,12:44:59,47.0,350,48400
20231206,12:46:42,47.0,50,48300
20231206,12:49:02,47.15,350,48350
20231206,12:49:31,47.15,200,48350
20231206,13:08:37,48.95,50,48550
20231206,13:09:09,48.4,50,48550
20231206,13:14:07,48.4,50,48550
20231206,13:14:17,50.75,400,48550
20231206,13:14:59,48.5,50,48550
20231206,13:19:34,47.95,100,48950
20231206,13:24:32,48.45,50,49050
20231206,13:24:42,48.45,50,49050
20231206,13:25:25,47.95,100,49050
20231206,13:25:45,47.4,100,49050
20231206,13:26:26,47.7,500,49050
20231206,13:26:37,47.7,50,49050
20231206,13:26:57,47.0,50,49050
20231206,13:29:47,47.0,50,49450
20231206,13:34:21,46.2,50,49400
20231206,13:34:31,45.4,250,49400
20231206,13:35:02,45.3,50,49400
20231206,13:36:45,45.3,50,49550
20231206,13:37:48,45.0,100,49550
20231206,13:39:33,45.45,50,49700
20231206,13:49:16,45.45,250,49650
20231206,13:49:36,45.15,400,49650
20231206,13:50:47,45.35,100,49650
20231206,13:50:57,45.55,200,49650
20231206,13:52:09,45.15,200,49700
20231206,13:52:49,45.3,100,49700
20231206,13:53:00,45.65,200,49700
20231206,13:53:39,45.6,500,49700
20231206,13:53:59,45.75,500,49700
20231206,13:54:19,45.7,250,49700
20231206,13:55:20,45.5,700,50950
20231206,13:55:40,45.45,50,50950
20231206,13:56:11,45.45,200,50950
20231206,13:56:21,45.5,400,50950
20231206,13:58:11,45.2,50,52150
20231206,14:00:41,44.75,50,52200
20231206,14:01:21,44.7,100,52200
20231206,14:03:20,44.05,50,52200
20231206,14:03:39,44.0,250,52350
20231206,14:05:28,43.35,100,52350
20231206,14:06:57,43.6,100,52700
20231206,14:07:16,43.7,100,52700
20231206,14:13:06,43.0,700,52700
20231206,14:13:34,43.25,100,52700
20231206,14:14:02,43.25,50,52700
20231206,14:18:38,42.6,250,52400
20231206,14:20:26,42.7,200,52400
20231206,14:21:04,42.35,50,52400
20231206,14:21:45,42.0,50,52800
20231206,14:23:44,43.1,50,52800
20231206,14:26:11,43.05,200,52800
20231206,14:26:21,43.3,250,52800
20231206,14:26:32,43.0,300,52800
20231206,14:27:23,43.0,450,52800
20231206,14:27:33,42.6,250,53750
20231206,14:30:13,42.35,50,53750
20231206,14:36:43,42.25,50,53550
20231206,14:37:44,41.5,50,53550
20231206,14:38:03,41.65,50,53550
20231206,14:41:29,42.05,50,53550
20231206,14:42:06,42.1,150,53550
20231206,14:43:45,41.25,100,53750
20231206,14:44:47,41.15,700,53750
20231206,14:49:36,41.8,100,53050
20231206,14:50:53,41.8,250,53050
20231206,14:57:36,41.8,50,53400
20231206,15:00:46,41.0,100,53450
20231206,15:00:56,41.0,200,53450
20231206,15:03:59,41.85,100,53750
20231206,15:04:41,41.45,400,53750
20231206,15:06:22,41.7,50,53750
20231206,15:07:37,41.7,50,53550
20231206,15:08:19,40.75,1400,53550
20231206,15:09:45,41.35,50,54450
20231206,15:11:16,40.55,50,54450
20231206,15:11:56,40.45,100,54450
20231206,15:12:56,40.6,500,54450
20231206,15:13:27,40.8,50,54450
20231206,15:14:18,40.3,50,54450
20231206,15:14:48,40.9,50,54450
20231206,15:16:10,40.6,250,54500
20231206,15:16:20,40.9,200,54500
20231206,15:16:41,40.6,500,54500
20231206,15:16:52,40.8,250,54500
20231206,15:17:02,40.9,150,54500
20231206,15:17:43,41.1,200,54500
20231206,15:17:54,41.25,50,54500
20231206,15:18:04,42.0,100,54500
20231206,15:20:40,41.0,150,54850
20231206,15:21:31,40.15,300,54850
20231206,15:22:12,41.2,50,54650
20231206,15:25:52,40.8,100,54650
20231206,15:27:05,40.1,50,54650
20231206,15:27:16,40.1,50,54650
20231206,15:27:49,40.3,250,54650
20231206,15:28:10,40.0,350,54650
20231207,09:16:44,43.0,1,55100
20231207,09:16:44,45.6,150,55100
20231207,09:16:56,43.3,50,55100
20231207,09:17:16,43.25,50,55100
20231207,09:19:58,43.1,50,55350
20231207,09:20:28,41.95,50,55350
20231207,09:22:19,41.95,50,55400
20231207,09:22:29,43.5,50,55400
20231207,09:23:40,41.0,200,55400
20231207,09:28:28,41.0,100,55250
20231207,09:30:35,45.15,100,55250
20231207,09:31:39,43.15,50,55250
20231207,09:35:05,42.9,500,55300
20231207,09:35:26,43.05,100,55300
20231207,09:36:38,43.7,50,55200
20231207,09:36:48,43.65,50,55200
20231207,09:37:30,43.0,200,55200
20231207,09:41:23,43.0,50,55500
20231207,09:42:03,42.8,500,55550
20231207,09:44:06,41.4,250,55550
20231207,09:44:47,43.0,50,55300
20231207,09:45:18,43.0,50,55300
20231207,09:49:50,42.7,500,55350
20231207,09:50:01,42.7,400,55350
20231207,09:50:11,42.7,350,55350
20231207,09:51:42,42.45,100,55350
20231207,09:55:42,41.0,150,55350
20231207,09:56:11,40.9,50,55350
20231207,09:56:51,40.9,150,55550
20231207,09:57:11,41.0,100,55550
20231207,09:58:39,41.0,150,55550
20231207,10:02:23,41.0,850,55650
20231207,10:02:33,41.0,100,55650
20231207,10:03:50,40.6,150,54800
20231207,10:07:22,40.6,100,54650
20231207,10:09:44,40.7,350,54750
20231207,10:12:57,40.85,100,55100
20231207,10:13:07,40.8,100,55100
20231207,10:15:49,40.8,100,54900
20231207,10:18:42,40.5,250,55000
20231207,10:24:34,39.45,700,55250
20231207,10:25:14,39.8,200,55250
20231207,10:26:23,41.2,50,55250
20231207,10:34:05,39.25,300,54800
20231207,10:34:15,39.0,50,54800
20231207,10:35:05,38.75,150,54800
20231207,10:35:25,38.75,50,54800
20231207,10:36:05,38.8,250,54850
20231207,10:36:15,38.8,250,54850
20231207,10:38:58,38.85,100,54350
20231207,10:39:08,38.8,350,54350
20231207,10:39:27,38.75,200,54350
20231207,10:40:04,38.75,100,54350
20231207,10:40:13,38.85,100,54350
20231207,10:41:05,38.0,100,54350
20231207,10:43:23,36.75,150,54550
20231207,10:47:15,36.75,100,54400
20231207,10:47:24,37.35,50,54400
20231207,10:47:34,37.3,50,54400
20231207,10:47:44,37.2,150,54400
20231207,10:47:55,37.15,50,54600
20231207,10:48:36,37.15,50,54600
20231207,10:49:25,37.1,100,54600
20231207,10:49:44,36.9,200,54600
20231207,10:50:24,37.0,100,54600
20231207,10:50:53,37.05,50,54700
20231207,10:51:02,37.1,100,54700
20231207,10:55:01,36.2,100,54800
20231207,10:57:08,36.2,50,54800
20231207,10:57:28,35.4,150,54800
20231207,10:59:09,32.0,250,54800
20231207,11:00:49,32.0,50,54600
20231207,11:01:19,35.6,150,54600
20231207,11:02:48,35.6,150,54450
20231207,11:02:58,36.35,50,54450
20231207,11:03:17,36.35,250,54450
20231207,11:03:27,36.35,50,54450
20231207,11:04:51,35.75,50,54450
20231207,11:05:13,34.1,100,54450
20231207,11:06:08,35.6,50,54700
20231207,11:06:41,34.35,50,54700
20231207,11:07:33,36.2,50,54700
20231207,11:08:35,34.8,100,54700
20231207,11:10:16,34.15,50,54750
20231207,11:12:08,34.35,400,54700
20231207,11:14:16,34.65,100,54700
20231207,11:21:07,35.8,50,54800
20231207,11:21:28,35.8,50,54800
20231207,11:23:19,36.4,200,54800
20231207,11:26:27,34.3,50,55100
20231207,11:29:47,35.6,100,55100
20231207,11:32:28,35.6,500,55100
20231207,11:45:50,36.65,50,54700
20231207,11:46:37,35.9,100,54700
20231207,11:51:36,30.05,1500,54750
20231207,11:52:16,30.05,1150,54750
20231207,11:52:26,35.15,250,54750
20231207,11:52:36,35.05,250,54750
20231207,11:53:45,35.3,50,54750
20231207,11:56:54,34.85,100,54850
20231207,11:58:00,35.25,200,54850
20231207,11:59:43,35.25,200,54850
20231207,12:13:39,35.55,1000,55100
20231207,12:19:10,35.65,250,55900
20231207,12:24:21,35.5,300,55850
20231207,12:26:00,35.5,50,55850
20231207,12:27:44,36.2,50,55900
20231207,12:28:42,35.3,200,55900
20231207,12:33:36,35.2,50,55950
20231207,12:34:58,36.5,50,55950
20231207,12:35:45,36.35,50,55950
20231207,12:40:16,36.3,100,55950
20231207,12:41:49,35.6,200,55950
20231207,12:42:07,35.6,300,55800
20231207,12:42:34,35.85,100,55800
20231207,12:50:38,35.55,150,55700
20231207,12:51:26,35.5,300,55750
20231207,12:52:38,35.75,150,55750
20231207,12:54:24,35.65,50,55600
20231207,12:54:32,35.6,200,55600
20231207,12:56:59,35.55,50,55600
20231207,12:57:07,35.35,250,55550
20231207,12:58:10,35.4,50,55550
20231207,13:03:32,36.05,50,55350
20231207,13:05:42,35.45,100,55350
20231207,13:12:41,35.15,100,55400
20231207,13:13:38,35.0,50,55400
20231207,13:14:17,34.05,100,55400
20231207,13:19:19,35.0,100,55350
20231207,13:22:13,34.65,100,55450
20231207,13:22:34,34.95,150,55450
20231207,13:22:43,34.95,200,55450
20231207,13:23:11,34.95,200,55450
20231207,13:33:01,35.45,50,55400
20231207,13:33:09,34.15,50,55400
20231207,13:33:51,34.15,100,55400
20231207,13:39:54,34.95,200,55400
20231207,13:42:29,34.95,200,55200
20231207,13:42:39,35.25,1200,55200
20231207,13:45:07,34.8,150,55200
20231207,13:45:16,34.4,50,55350
20231207,13:45:25,34.0,200,55350
20231207,13:57:42,34.2,200,55400
20231207,13:59:05,34.0,200,55400
20231207,13:59:24,31.2,1300,55400
20231207,13:59:51,33.95,250,55400
20231207,14:00:00,33.9,200,55400
20231207,14:00:09,33.9,450,55400
20231207,14:03:42,34.05,400,54750
20231207,14:09:30,33.85,50,54950
20231207,14:09:40,33.9,200,54950
20231207,14:13:47,33.1,50,55150
20231207,14:16:10,33.9,50,55100
20231207,14:17:19,34.35,100,55100
20231207,14:17:29,34.3,350,55100
20231207,14:19:20,33.9,50,55400
20231207,14:20:34,34.85,100,55400
20231207,14:21:01,34.0,50,55400
20231207,14:22:59,32.9,100,55400
20231207,14:23:16,32.7,50,55400
20231207,14:28:08,32.95,400,55350
20231207,14:28:26,33.0,400,55350
20231207,14:28:36,32.95,50,55350
20231207,14:29:11,32.95,50,55350
20231207,14:29:21,32.95,50,55350
20231207,14:29:48,32.9,250,55350
20231207,14:30:26,32.4,350,55100
20231207,14:30:46,32.25,100,55100
20231207,14:30:56,32.2,50,55100
20231207,14:31:06,31.85,300,55100
20231207,14:31:17,31.9,50,55100
20231207,14:31:27,31.9,50,55100
20231207,14:31:37,31.8,50,55100
20231207,14:32:07,31.95,200,55100
20231207,14:34:45,32.1,50,55250
20231207,14:35:23,32.05,50,55250
20231207,14:35:33,32.0,50,55250
20231207,14:35:42,32.0,50,55250
20231207,14:36:30,32.0,50,55250
20231207,14:37:28,32.05,50,55250
20231207,14:40:03,32.15,50,55200
20231207,14:40:13,32.1,50,55200
20231207,14:40:23,32.1,600,55200
20231207,14:40:33,32.1,100,55200
20231207,14:40:42,32.05,50,55200
20231207,14:40:53,31.9,800,55200
20231207,14:41:32,31.95,150,55200
20231207,14:41:42,31.95,50,55200
20231207,14:42:11,32.0,50,55200
20231207,14:43:08,32.0,100,55600
20231207,14:43:28,32.1,50,55600
20231207,14:43:38,32.1,50,55600
20231207,14:43:57,32.0,100,55600
20231207,14:47:26,33.2,250,55750
20231207,14:48:07,33.0,50,55750
20231207,14:49:19,33.0,50,55850
20231207,14:49:39,32.95,50,55850
20231207,14:50:20,32.75,50,55850
20231207,14:51:28,32.65,50,55950
20231207,14:52:17,32.25,200,55950
20231207,14:52:27,32.05,100,55950
20231207,14:53:37,32.05,50,55950
20231207,14:56:33,32.15,100,55850
20231207,14:57:12,32.35,50,55850
20231207,14:57:41,32.3,50,55900
20231207,14:59:40,32.2,50,55900
20231207,15:02:14,32.0,750,55900
20231207,15:02:44,32.0,450,55900
20231207,15:04:15,31.8,200,56250
20231207,15:04:56,31.6,400,56250
20231207,15:07:54,31.5,100,56550
20231207,15:08:13,31.75,100,56550
20231207,15:08:33,31.35,200,56550
20231207,15:08:52,31.25,400,56550
20231207,15:09:02,31.15,100,56550
20231207,15:09:12,31.1,100,56550
20231207,15:09:21,31.1,100,56550
20231207,15:09:59,31.0,200,56750
20231207,15:11:45,30.8,250,56750
20231207,15:12:54,30.8,250,56400
20231207,15:13:04,30.8,500,56400
20231207,15:13:14,30.8,1000,56400
20231207,15:13:24,30.8,550,56400
20231207,15:15:22,30.85,100,54100
20231207,15:16:10,31.0,50,54100
20231207,15:16:19,31.0,50,54100
20231207,15:16:38,31.05,50,54100
20231207,15:16:57,31.05,200,54100
20231207,15:17:27,30.9,50,54100
20231207,15:18:16,30.95,50,54100
20231207,15:19:26,30.95,100,54400
20231207,15:19:36,30.85,100,54400
20231207,15:20:05,30.85,1100,54400
20231207,15:20:25,30.95,300,54400
20231207,15:20:35,30.75,50,54400
20231207,15:21:13,30.95,50,54400
20231207,15:22:31,30.9,50,54950
20231207,15:22:41,30.9,100,54950
20231207,15:23:20,30.9,50,54950
20231207,15:23:57,30.9,50,54950
20231207,15:27:54,30.35,350,55100
20231207,15:28:04,30.35,150,55100
20231207,15:28:14,30.35,50,55100
20231207,15:29:05,31.3,100,55100
20231207,15:29:35,30.9,300,55100
20231208,09:18:05,29.8,1,54800
20231208,09:18:05,30.25,100,54800
20231208,09:18:13,31.0,500,54800
20231208,09:20:15,31.0,350,54800
20231208,09:20:25,28.9,300,55250
20231208,09:20:34,28.9,650,55250
20231208,09:20:44,28.9,800,55250
20231208,09:20:53,28.9,1250,55250
20231208,09:21:02,28.95,400,55250
20231208,09:21:11,28.95,400,55250
20231208,09:21:20,28.9,50,55250
20231208,09:21:38,28.9,50,55250
20231208,09:21:56,28.65,1750,55250
20231208,09:22:06,28.55,350,55250
20231208,09:22:16,28.25,400,55250
20231208,09:22:26,27.9,550,55250
20231208,09:23:14,27.8,50,55250
20231208,09:24:11,27.75,1100,54550
20231208,09:24:21,27.5,150,54550
20231208,09:24:50,27.45,100,54550
20231208,09:25:09,27.25,850,54550
20231208,09:26:17,27.5,50,54550
20231208,09:26:45,27.5,250,54850
20231208,09:28:28,27.5,50,54850
20231208,09:30:13,27.6,100,55000
20231208,09:30:42,27.75,200,55000
20231208,09:31:01,27.75,50,55000
20231208,09:31:39,28.35,50,55000
20231208,09:31:48,27.75,100,55000
20231208,09:32:36,27.6,150,54900
20231208,09:35:22,27.95,50,54900
20231208,09:35:48,27.85,50,54800
20231208,09:35:57,27.95,100,54800
20231208,09:36:14,28.0,150,54800
20231208,09:37:28,27.55,50,54800
20231208,09:38:11,27.45,100,54800
20231208,09:38:20,27.45,50,54800
20231208,09:39:23,27.35,200,54550
20231208,09:40:00,27.5,200,54550
20231208,09:43:27,27.5,50,54150
20231208,09:45:26,31.8,9000,54100
20231208,09:45:35,27.65,300,54100
20231208,09:45:44,27.75,150,54100
20231208,09:45:54,27.7,150,54100
20231208,09:46:03,27.6,450,54100
20231208,09:46:56,26.25,9100,54100
20231208,09:47:05,26.25,350,54100
20231208,09:47:14,27.4,950,54100
20231208,09:47:33,27.4,150,57300
20231208,09:47:59,27.35,350,57300
20231208,09:48:44,28.0,100,57300
20231208,09:52:03,27.5,50,57250
20231208,09:52:47,27.5,650,57250
20231208,09:52:57,27.5,1500,57250
20231208,09:53:25,27.2,600,57250
20231208,09:54:50,27.5,50,57050
20231208,09:55:00,27.55,50,57050
20231208,09:55:10,28.0,150,57050
20231208,09:56:25,27.85,50,57050
20231208,09:57:48,28.05,450,56800
20231208,10:00:06,27.65,100,56800
20231208,10:00:23,27.55,50,56800
20231208,10:02:27,28.9,600,56800
20231208,10:05:45,27.5,50,57250
20231208,10:06:04,27.0,200,57250
20231208,10:06:34,25.85,350,57250
20231208,10:09:22,25.85,100,57150
20231208,10:12:03,27.65,50,57100
20231208,10:15:26,27.9,50,57150
20231208,10:15:35,27.9,50,57150
20231208,10:15:44,27.9,50,57150
20231208,10:18:01,27.9,50,57300
20231208,10:18:18,27.0,200,57300
20231208,10:19:20,27.85,50,57300
20231208,10:20:41,27.9,800,57150
20231208,10:21:27,28.35,200,57150
20231208,10:23:18,28.0,50,57150
20231208,10:24:14,27.65,50,57100
20231208,10:24:40,27.6,50,57100
20231208,10:25:16,28.4,100,57100
20231208,10:26:29,27.6,50,57100
20231208,10:30:02,27.6,50,57100
20231208,10:34:35,28.4,50,57150
20231208,10:35:20,27.4,50,57150
20231208,10:36:30,25.45,1250,57150
20231208,10:36:56,27.5,250,57150
20231208,10:37:13,27.55,900,57150
20231208,10:38:04,27.6,150,57150
20231208,10:38:13,27.7,100,57150
20231208,10:39:21,27.8,250,57100
20231208,10:39:30,27.8,100,57100
20231208,10:39:47,27.45,200,57100
20231208,10:40:13,27.45,50,57100
20231208,10:40:29,27.4,100,57100
20231208,10:41:21,27.05,150,57100
20231208,10:51:59,26.95,200,57300
20231208,10:52:08,27.0,100,57300
20231208,11:04:19,28.9,450,57200
20231208,11:05:25,29.1,200,57200
20231208,11:05:45,28.45,100,57200
20231208,11:06:57,29.8,50,57300
20231208,11:07:00,29.95,150,57300
20231208,11:07:19,30.0,50,57300
20231208,11:08:02,29.95,50,57300
20231208,11:09:36,29.6,50,57100
20231208,11:11:57,29.6,50,57150
20231208,11:12:43,29.5,400,57150
20231208,11:13:48,28.4,250,57150
20231208,11:14:07,27.9,50,57150
20231208,11:14:17,27.9,50,57150
20231208,11:14:45,27.6,650,57900
20231208,11:16:38,27.45,100,57900
20231208,11:17:16,27.45,450,57900
20231208,11:17:53,27.2,50,57800
20231208,11:18:47,27.05,200,57800
20231208,11:20:07,26.9,150,57800
20231208,11:20:35,27.0,750,57800
20231208,11:20:44,27.0,300,57800
20231208,11:22:34,26.7,50,59000
20231208,11:26:20,27.3,50,59000
20231208,11:31:33,26.75,150,59050
20231208,11:31:51,26.7,50,59050
20231208,11:32:52,27.85,100,59100
20231208,11:35:58,27.2,50,59200
20231208,11:37:21,25.65,150,59200
20231208,11:40:16,26.95,50,59250
20231208,11:45:33,26.75,50,59300
20231208,11:47:29,26.5,50,59300
20231208,11:56:51,26.5,100,59350
20231208,11:57:16,26.5,50,59350
20231208,12:16:41,26.65,50,59500
20231208,12:22:47,26.75,50,59500
20231208,12:27:55,26.9,500,59450
20231208,12:31:10,27.1,50,58950
20231208,12:33:12,27.1,450,58950
20231208,12:37:44,28.0,50,58500
20231208,12:40:48,28.0,100,58500
20231208,12:42:36,28.3,100,58400
20231208,12:45:25,27.95,50,58500
20231208,12:45:35,28.3,50,58500
20231208,12:47:05,28.3,100,58500
20231208,12:54:13,29.35,200,58400
20231208,12:58:10,28.7,50,58600
20231208,12:59:21,28.75,150,58600
20231208,12:59:30,28.7,200,58600
20231208,13:01:54,29.0,150,58850
20231208,13:02:31,29.75,300,58850
20231208,13:02:41,30.4,300,58850
20231208,13:07:34,30.15,50,58650
20231208,13:07:43,30.35,100,58650
20231208,13:08:57,30.05,100,58650
20231208,13:11:12,30.1,50,58750
20231208,13:11:56,30.4,100,58750
20231208,13:12:30,30.3,50,58750
20231208,13:13:34,30.0,50,58750
20231208,13:14:32,28.8,350,58750
20231208,13:16:10,28.8,50,59200
20231208,13:16:20,28.3,200,59200
20231208,13:16:47,28.4,150,59200
20231208,13:19:43,28.4,100,59450
20231208,13:21:42,29.15,50,59450
20231208,13:22:00,29.6,50,59450
20231208,13:23:21,29.6,3200,59450
20231208,13:23:29,29.6,300,59450
20231208,13:23:38,29.6,950,59450
20231208,13:23:46,29.6,50,59450
20231208,13:24:45,29.6,50,63750
20231208,13:27:41,30.1,50,63750
20231208,13:29:35,30.75,100,63750
20231208,13:30:14,31.25,50,63800
20231208,13:32:12,30.0,250,63800
20231208,13:33:07,30.15,100,64050
20231208,13:34:05,29.6,1750,64050
20231208,13:34:14,29.6,350,64050
20231208,13:34:41,29.6,2650,64050
20231208,13:34:50,29.6,1000,64050
20231208,13:39:05,31.0,50,69650
20231208,13:40:33,31.35,50,69700
20231208,13:40:52,31.8,50,69700
20231208,13:41:48,31.75,100,69700
20231208,13:44:52,32.15,200,69550
20231208,13:45:03,32.55,100,69550
20231208,13:45:52,32.55,250,69250
20231208,13:46:01,31.65,750,69250
20231208,13:46:11,31.5,1000,69250
20231208,13:46:21,31.45,200,69250
20231208,13:47:09,31.45,50,69250
20231208,13:47:28,31.55,50,69250
20231208,13:48:46,32.4,50,69900
20231208,13:49:34,32.15,100,69900
20231208,13:49:44,32.2,50,69900
20231208,13:51:46,31.6,50,70050
20231208,13:52:05,31.0,550,70050
20231208,13:52:14,30.85,250,70050
20231208,13:53:56,31.0,50,70050
20231208,13:54:42,31.3,50,69900
20231208,13:54:59,31.4,200,69900
20231208,13:55:09,31.7,100,69900
20231208,13:55:27,31.7,1700,69900
20231208,13:55:44,31.5,200,69900
20231208,13:55:53,31.55,50,69900
20231208,13:56:11,30.85,100,69900
20231208,13:56:38,31.45,50,69900
20231208,13:57:48,31.6,1800,71250
20231208,13:59:00,31.5,100,71250
20231208,14:04:12,31.55,50,71900
20231208,14:07:23,30.0,200,71950
20231208,14:08:27,30.0,100,71950
20231208,14:08:46,33.0,2800,71950
20231208,14:09:13,30.25,450,73550
20231208,14:10:27,30.35,50,73550
20231208,14:14:08,30.1,50,73850
20231208,14:15:28,30.1,50,73900
20231208,14:19:42,30.05,50,73950
20231208,14:20:01,30.15,100,73950
20231208,14:21:45,30.5,50,73950
20231208,14:21:55,30.35,100,73950
20231208,14:24:48,30.2,50,74100
20231208,14:29:40,30.2,500,74150
20231208,14:30:16,30.2,100,74650
20231208,14:30:25,30.2,1700,74650
20231208,14:30:43,30.2,200,74650
20231208,14:30:52,30.25,1800,74650
20231208,14:31:01,30.05,1900,74650
20231208,14:32:31,29.75,50,74650
20231208,14:32:40,29.8,100,74650
20231208,14:33:16,29.8,50,80100
20231208,14:34:28,29.8,50,80100
20231208,14:34:37,29.75,100,80100
20231208,14:34:46,29.1,3500,80100
20231208,14:35:42,29.15,100,80100
20231208,14:36:02,29.05,50,80100
20231208,14:37:27,29.05,50,77550
20231208,14:37:45,29.0,100,77550
20231208,14:40:29,28.45,50,77550
20231208,14:43:28,28.05,50,77550
20231208,14:43:47,28.0,100,77550
20231208,14:45:23,28.0,50,77600
20231208,14:46:02,27.85,100,77600
20231208,14:46:21,27.85,50,77600
20231208,14:46:51,27.8,100,77600
20231208,14:47:00,27.85,150,77600
20231208,14:47:19,27.85,100,77600
20231208,14:48:35,27.75,100,77750
20231208,14:50:11,27.85,100,77750
20231208,14:51:00,27.8,150,77750
20231208,14:51:37,27.95,100,77750
20231208,14:52:32,27.95,100,77750
20231208,14:54:27,27.95,100,77750
20231208,14:54:47,28.1,100,77750
20231208,14:57:02,28.4,50,77750
20231208,14:58:50,28.1,50,77750
20231208,14:59:28,28.15,100,77750
20231208,14:59:38,28.25,100,77750
20231208,15:00:46,28.25,100,77800
20231208,15:01:06,27.9,250,77800
20231208,15:01:55,27.5,50,77800
20231208,15:02:46,27.05,50,77800
20231208,15:03:07,26.65,50,77800
20231208,15:03:38,26.9,200,77800
20231208,15:05:28,26.8,50,77800
20231208,15:07:17,26.75,50,77800
20231208,15:08:54,26.7,50,77800
20231208,15:09:42,26.45,300,77800
20231208,15:10:31,26.6,50,77800
20231208,15:11:51,26.9,250,77800
20231208,15:12:01,26.85,50,77800
20231208,15:13:11,26.15,50,78250
20231208,15:14:37,26.3,50,78250
20231208,15:15:36,26.6,200,78200
20231208,15:16:16,26.6,100,78200
20231208,15:16:36,26.75,100,78200
20231208,15:17:15,26.5,300,78200
20231208,15:17:35,26.65,100,78200
20231208,15:18:22,26.55,200,78400
20231208,15:18:32,26.65,100,78400
20231208,15:19:09,26.7,50,78400
20231208,15:19:39,26.55,50,78400
20231208,15:20:56,26.55,200,78400
20231208,15:21:24,26.15,250,78250
20231208,15:21:53,26.1,50,78250
20231208,15:22:54,26.95,50,78250
20231208,15:24:13,26.45,1000,78250
20231208,15:27:15,26.5,50,77900
20231208,15:27:25,27.15,700,77900
20231208,15:27:45,27.0,250,77900
20231208,15:27:55,27.0,50,77900
20231208,15:28:33,27.0,50,77900
20231208,15:29:39,26.0,400,77900
20231211,09:15:23,26.7,1,77500
20231211,09:15:23,26.65,250,77500
20231211,09:17:19,27.05,1900,77500
20231211,09:17:35,26.95,50,79550
20231211,09:17:44,26.95,800,79550
20231211,09:21:43,27.0,50,80400
20231211,09:24:37,25.5,100,80400
20231211,09:24:46,25.5,200,80400
20231211,09:24:56,25.85,100,80400
20231211,09:25:05,25.85,150,80400
20231211,09:25:15,25.85,100,80400
20231211,09:26:23,26.65,100,80400
20231211,09:26:44,26.65,100,80550
20231211,09:27:05,27.0,200,80550
20231211,09:27:45,27.1,100,80550
20231211,09:28:38,27.1,50,80550
20231211,09:29:08,27.1,50,80550
20231211,09:30:08,27.25,200,80800
20231211,09:30:18,27.3,50,80800
20231211,09:30:38,27.3,50,80800
20231211,09:31:29,27.9,50,80800
20231211,09:31:39,27.9,50,80800
20231211,09:33:37,26.8,1000,80800
20231211,09:34:26,27.15,50,80800
20231211,09:37:21,26.15,100,79850
20231211,09:39:37,26.1,200,79750
20231211,09:39:57,26.5,50,79750
20231211,09:40:35,26.5,50,79750
20231211,09:43:30,27.25,50,79550
20231211,09:48:36,27.25,50,79600
20231211,09:51:18,27.05,3700,79650
20231211,09:51:37,26.8,150,79650
20231211,09:57:04,26.5,50,82400
20231211,10:01:16,26.85,50,82450
20231211,10:02:42,27.0,50,82500
20231211,10:06:15,26.9,50,82500
20231211,10:14:49,26.2,50,82550
20231211,10:15:20,26.5,50,82550
20231211,10:16:19,26.2,3350,82550
20231211,10:16:48,26.2,1450,82550
20231211,10:16:58,26.2,1600,82550
20231211,10:17:08,26.2,200,82550
20231211,10:17:18,26.2,1000,82550
20231211,10:17:28,26.2,1650,82550
20231211,10:17:38,26.2,1400,82550
20231211,10:21:36,26.0,100,72650
20231211,10:21:55,25.95,50,72650
20231211,10:24:59,25.25,50,72650
20231211,10:25:20,25.25,50,72650
20231211,10:28:41,25.8,100,72600
20231211,10:28:50,25.75,100,72600
20231211,10:32:42,25.7,200,72700
20231211,10:33:49,25.7,150,72700
20231211,10:34:18,25.65,100,72700
20231211,10:34:37,25.7,2050,72700
20231211,10:34:47,25.7,1350,72700
20231211,10:34:57,25.65,50,72700
20231211,10:35:17,25.65,50,72700
20231211,10:36:12,25.7,550,69450
20231211,10:36:22,25.7,1400,69450
20231211,10:37:10,25.8,50,69450
20231211,10:39:44,26.1,250,67500
20231211,10:41:36,26.65,300,67500
20231211,10:43:18,27.25,150,67350
20231211,10:46:36,27.2,100,67350
20231211,10:57:49,26.6,200,67250
20231211,11:11:46,26.4,50,67250
20231211,11:13:29,26.65,250,67250
20231211,11:23:55,26.45,50,67400
20231211,11:25:07,26.9,50,67400
20231211,11:26:20,27.4,50,67400
20231211,11:29:35,26.95,250,67350
20231211,11:31:07,27.2,100,67150
20231211,11:32:03,27.1,400,67150
20231211,11:33:48,26.85,100,67150
20231211,11:34:58,27.1,50,67150
20231211,11:41:55,27.5,500,67150
20231211,11:43:23,27.15,50,67150
20231211,11:44:49,27.15,150,67150
20231211,11:45:18,27.1,100,67700
20231211,11:46:04,27.1,100,67700
20231211,11:58:50,27.5,200,67800
20231211,12:09:16,27.7,950,67800
20231211,12:12:35,27.5,50,68650
20231211,12:19:25,27.75,200,68700
20231211,12:24:29,28.3,800,68800
20231211,12:25:25,28.3,100,68800
20231211,12:25:44,27.9,150,68800
20231211,12:26:39,27.4,100,68800
20231211,12:26:47,27.3,100,68800
20231211,12:29:35,27.55,100,69500
20231211,12:30:14,27.45,100,69500
20231211,12:30:24,27.35,100,69500
20231211,12:32:19,27.45,100,69500
20231211,12:34:02,27.7,100,69500
20231211,12:34:42,27.45,200,69500
20231211,12:35:39,27.4,100,69500
20231211,12:35:49,27.25,100,69500
20231211,12:36:50,27.95,100,69500
20231211,12:38:14,27.8,50,69500
20231211,12:55:20,27.7,50,69550
20231211,12:56:03,27.3,650,69550
20231211,13:23:10,27.3,50,68950
20231211,13:30:45,27.15,200,69000
20231211,13:42:26,26.15,200,69100
20231211,13:54:08,27.5,1000,69050
20231211,13:59:40,26.95,150,69800
20231211,14:08:56,26.55,500,69650
20231211,14:18:06,26.35,50,70150
20231211,14:19:08,26.55,50,70100
20231211,14:26:41,26.35,500,70150
20231211,14:26:49,26.35,100,70150
20231211,14:28:49,26.25,200,70750
20231211,14:29:14,26.2,100,70750
20231211,14:29:40,26.15,250,70750
20231211,14:31:31,26.0,50,70850
20231211,14:35:31,25.85,300,70900
20231211,14:35:41,26.1,200,70900
20231211,14:35:50,26.15,200,70900
20231211,14:35:58,26.15,50,70900
20231211,14:40:35,26.05,50,70900
20231211,14:42:24,26.25,50,70950
20231211,14:53:07,26.15,500,71000
20231211,15:00:51,26.25,200,71500
20231211,15:01:10,26.3,200,71500
20231211,15:03:02,26.15,100,71500
20231211,15:03:11,26.0,600,71500
20231211,15:04:40,25.6,50,72350
20231211,15:06:09,26.25,250,72350
20231211,15:07:45,26.3,200,72600
20231211,15:07:54,26.2,50,72600
20231211,15:08:04,26.5,100,72600
20231211,15:08:15,26.5,50,72600
20231211,15:09:32,26.2,50,72650
20231211,15:12:01,26.3,50,72650
20231211,15:14:04,26.35,50,72600
20231211,15:15:55,26.5,50,72600
20231211,15:16:34,26.85,50,72600
20231211,15:17:52,26.6,50,72600
20231211,15:23:27,26.5,150,72650
20231211,15:27:54,26.0,300,72800
20231211,15:28:03,26.0,50,72800
20231211,15:29:00,26.2,150,72800
20231212,09:18:18,25.35,1,72450
20231212,09:18:18,24.7,100,72450
20231212,09:18:44,24.7,200,72450
20231212,09:18:52,24.5,500,72450
20231212,09:20:00,24.5,50,72450
20231212,09:20:09,24.5,50,72450
20231212,09:20:46,24.8,100,72500
20231212,09:22:48,24.6,50,72500
20231212,09:23:43,24.75,50,72450
20231212,09:24:03,24.6,50,72450
20231212,09:24:12,24.5,50,72450
20231212,09:25:03,24.55,100,72450
20231212,09:25:35,24.6,50,72450
20231212,09:30:31,24.25,50,72650
20231212,09:32:24,24.25,150,72650
20231212,09:33:57,24.4,200,72500
20231212,09:37:48,24.05,50,72700
20231212,09:39:31,24.05,50,72700
20231212,09:42:14,24.05,100,72650
20231212,09:43:19,24.3,100,72650
20231212,09:44:42,24.3,50,72550
20231212,09:44:50,24.3,50,72550
20231212,09:45:17,24.3,50,72550
20231212,09:45:53,24.3,50,72550
20231212,09:47:42,24.5,50,72450
20231212,09:52:56,24.5,400,72450
20231212,09:59:09,24.0,50,72850
20231212,10:00:49,23.9,50,72850
20231212,10:02:18,23.9,50,72850
20231212,10:13:29,24.55,100,72800
20231212,10:14:08,24.6,100,72800
20231212,10:16:08,24.95,100,72800
20231212,10:16:58,25.45,950,72800
20231212,10:19:08,25.6,150,72150
20231212,10:19:18,25.6,250,72150
20231212,10:22:03,26.5,1800,72550
20231212,10:22:23,26.5,50,72550
20231212,10:23:54,26.0,50,74250
20231212,10:25:24,26.1,50,74250
20231212,10:25:44,26.0,50,74250
20231212,10:30:51,25.7,50,74400
20231212,10:31:39,25.05,400,74400
20231212,10:32:58,25.0,200,74050
20231212,10:33:28,25.3,100,74050
20231212,10:33:37,25.15,250,74050
20231212,10:33:47,25.05,200,74050
20231212,10:40:55,25.05,50,74150
20231212,10:44:52,25.0,100,74150
20231212,10:59:42,25.45,100,74250
20231212,11:02:26,24.9,100,74250
20231212,11:04:39,24.4,50,74150
20231212,11:06:02,24.2,100,74150
20231212,11:07:44,24.45,100,74150
20231212,11:10:10,23.9,100,74150
20231212,11:10:39,23.95,100,74150
20231212,11:11:17,24.0,100,74150
20231212,11:11:26,24.05,100,74150
20231212,11:11:45,24.05,100,74150
20231212,11:16:22,24.65,200,74350
20231212,11:25:08,24.35,100,74450
20231212,11:30:59,25.4,150,74350
20231212,11:33:55,25.2,50,74400
20231212,11:35:08,24.85,100,74400
20231212,11:41:03,25.15,100,74400
20231212,11:43:19,25.05,100,74400
20231212,11:44:32,25.15,50,74400
20231212,11:46:48,25.35,100,74450
20231212,11:47:06,24.65,100,74450
20231212,11:49:10,24.6,100,74450
20231212,11:49:27,24.9,200,74450
20231212,11:51:22,24.55,100,74450
20231212,11:52:06,24.55,100,74450
20231212,11:52:33,24.65,100,74450
20231212,11:57:51,25.4,50,74450
20231212,12:07:53,24.7,100,74650
20231212,12:12:50,24.8,100,74600
20231212,12:14:16,24.5,100,74600
20231212,12:16:56,24.75,100,74800
20231212,12:19:08,24.6,50,74900
20231212,12:21:14,24.75,100,74950
20231212,12:25:17,24.8,50,74950
20231212,12:27:44,24.6,250,75000
20231212,12:27:53,24.6,250,75000
20231212,12:28:02,24.6,500,75000
20231212,12:40:27,24.6,100,75000
20231212,12:42:07,24.95,200,75000
20231212,12:42:48,24.95,100,75000
20231212,12:44:41,24.75,50,75000
20231212,12:48:52,25.0,50,74950
20231212,12:52:14,26.0,50,74900
20231212,12:54:12,25.2,200,74900
20231212,12:58:21,26.1,50,74750
20231212,12:58:59,25.9,150,74750
20231212,13:06:13,26.1,50,74700
20231212,13:07:16,24.4,300,74750
20231212,13:08:19,26.0,100,74750
20231212,13:08:40,25.7,50,74750
20231212,13:11:45,25.9,50,74600
20231212,13:21:31,26.0,100,74600
20231212,13:22:10,26.0,100,74600
20231212,13:25:21,26.0,50,74600
20231212,13:30:25,25.2,50,74650
20231212,13:42:27,25.25,100,74600
20231212,13:42:36,25.4,150,74600
20231212,13:47:31,25.5,200,74650
20231212,13:51:02,25.55,50,74850
20231212,13:51:49,25.55,50,74900
20231212,13:51:59,25.5,50,74900
20231212,13:52:19,25.0,150,74900
20231212,13:55:37,25.75,50,74900
20231212,13:56:51,25.6,250,75150
20231212,13:58:57,25.8,100,75050
20231212,13:59:36,26.0,50,75050
20231212,13:59:46,26.0,50,75050
20231212,14:05:49,25.9,100,74950
20231212,14:08:34,26.55,50,75050
20231212,14:10:00,26.55,50,75100
20231212,14:18:04,26.05,100,75150
20231212,14:18:14,26.0,150,75150
20231212,14:18:24,26.05,50,75150
20231212,14:22:38,26.1,50,75150
20231212,14:25:47,26.15,200,75150
20231212,14:26:17,26.1,50,75150
20231212,14:33:03,26.65,50,75000
20231212,14:37:16,26.75,100,75050
20231212,14:37:26,26.9,200,75050
20231212,14:38:28,26.95,200,75050
20231212,14:41:38,27.5,100,74950
20231212,14:42:22,28.0,100,74950
20231212,14:42:54,28.1,50,74800
20231212,14:44:55,28.65,300,74800
20231212,14:45:28,28.7,50,74800
20231212,14:45:40,28.7,50,74750
20231212,14:46:02,28.7,200,74750
20231212,14:46:53,28.5,400,74750
20231212,14:48:06,28.5,200,74750
20231212,14:49:18,29.0,1050,75300
20231212,14:50:09,28.9,50,75300
20231212,14:50:20,28.25,100,75300
20231212,14:52:45,29.25,100,75250
20231212,14:52:57,29.45,300,75250
20231212,14:53:07,29.65,350,75250
20231212,14:53:18,28.8,200,75250
20231212,14:53:29,28.85,50,75250
20231212,14:54:01,28.5,250,75250
20231212,14:55:35,28.75,100,75700
20231212,14:56:41,29.0,150,75700
20231212,15:02:20,26.8,500,75550
20231212,15:05:24,26.7,350,75050
20231212,15:06:28,26.6,100,75150
20231212,15:06:51,26.5,250,75150
20231212,15:07:02,26.2,450,75150
20231212,15:07:24,26.45,250,75150
20231212,15:09:47,26.8,50,75200
20231212,15:09:57,27.25,50,75200
20231212,15:10:41,26.75,250,75200
20231212,15:12:06,27.6,50,75200
20231212,15:13:44,27.4,100,75000
20231212,15:15:21,27.1,200,75000
20231212,15:16:14,27.5,200,75100
20231212,15:16:25,27.4,200,75100
20231212,15:17:16,27.3,100,75100
20231212,15:18:07,27.45,400,75100
20231212,15:18:28,27.2,400,75100
20231212,15:18:38,27.25,100,75050
20231212,15:19:40,27.25,100,75050
20231212,15:23:46,27.25,50,75150
20231212,15:24:47,27.05,50,75150
20231212,15:27:37,27.05,300,75200
20231212,15:29:16,27.4,100,75200
20231213,09:15:51,25.65,1,75400
20231213,09:15:51,25.65,100,75400
20231213,09:19:28,26.5,150,75400
20231213,09:20:19,26.5,150,75400
20231213,09:20:39,26.25,450,75400
20231213,09:20:49,26.3,150,75150
20231213,09:23:07,26.55,100,75150
20231213,09:23:17,26.55,100,75150
20231213,09:23:37,26.4,100,75150
20231213,09:23:47,26.4,100,75150
20231213,09:24:27,26.3,50,75150
20231213,09:26:04,26.0,50,75150
20231213,09:26:54,25.9,500,75150
20231213,09:27:04,25.65,100,75150
20231213,09:27:25,25.35,50,75150
20231213,09:27:35,25.35,100,75150
20231213,09:28:25,25.15,400,75150
20231213,09:30:06,24.45,500,75200
20231213,09:30:16,24.35,50,75200
20231213,09:30:26,24.3,50,75200
20231213,09:30:37,24.3,50,75200
20231213,09:31:27,25.15,50,75200
20231213,09:31:37,24.7,50,75200
20231213,09:32:16,25.05,50,75200
20231213,09:32:26,25.0,250,75200
20231213,09:32:57,25.75,100,75200
20231213,09:37:52,26.1,250,75200
20231213,09:38:02,26.1,250,75200
20231213,09:38:33,25.95,850,75200
20231213,09:38:43,25.95,100,75200
20231213,09:38:53,26.0,50,75200
20231213,09:43:15,26.0,50,75250
20231213,09:44:06,26.05,250,75250
20231213,09:46:47,25.9,50,75350
20231213,09:48:47,25.9,50,75400
20231213,09:53:30,26.45,50,75450
20231213,09:54:21,26.45,50,75500
20231213,09:56:28,27.15,50,75500
20231213,09:56:59,27.15,50,75400
20231213,09:57:09,27.75,50,75400
20231213,09:58:32,27.8,100,75400
20231213,09:58:43,27.8,50,75400
20231213,09:59:14,27.75,700,75400
20231213,09:59:35,27.4,400,75400
20231213,10:00:28,27.75,50,75700
20231213,10:00:59,28.2,200,75700
20231213,10:02:14,28.9,50,75700
20231213,10:02:35,28.9,250,75700
20231213,10:02:56,28.5,50,75450
20231213,10:05:52,28.0,500,75450
20231213,10:06:12,28.0,50,75450
20231213,10:08:14,27.5,50,75450
20231213,10:09:16,27.0,100,74950
20231213,10:11:00,28.0,200,74950
20231213,10:11:42,28.5,1000,74950
20231213,10:15:45,28.05,200,73950
20231213,10:16:05,28.05,100,73950
20231213,10:17:46,28.3,150,73950
20231213,10:17:56,28.4,100,73850
20231213,10:18:15,28.45,100,73850
20231213,10:18:26,28.5,150,73850
20231213,10:23:01,29.3,200,73900
20231213,10:26:01,29.35,100,73950
20231213,10:29:18,29.35,1200,74050
20231213,10:29:39,29.35,300,74050
20231213,10:31:05,29.6,100,73250
20231213,10:34:05,29.6,50,73250
20231213,10:34:37,29.6,600,73250
20231213,10:36:18,29.7,50,72650
20231213,10:36:27,29.85,50,72650
20231213,10:36:37,29.85,200,72650
20231213,10:37:17,29.6,50,72650
20231213,10:38:06,29.55,50,72650
20231213,10:38:55,29.7,200,72850
20231213,10:39:34,29.55,100,72850
20231213,10:41:23,29.6,600,72850
20231213,10:41:33,29.6,650,72850
20231213,10:41:43,29.7,50,72850
20231213,10:42:32,29.05,100,74350
20231213,10:44:54,28.5,200,74350
20231213,10:45:35,28.5,50,74450
20231213,10:49:07,28.95,50,74400
20231213,10:49:26,28.95,50,74400
20231213,10:49:35,28.95,50,74400
20231213,10:50:59,28.95,100,74500
20231213,10:52:26,28.95,50,74500
20231213,10:53:06,28.55,150,74500
20231213,10:53:36,28.6,100,74500
20231213,10:53:55,28.55,100,74500
20231213,10:54:14,28.35,100,74600
20231213,10:54:44,28.15,50,74600
20231213,10:56:47,28.65,100,74600
20231213,10:59:29,27.35,100,74550
20231213,10:59:40,27.0,250,74550
20231213,11:00:01,27.25,200,74600
20231213,11:00:53,27.45,50,74600
20231213,11:01:55,27.0,50,74600
20231213,11:02:05,26.65,150,74600
20231213,11:02:35,26.75,150,74600
20231213,11:02:57,26.0,50,74600
20231213,11:03:19,26.3,150,74600
20231213,11:03:39,26.05,100,74600
20231213,11:07:46,26.5,50,74800
20231213,11:08:43,27.0,50,74800
20231213,11:08:54,27.35,100,74800
20231213,11:13:33,26.7,50,74800
20231213,11:13:42,26.6,50,74800
20231213,11:16:56,27.05,50,74850
20231213,11:20:16,27.65,50,74900
20231213,11:20:36,27.65,50,74900
20231213,11:21:27,27.25,50,74850
20231213,11:22:16,27.25,50,74850
20231213,11:26:52,27.75,50,74850
20231213,11:29:30,27.8,50,74900
20231213,11:32:28,27.95,250,74900
20231213,11:32:38,27.65,950,74900
20231213,11:32:48,27.6,250,74900
20231213,11:34:23,27.7,50,75100
20231213,11:34:33,27.55,100,75100
20231213,11:34:52,27.55,50,75100
20231213,11:35:24,27.85,100,75100
20231213,11:35:56,28.4,50,75100
20231213,11:40:06,28.05,100,75200
20231213,11:40:35,28.45,150,75200
20231213,11:40:56,28.2,50,75200
20231213,11:41:17,28.15,50,75200
20231213,11:41:27,28.0,50,75200
20231213,11:41:48,27.3,150,75200
20231213,11:43:26,27.2,50,75400
20231213,11:44:22,27.3,50,75400
20231213,11:45:39,27.4,50,75350
20231213,11:48:27,27.15,100,75350
20231213,11:49:31,27.4,50,75350
20231213,11:51:55,27.55,100,75300
20231213,12:00:48,28.05,100,75300
20231213,12:02:01,28.0,50,75300
20231213,12:02:20,27.5,1450,75300
20231213,12:02:29,27.5,450,75300
20231213,12:04:44,27.45,50,77300
20231213,12:05:02,27.55,50,77300
20231213,12:05:20,27.55,100,77300
20231213,12:07:55,27.8,100,77250
20231213,12:09:49,27.5,200,77350
20231213,12:12:12,28.55,50,77150
20231213,12:14:45,28.3,50,77150
20231213,12:16:45,28.5,100,77200
20231213,12:18:33,28.65,50,77250
20231213,12:21:26,28.5,50,77250
20231213,12:22:45,29.0,150,77250
20231213,12:24:18,28.95,150,77350
20231213,12:27:08,28.2,50,77350
20231213,12:27:28,28.2,50,77500
20231213,12:34:55,28.5,200,77550
20231213,12:36:00,28.0,200,77550
20231213,12:39:07,27.5,1050,77950
20231213,12:39:53,27.15,100,78000
20231213,12:43:27,27.2,100,77900
20231213,12:43:54,27.45,50,77900
20231213,12:44:13,27.55,50,77900
20231213,12:44:31,27.6,100,77900
20231213,12:44:58,27.6,50,77900
20231213,12:45:07,27.6,200,77900
20231213,12:46:38,27.0,200,78100
20231213,12:51:02,26.65,50,78150
20231213,12:52:09,26.6,100,78150
20231213,12:58:50,25.1,250,78150
20231213,12:59:01,25.0,50,78150
20231213,12:59:11,25.0,350,78150
20231213,12:59:42,25.35,100,78150
20231213,12:59:52,25.0,250,78150
20231213,13:01:54,25.05,50,78450
20231213,13:02:14,25.1,50,78450
20231213,13:02:24,25.5,400,78450
20231213,13:02:54,24.7,200,78450
20231213,13:03:33,24.75,300,78750
20231213,13:07:08,24.95,100,78600
20231213,13:07:18,25.1,100,78600
20231213,13:07:38,25.0,50,78600
20231213,13:08:54,25.0,600,78600
20231213,13:10:38,25.1,100,79200
20231213,13:11:16,25.3,50,79200
20231213,13:11:35,25.15,100,79200
20231213,13:12:03,25.15,100,79200
20231213,13:12:12,25.3,50,79200
20231213,13:12:22,25.35,150,79150
20231213,13:12:50,25.8,200,79150
20231213,13:13:08,25.55,100,79150
20231213,13:14:14,25.65,100,79150
20231213,13:14:41,25.9,100,79150
20231213,13:14:50,25.9,100,79150
20231213,13:18:05,25.0,50,79150
20231213,13:23:35,25.35,50,79200
20231213,13:23:45,25.45,100,79200
20231213,13:23:54,25.45,50,79200
20231213,13:24:22,25.5,50,79200
20231213,13:26:40,25.55,50,79200
20231213,13:30:15,25.55,50,79250
20231213,13:31:13,25.55,50,79250
20231213,13:32:56,25.1,50,79250
20231213,13:33:05,25.25,150,79250
20231213,13:34:19,25.2,100,79000
20231213,13:34:38,25.3,50,79000
20231213,13:35:06,25.35,150,79000
20231213,13:35:26,24.8,800,79000
20231213,13:36:26,24.9,50,79050
20231213,13:37:14,24.95,50,79050
20231213,13:38:20,24.7,100,79050
20231213,13:38:31,24.75,100,79050
20231213,13:39:31,24.45,300,79000
20231213,13:41:25,24.15,50,79000
20231213,13:41:46,23.85,150,79000
20231213,13:41:57,24.05,100,79000
20231213,13:43:27,23.95,100,79000
20231213,13:44:16,23.45,250,79000
20231213,13:45:39,23.15,200,78850
20231213,13:48:17,23.7,100,78850
20231213,13:49:16,23.95,50,78850
20231213,13:52:51,23.3,50,78750
20231213,13:53:10,23.3,150,78750
20231213,13:53:29,23.5,150,78750
20231213,13:53:39,23.5,50,78750
20231213,13:53:58,23.35,50,78750
20231213,13:54:40,23.0,100,78550
20231213,13:55:01,23.0,300,78550
20231213,13:56:42,23.3,250,78550
20231213,13:56:52,23.3,750,78550
20231213,13:57:02,23.3,2850,78550
20231213,13:57:22,23.3,1050,78550
20231213,14:00:59,22.8,500,74300
20231213,14:03:01,22.8,50,74300
20231213,14:03:32,22.8,150,74850
20231213,14:04:01,22.9,50,74850
20231213,14:05:09,22.55,50,74850
20231213,14:05:19,22.55,50,74850
20231213,14:08:30,22.05,50,75050
20231213,14:08:40,22.05,400,75050
20231213,14:09:50,22.05,150,74600
20231213,14:11:44,22.05,200,74600
20231213,14:12:32,22.15,50,74600
20231213,14:13:09,22.2,100,74350
20231213,14:15:26,22.35,100,74350
20231213,14:17:57,22.85,50,74350
20231213,14:21:39,22.9,50,74300
20231213,14:23:00,23.15,50,74300
20231213,14:23:40,23.4,50,74300
20231213,14:23:59,23.15,200,74300
20231213,14:24:09,23.3,200,74300
20231213,14:24:38,23.15,150,74350
20231213,14:24:57,23.25,100,74350
20231213,14:25:16,23.2,50,74350
20231213,14:25:54,23.2,600,74350
20231213,14:29:13,22.7,50,74450
20231213,14:29:42,22.35,150,74450
20231213,14:29:51,22.4,200,74450
20231213,14:30:28,22.4,50,74450
20231213,14:30:48,22.25,200,74300
20231213,14:31:15,21.95,200,74300
20231213,14:31:42,21.95,50,74300
20231213,14:32:09,22.2,300,74300
20231213,14:33:56,23.1,50,74100
20231213,14:35:47,22.9,150,74100
20231213,14:41:13,23.55,50,74050
20231213,14:43:11,23.85,200,74100
20231213,14:45:01,23.55,200,74100
20231213,14:50:47,23.4,100,74350
20231213,14:52:13,22.75,50,74350
20231213,14:54:57,23.1,150,74350
20231213,14:57:12,22.25,50,74350
20231213,14:57:59,22.3,100,74450
20231213,14:58:36,22.5,1050,74450
20231213,15:01:28,22.2,50,75400
20231213,15:02:20,21.85,1250,75400
20231213,15:02:52,21.3,250,75400
20231213,15:03:47,21.15,50,76600
20231213,15:03:58,21.15,50,76600
20231213,15:04:09,21.1,50,76600
20231213,15:05:01,20.9,150,76600
20231213,15:05:45,20.6,250,76600
20231213,15:06:06,20.0,1550,76600
20231213,15:06:37,20.45,100,76600
20231213,15:06:48,20.2,250,76050
20231213,15:06:58,20.45,500,76050
20231213,15:07:28,20.7,1000,76050
20231213,15:08:26,20.55,50,76050
20231213,15:10:53,20.3,100,75600
20231213,15:11:04,20.5,100,75600
20231213,15:12:39,20.3,50,75600
20231213,15:13:17,20.25,100,75650
20231213,15:13:36,20.2,100,75650
20231213,15:14:24,20.15,100,75650
20231213,15:14:33,20.15,50,75650
20231213,15:15:39,20.2,50,75650
20231213,15:17:05,20.4,50,75550
20231213,15:17:14,20.45,100,75550
20231213,15:18:08,20.4,500,75550
20231213,15:19:39,20.55,350,75400
20231213,15:20:17,21.3,100,75400
20231213,15:20:26,20.6,200,75400
20231213,15:20:34,20.75,100,75400
20231213,15:21:10,20.6,50,75400
20231213,15:21:29,20.5,100,75400
20231213,15:23:28,20.5,50,74900
20231213,15:23:47,20.5,250,74900
20231213,15:24:16,20.7,100,74900
20231213,15:24:34,20.5,100,74900
20231213,15:25:02,20.55,50,75000
20231213,15:25:12,20.45,250,75000
20231213,15:26:02,20.25,50,75000
20231213,15:28:23,20.35,300,75250
20231213,15:28:55,20.2,50,75250
20231213,15:29:05,20.3,550,75250
20231213,15:29:25,20.5,50,75250
20231213,15:29:44,20.5,50,75250
20231213,15:29:54,20.5,50,75250
20231213,15:30:02,20.25,50,75250
20231214,09:18:38,17.95,1,75000
20231214,09:18:38,17.95,100,75000
20231214,09:19:05,14.35,100,75000
20231214,09:19:33,14.35,50,75000
20231214,09:19:42,16.2,50,75000
20231214,09:19:52,14.65,450,75000
20231214,09:20:29,14.65,300,75000
20231214,09:20:37,14.65,250,75000
20231214,09:20:46,15.5,100,75000
20231214,09:21:49,18.65,1600,75000
20231214,09:21:58,15.4,1500,75000
20231214,09:22:17,14.3,150,75000
20231214,09:22:36,14.25,50,75000
20231214,09:22:54,14.25,50,75000
20231214,09:24:37,15.0,100,74550
20231214,09:25:25,15.0,50,74550
20231214,09:25:34,18.95,100,74550
20231214,09:26:35,18.95,50,74300
20231214,09:26:38,15.9,100,74300
20231214,09:26:51,15.9,200,74300
20231214,09:27:15,16.0,50,74300
20231214,09:28:24,17.0,200,74300
20231214,09:28:51,17.9,50,74300
20231214,09:29:17,18.7,50,74300
20231214,09:29:26,16.75,150,74300
20231214,09:29:30,16.8,100,74300
20231214,09:30:43,16.85,200,74300
20231214,09:31:30,17.3,50,74300
20231214,09:32:48,17.0,500,74450
20231214,09:33:07,16.85,50,74450
20231214,09:33:54,16.7,200,74450
20231214,09:34:14,17.2,500,74450
20231214,09:34:34,16.85,200,74450
20231214,09:36:02,16.85,1800,75500
20231214,09:36:31,16.85,1100,75500
20231214,09:37:10,17.15,1450,75500
20231214,09:37:20,16.6,200,75500
20231214,09:37:29,17.15,1150,75500
20231214,09:37:59,16.7,100,75500
20231214,09:38:08,16.75,1150,75500
20231214,09:38:27,16.75,650,75500
20231214,09:38:46,16.7,450,80950
20231214,09:39:25,16.7,150,80950
20231214,09:39:35,16.65,100,80950
20231214,09:39:46,16.6,500,80950
20231214,09:39:55,16.35,400,80950
20231214,09:40:05,16.5,100,80950
20231214,09:40:14,16.65,100,80950
20231214,09:40:33,16.5,700,80950
20231214,09:40:52,16.6,100,80950
20231214,09:41:21,16.7,100,80950
20231214,09:41:31,16.0,200,80950
20231214,09:41:51,16.7,100,80850
20231214,09:42:21,16.6,100,80850
20231214,09:43:47,16.6,50,80850
20231214,09:44:07,16.4,250,80850
20231214,09:44:17,16.35,100,80850
20231214,09:44:27,16.45,100,80850
20231214,09:44:46,16.45,100,81000
20231214,09:45:05,16.4,350,81000
20231214,09:45:34,16.4,50,81000
20231214,09:45:53,16.45,50,81000
20231214,09:46:03,16.45,50,81000
20231214,09:46:12,16.45,100,81000
20231214,09:46:22,16.45,100,81000
20231214,09:47:12,16.45,100,81000
20231214,09:47:52,16.45,100,81100
20231214,09:48:12,16.3,450,81100
20231214,09:48:22,16.3,100,81100
20231214,09:48:52,16.45,50,81100
20231214,09:49:12,16.35,300,81100
20231214,09:50:13,16.4,50,81100
20231214,09:50:45,16.45,100,81250
20231214,09:51:47,16.7,1450,81250
20231214,09:51:57,16.6,50,81250
20231214,09:52:28,16.35,500,81250
20231214,09:53:18,16.4,50,81250
20231214,09:53:28,16.5,50,81250
20231214,09:54:19,16.3,50,79700
20231214,09:54:29,16.2,200,79700
20231214,09:55:30,17.95,250,79700
20231214,09:55:59,17.95,50,79700
20231214,09:56:40,17.95,50,79700
20231214,09:57:20,17.8,50,79700
20231214,09:57:50,16.4,200,79700
20231214,09:58:32,16.55,100,79700
20231214,09:58:41,16.55,400,79700
20231214,09:58:51,16.5,250,79700
20231214,09:59:01,16.55,650,79700
20231214,09:59:52,16.6,200,78650
20231214,10:01:02,16.65,50,78650
20231214,10:03:17,16.45,400,78800
20231214,10:03:37,16.4,100,78800
20231214,10:04:26,16.2,250,78800
20231214,10:05:04,16.2,50,78800
20231214,10:05:34,16.2,200,78800
20231214,10:05:44,16.1,550,78800
20231214,10:06:05,16.35,50,78850
20231214,10:06:36,16.55,400,78850
20231214,10:07:06,16.05,150,78850
20231214,10:07:58,16.05,150,78850
20231214,10:09:07,16.05,400,78350
20231214,10:10:40,16.05,200,78350
20231214,10:12:13,16.45,50,78100
20231214,10:15:45,15.1,200,78100
20231214,10:15:55,15.95,350,78100
20231214,10:19:50,16.3,50,78050
20231214,10:22:35,16.0,150,78100
20231214,10:23:45,15.75,50,78100
20231214,10:24:42,16.4,150,78200
20231214,10:24:52,16.2,50,78200
20231214,10:25:42,16.0,100,78200
20231214,10:27:00,15.8,50,78400
20231214,10:28:51,16.0,250,78400
20231214,10:31:59,16.5,300,78350
20231214,10:33:06,15.5,100,78650
20231214,10:35:31,15.9,300,78650
20231214,10:35:41,15.9,50,78650
20231214,10:35:51,15.75,200,78650
20231214,10:36:11,16.1,200,78300
20231214,10:40:53,16.2,100,78050
20231214,10:44:59,16.15,50,78050
20231214,10:45:19,16.05,100,78050
20231214,10:45:29,16.0,50,78050
20231214,10:46:58,16.5,1150,78050
20231214,10:47:17,15.8,2250,78050
20231214,10:50:24,15.8,50,79150
20231214,10:50:53,15.8,200,79150
20231214,10:51:31,15.8,50,79150
20231214,10:51:58,15.8,50,79150
20231214,10:52:45,15.7,250,79150
20231214,10:53:13,15.7,250,79150
20231214,10:53:31,15.7,250,79150
20231214,10:53:51,15.7,450,79150
20231214,10:54:01,15.65,500,79300
20231214,10:54:20,15.65,500,79300
20231214,10:54:30,15.65,300,79300
20231214,10:57:38,15.7,200,79150
20231214,10:58:42,15.7,50,79150
20231214,10:59:17,16.0,600,79150
20231214,10:59:44,15.65,400,79150
20231214,10:59:53,15.85,100,80150
20231214,11:01:43,16.0,250,80150
20231214,11:01:52,15.6,100,80150
20231214,11:02:01,16.0,500,80150
20231214,11:02:47,15.95,500,80150
20231214,11:03:39,15.6,100,81350
20231214,11:03:49,15.6,250,81350
20231214,11:04:17,15.6,300,81350
20231214,11:05:37,15.6,50,81350
20231214,11:06:04,15.55,100,81600
20231214,11:08:43,15.5,200,81600
20231214,11:25:38,15.25,100,81800
20231214,11:29:53,15.25,150,81800
20231214,11:32:41,15.2,50,81800
20231214,11:37:58,15.2,50,81650
20231214,11:38:33,15.05,200,81650
20231214,11:39:00,15.05,50,81700
20231214,11:39:45,15.05,50,81700
20231214,11:41:35,15.0,50,81700
20231214,11:43:11,15.0,100,81700
20231214,11:47:49,15.0,200,81800
20231214,11:48:17,15.0,50,82000
20231214,11:52:40,15.0,50,82000
20231214,11:52:49,15.0,300,82000
20231214,11:53:16,15.0,850,82000
20231214,11:55:11,15.25,500,82200
20231214,11:57:57,15.5,100,82000
20231214,12:07:12,15.35,50,82100
20231214,12:08:31,15.5,900,82100
20231214,12:08:40,15.3,200,82100
20231214,12:10:07,15.25,150,82400
20231214,12:14:55,15.45,100,82400
20231214,12:19:27,15.15,100,82500
20231214,12:23:35,15.2,100,82500
20231214,12:27:26,15.25,50,82500
20231214,12:29:35,15.25,50,82500
20231214,12:29:53,15.25,50,82500
20231214,12:32:47,15.25,50,82500
20231214,12:36:29,15.3,450,82500
20231214,12:43:49,15.35,100,82700
20231214,12:45:01,15.4,200,82700
20231214,12:45:10,15.25,200,82500
20231214,12:45:19,15.2,500,82500
20231214,12:45:28,15.1,50,82500
20231214,12:45:37,15.4,50,82500
20231214,12:48:23,15.35,100,82650
20231214,12:53:40,15.25,200,82650
20231214,12:53:57,15.3,50,82650
20231214,13:00:04,15.25,50,82600
20231214,13:02:46,14.95,1800,82600
20231214,13:02:56,14.95,2200,82600
20231214,13:03:05,14.95,2000,82600
20231214,13:03:14,14.95,2000,79150
20231214,13:03:23,14.95,1300,79150
20231214,13:06:36,14.85,350,74700
20231214,13:06:45,15.05,450,74700
20231214,13:07:02,15.1,250,74700
20231214,13:07:30,15.1,350,74700
20231214,13:08:22,15.55,50,74700
20231214,13:08:48,15.3,100,74700
20231214,13:09:43,15.3,200,74300
20231214,13:10:01,15.35,50,74300
20231214,13:15:25,15.0,1500,74350
20231214,13:17:02,15.5,300,74350
20231214,13:19:32,15.2,100,74350
20231214,13:19:52,15.15,400,74350
20231214,13:20:03,15.1,100,74350
20231214,13:20:14,15.15,50,74350
20231214,13:26:05,15.45,100,74600
20231214,13:28:50,15.25,50,74600
20231214,13:31:05,15.35,50,74600
20231214,13:31:25,15.25,400,74600
20231214,13:31:54,15.3,250,74600
20231214,13:32:03,15.3,250,74600
20231214,13:34:17,15.45,250,74450
20231214,13:35:50,15.45,100,74450
20231214,13:38:47,15.6,100,74200
20231214,13:40:53,16.05,600,74200
20231214,13:41:11,15.95,50,74200
20231214,13:41:58,16.0,150,74200
20231214,13:42:07,15.8,150,74200
20231214,13:44:24,15.7,100,74800
20231214,13:44:54,15.6,200,74800
20231214,13:46:44,15.7,200,74900
20231214,13:49:02,15.9,200,75050
20231214,13:51:23,15.9,100,75150
20231214,13:58:04,15.85,100,75150
20231214,13:59:10,15.85,500,75150
20231214,14:01:30,15.9,250,75650
20231214,14:01:40,15.65,150,75650
20231214,14:02:50,15.7,150,75650
20231214,14:03:08,15.8,50,75650
20231214,14:03:36,15.8,1450,76050
20231214,14:04:58,15.8,150,76050
20231214,14:05:08,15.8,1000,76050
20231214,14:05:17,15.8,200,76050
20231214,14:05:27,15.8,50,76050
20231214,14:13:58,15.75,50,78750
20231214,14:14:26,15.75,50,78750
20231214,14:15:02,15.7,100,78750
20231214,14:15:21,15.75,300,78750
20231214,14:15:31,15.75,300,78750
20231214,14:16:27,15.75,950,78750
20231214,14:17:12,15.95,50,78750
20231214,14:18:05,16.0,750,78750
20231214,14:18:15,16.0,150,78750
20231214,14:18:43,15.3,400,77900
20231214,14:19:09,15.4,550,77900
20231214,14:19:18,15.8,500,77900
20231214,14:19:54,15.75,1600,77900
20231214,14:20:21,15.75,50,77900
20231214,14:22:29,15.8,50,76050
20231214,14:24:08,16.15,200,76050
20231214,14:25:21,15.9,50,76150
20231214,14:31:15,15.85,50,76200
20231214,14:32:20,15.85,50,76200
20231214,14:34:58,15.6,200,76200
20231214,14:38:25,15.8,50,76200
20231214,14:38:43,15.65,150,76200
20231214,14:39:01,15.35,50,76200
20231214,14:43:15,15.5,1450,76150
20231214,14:43:24,15.4,1500,76150
20231214,14:49:29,15.6,50,76200
20231214,14:51:34,15.6,50,76250
20231214,14:54:06,15.75,100,76250
20231214,14:54:17,15.75,50,76250
20231214,14:56:42,15.4,50,76400
20231214,14:58:40,15.45,100,76350
20231214,14:59:13,15.4,50,76350
20231214,15:00:55,15.65,50,76400
20231214,15:01:06,15.5,50,76400
20231214,15:02:26,15.6,150,76400
20231214,15:03:46,15.85,50,76600
20231214,15:05:07,15.35,200,76600
20231214,15:05:17,15.6,50,76600
20231214,15:05:38,15.15,150,76600
20231214,15:07:13,15.3,50,76750
20231214,15:08:36,15.3,50,76750
20231214,15:08:56,15.3,250,76750
20231214,15:09:56,15.1,50,76950
20231214,15:11:18,15.0,450,76950
20231214,15:11:58,15.0,50,76950
20231214,15:14:15,15.75,100,77400
20231214,15:14:44,15.35,100,77400
20231214,15:15:14,15.35,50,77400
20231214,15:18:13,15.35,50,77600
20231214,15:18:23,15.15,50,77600
20231214,15:18:32,15.45,50,77650
20231214,15:18:42,15.05,50,77650
20231214,15:19:16,15.35,50,77650
20231214,15:21:13,15.35,100,77650
20231214,15:21:47,15.55,100,77750
20231214,15:22:44,15.05,250,77750
20231214,15:24:13,15.0,550,77750
20231214,15:25:01,15.0,100,77900
20231214,15:25:13,15.55,500,77900
20231214,15:26:23,14.8,50,77900
20231214,15:28:06,15.5,300,78250
20231214,15:28:52,15.95,350,78250
20231214,15:29:30,15.95,100,78250
20231214,15:29:43,15.95,50,78250
20231214,15:29:56,15.95,50,78250
20231215,09:16:55,13.95,1,78400
20231215,09:16:55,13.95,50,78400
20231215,09:17:33,13.85,50,78450
20231215,09:17:38,13.85,350,78450
20231215,09:17:43,14.0,500,78450
20231215,09:18:00,14.65,50,78450
20231215,09:18:16,14.65,50,78450
20231215,09:18:26,14.65,100,78450
20231215,09:18:36,13.8,1900,78450
20231215,09:18:42,13.5,3250,78450
20231215,09:18:50,13.25,2400,78450
20231215,09:19:08,13.25,50,78450
20231215,09:19:24,13.25,1100,78450
20231215,09:19:33,13.1,1700,78450
20231215,09:19:41,13.25,1450,78450
20231215,09:19:49,13.2,250,78450
20231215,09:21:05,12.9,50,80550
20231215,09:21:56,12.9,2050,80550
20231215,09:22:05,13.05,500,80550
20231215,09:22:15,13.25,600,80550
20231215,09:22:49,13.1,50,80550
20231215,09:22:57,13.3,500,80550
20231215,09:23:05,13.35,50,80550
20231215,09:23:38,13.4,500,81000
20231215,09:23:55,13.5,1350,81000
20231215,09:24:12,13.5,1450,81000
20231215,09:24:38,13.6,950,81000
20231215,09:24:54,13.4,550,81000
20231215,09:25:02,13.5,100,81000
20231215,09:25:11,13.4,100,81000
20231215,09:26:09,13.4,50,81000
20231215,09:26:35,13.4,350,82550
20231215,09:26:52,13.2,500,82550
20231215,09:27:09,13.1,150,82550
20231215,09:27:17,13.1,50,82550
20231215,09:27:26,13.3,300,82550
20231215,09:27:34,13.3,200,82550
20231215,09:28:14,13.15,50,82550
20231215,09:29:43,13.15,50,82700
20231215,09:29:51,13.4,300,82700
20231215,09:30:48,13.45,50,82700
20231215,09:31:12,13.5,500,82700
20231215,09:31:28,13.55,50,82700
20231215,09:31:52,13.5,400,82700
20231215,09:32:00,13.5,900,82700
20231215,09:32:16,13.4,100,82700
20231215,09:32:24,13.5,50,82700
20231215,09:32:40,13.5,900,82650
20231215,09:32:49,13.5,450,82650
20231215,09:33:07,13.5,600,82650
20231215,09:33:16,13.55,700,82650
20231215,09:34:08,13.65,350,82650
20231215,09:34:17,13.7,150,82650
20231215,09:34:26,13.75,1950,82650
20231215,09:34:34,13.8,150,82650
20231215,09:35:01,13.7,1400,82650
20231215,09:35:44,13.65,100,83500
20231215,09:35:53,13.65,200,83500
20231215,09:36:12,13.8,300,83500
20231215,09:36:38,13.8,950,83500
20231215,09:36:47,13.9,550,83500
20231215,09:36:56,13.8,400,83500
20231215,09:37:05,13.8,50,83500
20231215,09:37:14,13.8,50,83500
20231215,09:37:31,13.7,150,83500
20231215,09:37:58,13.8,50,83500
20231215,09:38:07,13.8,50,83500
20231215,09:39:27,13.8,900,84450
20231215,09:40:02,13.9,50,84450
20231215,09:40:56,13.9,500,84450
20231215,09:41:12,13.9,50,84450
20231215,09:42:21,13.85,550,85050
20231215,09:42:30,13.95,500,85050
20231215,09:42:39,13.95,250,85050
20231215,09:43:56,13.85,50,85050
20231215,09:45:03,14.0,1000,85500
20231215,09:45:46,13.85,250,85500
20231215,09:45:55,13.75,250,85500
20231215,09:47:06,13.95,200,85500
20231215,09:47:14,13.95,200,85500
20231215,09:47:32,14.2,1350,86500
20231215,09:47:49,14.1,250,86500
20231215,09:48:05,14.0,500,86500
20231215,09:48:14,14.0,900,86500
20231215,09:49:36,13.9,500,86500
20231215,09:50:16,13.8,250,86500
20231215,09:51:45,13.9,50,86900
20231215,09:54:06,13.85,500,86950
20231215,09:54:34,13.9,50,86950
20231215,09:54:43,14.05,100,86950
20231215,09:55:02,14.05,50,86950
20231215,09:55:37,14.05,50,86950
20231215,09:56:56,13.95,450,86900
20231215,09:58:04,13.8,250,86900
20231215,09:58:54,14.0,550,86900
20231215,09:59:02,14.05,450,86900
20231215,09:59:20,13.85,100,86900
20231215,09:59:53,13.95,50,86800
20231215,10:00:20,14.0,50,86800
20231215,10:01:32,14.0,50,86800
20231215,10:03:14,13.9,650,86700
20231215,10:03:58,13.9,50,86700
20231215,10:04:07,13.95,50,86700
20231215,10:04:15,14.0,300,86700
20231215,10:04:24,14.0,100,86700
20231215,10:04:42,14.1,500,86700
20231215,10:04:50,14.1,750,86700
20231215,10:05:35,14.1,50,86150
20231215,10:06:02,14.1,50,86150
20231215,10:06:29,14.2,100,86150
20231215,10:06:38,14.2,50,86150
20231215,10:09:04,14.2,300,86150
20231215,10:10:02,14.2,1400,86150
20231215,10:10:11,14.1,500,86150
20231215,10:10:19,14.25,1100,86150
20231215,10:11:10,14.15,700,86150
20231215,10:11:18,14.15,1700,86150
20231215,10:11:27,14.15,250,86150
20231215,10:12:02,14.25,350,86950
20231215,10:12:19,14.3,850,86950
20231215,10:12:28,14.35,150,86950
20231215,10:12:54,14.25,250,86950
20231215,10:13:03,14.35,1650,86950
20231215,10:13:20,14.45,50,86950
20231215,10:13:28,14.45,50,86950
20231215,10:13:37,14.6,950,86950
20231215,10:13:47,14.6,1100,86950
20231215,10:13:57,14.45,2650,86950
20231215,10:14:06,14.65,400,86950
20231215,10:14:15,14.8,9700,86950
20231215,10:15:07,14.6,50,97050
20231215,10:15:58,14.65,50,97050
20231215,10:16:59,14.75,150,97050
20231215,10:17:16,14.85,100,97050
20231215,10:17:25,14.9,500,97050
20231215,10:17:43,14.9,50,97700
20231215,10:18:09,14.9,100,97700
20231215,10:18:18,14.95,200,97700
20231215,10:18:26,15.0,50,97700
20231215,10:18:35,15.0,2250,97700
20231215,10:18:53,15.0,1150,97700
20231215,10:19:01,15.0,50,97700
20231215,10:19:11,15.0,350,97700
20231215,10:19:46,14.95,300,97700
20231215,10:20:12,15.0,150,97700
20231215,10:20:20,14.9,50,97700
20231215,10:20:36,14.95,650,97750
20231215,10:20:45,14.95,350,97750
20231215,10:24:16,14.85,50,98250
20231215,10:24:59,14.85,300,98250
20231215,10:25:09,14.9,50,98250
20231215,10:25:37,15.0,150,98250
20231215,10:25:46,15.0,100,98250
20231215,10:25:54,15.05,250,98250
20231215,10:29:06,15.15,350,98700
20231215,10:29:22,15.3,3350,98700
20231215,10:29:31,15.3,1850,98700
20231215,10:29:40,15.3,200,102900
20231215,10:29:57,15.3,450,102900
20231215,10:30:06,15.3,150,102900
20231215,10:32:39,15.3,200,103700
20231215,10:33:11,15.4,50,103700
20231215,10:33:27,15.4,50,103700
20231215,10:33:44,15.35,50,103700
20231215,10:34:18,15.3,7100,103700
20231215,10:34:27,15.25,11050,103700
20231215,10:34:36,15.3,100,103700
20231215,10:34:45,15.05,1650,103700
20231215,10:34:54,15.2,4500,103700
20231215,10:35:02,15.2,250,103700
20231215,10:35:11,15.2,350,103700
20231215,10:36:48,15.05,300,106750
20231215,10:38:35,15.0,50,106750
20231215,10:40:00,14.95,500,106500
20231215,10:40:25,14.9,50,106500
20231215,10:41:30,14.9,800,106500
20231215,10:41:38,14.9,500,106500
20231215,10:43:12,14.85,50,106200
20231215,10:43:37,14.85,250,106200
20231215,10:43:46,14.9,1800,106200
20231215,10:44:11,14.85,250,106200
20231215,10:44:28,14.85,100,106200
20231215,10:46:15,14.9,200,106950
20231215,10:47:35,14.75,1800,106950
20231215,10:48:02,14.7,2800,108950
20231215,10:48:58,14.7,100,108950
20231215,10:49:07,14.55,1200,108950
20231215,10:49:24,14.55,650,108950
20231215,10:49:51,14.5,600,108950
20231215,10:50:08,14.55,800,108950
20231215,10:50:42,14.65,1000,108500
20231215,10:50:59,14.6,150,108500
20231215,10:51:08,14.6,250,108500
20231215,10:51:17,14.55,100,108500
20231215,10:52:45,14.7,150,108500
20231215,10:52:55,14.8,50,108500
20231215,10:53:04,14.8,300,108500
20231215,10:53:13,14.7,50,108500
20231215,10:53:23,14.8,1000,108500
20231215,10:53:31,14.7,50,108500
20231215,10:53:50,14.8,200,109000
20231215,10:54:18,14.9,1000,109000
20231215,10:55:11,14.75,50,109000
20231215,10:55:47,14.75,500,109000
20231215,10:56:22,14.9,500,109000
20231215,10:57:59,14.75,50,111050
20231215,10:58:17,14.75,150,111050
20231215,10:58:35,14.8,200,111050
20231215,10:58:44,14.75,50,111050
20231215,10:59:02,14.6,250,111050
20231215,10:59:37,14.55,250,111050
20231215,11:00:30,14.55,400,110850
20231215,11:00:38,14.6,200,110850
20231215,11:01:11,14.4,1800,110850
20231215,11:01:20,14.3,1800,110850
20231215,11:01:29,14.45,50,110850
20231215,11:01:37,14.55,50,110850
20231215,11:01:45,14.5,2300,110850
20231215,11:02:03,14.6,500,110850
20231215,11:02:11,14.7,1900,110850
20231215,11:02:19,14.6,250,110850
20231215,11:02:27,14.5,800,110850
20231215,11:03:07,14.5,600,116000
20231215,11:03:32,14.6,400,116000
20231215,11:04:15,14.5,100,116000
20231215,11:04:51,14.5,1200,116000
20231215,11:05:35,14.4,150,116000
20231215,11:05:44,14.45,150,116000
20231215,11:06:01,14.5,550,115900
20231215,11:09:13,14.55,1150,115700
20231215,11:10:02,14.5,100,115700
20231215,11:10:43,14.45,150,115700
20231215,11:11:15,14.4,900,115700
20231215,11:11:23,14.4,400,115700
20231215,11:11:31,14.4,900,115700
20231215,11:11:38,14.4,250,115700
20231215,11:12:43,14.25,1150,115900
20231215,11:12:50,14.25,250,115900
20231215,11:12:58,14.25,250,115900
20231215,11:13:22,14.25,100,115900
20231215,11:14:33,14.25,250,115900
