date,time,tick_price,volume,open_interest
20231227,10:59:13,394.2,100,100
20231228,09:23:59,296.75,1,100
20231228,09:23:59,296.75,50,100
20231228,09:26:50,293.05,50,150
20231228,09:28:07,293.05,50,100
20231228,09:28:27,296.0,300,100
20231228,09:34:13,296.5,300,250
20231228,09:34:22,300.5,100,250
20231228,09:34:44,306.5,50,250
20231228,09:42:39,306.5,500,650
20231228,09:48:01,290.25,100,1150
20231228,09:51:00,291.45,650,1150
20231228,09:51:57,293.65,150,1600
20231228,09:53:59,293.0,400,1600
20231228,09:54:17,292.5,700,2150
20231228,09:54:35,293.3,700,2150
20231228,09:54:44,293.45,1400,2150
20231228,09:55:02,292.85,100,2150
20231228,09:55:47,302.45,400,2150
20231228,09:55:58,305.9,700,2150
20231228,09:56:09,301.9,200,2150
20231228,10:00:50,300.05,700,6250
20231228,10:02:29,304.6,400,6250
20231228,10:02:38,304.45,400,6250
20231228,10:02:55,304.85,250,6250
20231228,10:04:06,316.15,1800,8000
20231228,10:04:16,316.15,100,8000
20231228,10:04:44,315.2,50,8000
20231228,10:08:14,323.05,200,9850
20231228,10:10:32,323.05,50,9950
20231228,10:10:43,311.9,150,9950
20231228,10:12:23,329.25,50,9950
20231228,10:15:00,329.25,50,9950
20231228,10:15:37,326.5,50,9900
20231228,10:16:05,326.05,50,9900
20231228,10:18:18,315.9,50,9950
20231228,10:21:14,324.55,50,10000
20231228,10:21:51,328.9,50,10000
20231228,10:23:14,326.6,50,10000
20231228,10:23:42,318.75,1800,10000
20231228,10:24:02,319.8,50,10000
20231228,10:30:26,310.25,50,8850
20231228,10:30:36,312.1,50,8850
20231228,10:30:46,313.5,50,8850
20231228,10:36:11,316.6,400,8850
20231228,10:36:28,317.95,400,9250
20231228,10:37:30,324.9,400,9250
20231228,10:37:48,320.75,50,9250
20231228,10:38:06,318.35,1600,9250
20231228,10:38:24,318.1,200,9250
20231228,10:38:33,318.4,400,9250
20231228,10:39:00,319.85,400,9250
20231228,10:39:17,319.9,400,12250
20231228,10:39:43,319.25,50,12250
20231228,10:41:04,327.75,50,12250
20231228,10:45:09,321.25,400,12250
20231228,10:45:51,319.05,50,12650
20231228,10:50:22,310.65,800,12700
20231228,10:50:40,312.25,400,12700
20231228,10:51:08,310.4,50,12700
20231228,10:58:30,330.35,100,13550
20231228,11:03:26,330.35,50,13500
20231228,11:08:11,307.95,200,13550
20231228,11:08:31,309.55,50,13550
20231228,11:08:41,305.45,100,13550
20231228,11:09:14,289.4,600,13550
20231228,11:09:54,289.4,50,14250
20231228,11:11:39,298.5,50,14250
20231228,11:14:17,294.4,350,14300
20231228,11:15:24,301.15,400,14650
20231228,11:17:48,303.5,150,14650
20231228,11:17:57,302.75,250,14650
20231228,11:18:07,304.65,250,14650
20231228,11:18:34,302.5,650,15100
20231228,11:19:20,302.05,50,15100
20231228,11:22:40,303.45,50,15100
20231228,11:30:10,293.25,50,15100
20231228,11:30:47,296.65,300,15050
20231228,11:31:26,291.5,150,15050
20231228,11:31:35,291.85,400,15050
20231228,11:32:45,290.3,400,15050
20231228,11:33:04,290.4,100,15050
20231228,11:37:34,290.4,50,15450
20231228,11:41:28,288.65,50,15450
20231228,11:44:12,288.65,400,15500
20231228,11:45:03,292.7,500,15500
20231228,11:46:03,292.3,250,15500
20231228,11:51:19,290.15,50,15500
20231228,11:56:02,293.5,300,15450
20231228,12:05:23,283.95,650,15450
20231228,12:06:14,283.95,50,15450
20231228,12:06:31,284.45,100,15500
20231228,12:09:09,285.15,100,15500
20231228,12:12:29,286.85,100,15500
20231228,12:18:21,288.0,50,15550
20231228,12:20:59,284.0,250,15550
20231228,12:21:07,284.1,250,15550
20231228,12:24:12,277.0,250,15600
20231228,12:24:32,277.0,50,15500
20231228,12:26:12,277.0,50,15500
20231228,12:27:53,274.55,150,15500
20231228,12:28:03,270.0,50,15500
20231228,12:28:14,270.0,150,15500
20231228,12:28:24,273.5,150,15500
20231228,12:28:34,271.85,400,15500
20231228,12:29:02,272.55,400,15500
20231228,12:29:22,272.8,400,15500
20231228,12:29:32,271.6,500,15500
20231228,12:29:41,271.55,50,15500
20231228,12:29:50,272.85,250,15500
20231228,12:30:00,272.3,400,15500
20231228,12:31:30,273.15,350,14950
20231228,12:32:43,272.45,50,14950
20231228,12:34:52,273.5,250,14600
20231228,12:35:18,274.0,300,14600
20231228,12:38:22,273.9,800,14950
20231228,12:39:14,272.9,250,14950
20231228,12:39:31,273.25,50,14950
20231228,12:40:41,273.0,50,15650
20231228,12:41:07,274.05,50,15650
20231228,12:41:16,274.55,50,15650
20231228,12:45:03,274.45,100,15600
20231228,12:46:22,272.2,150,15650
20231228,12:48:47,270.05,50,15650
20231228,12:50:51,275.9,50,15650
20231228,12:51:01,280.05,50,15650
20231228,12:51:11,281.8,300,15650
20231228,12:51:21,280.1,100,15650
20231228,12:51:30,279.85,850,15650
20231228,12:51:48,278.6,100,16400
20231228,12:51:57,278.5,50,16400
20231228,12:52:15,278.7,50,16400
20231228,12:53:36,280.0,250,16400
20231228,12:53:44,278.95,100,16400
20231228,12:54:36,279.35,350,16800
20231228,12:55:18,277.8,50,16800
20231228,12:56:11,276.35,550,16800
20231228,12:57:02,276.65,300,16800
20231228,12:57:27,276.75,150,16800
20231228,12:57:36,275.55,100,17750
20231228,12:57:45,274.85,950,17750
20231228,12:58:02,275.25,50,17750
20231228,12:58:37,275.9,50,17750
20231228,13:00:41,278.9,300,18150
20231228,13:01:16,277.8,300,18150
20231228,13:07:59,277.3,150,18450
20231228,13:08:24,275.9,100,18450
20231228,13:08:33,275.95,50,18450
20231228,13:08:50,274.5,50,18450
20231228,13:08:58,274.35,100,18450
20231228,13:09:33,272.8,150,18450
20231228,13:13:58,270.0,100,18450
20231228,13:15:53,272.95,50,18450
20231228,13:18:09,277.0,250,18450
20231228,13:23:27,277.4,50,18700
20231228,13:26:23,280.45,50,18650
20231228,13:27:48,283.95,50,18700
20231228,13:28:46,285.1,50,18700
20231228,13:29:04,283.65,250,18700
20231228,13:29:13,282.25,50,18700
20231228,13:34:47,284.55,50,18700
20231228,13:40:56,277.35,400,18700
20231228,13:45:03,281.95,50,19100
20231228,13:48:29,281.45,50,19100
20231228,14:02:49,275.45,700,19100
20231228,14:05:41,273.95,50,19800
20231228,14:06:30,274.6,50,19800
20231228,14:09:53,274.8,50,19800
20231228,14:11:33,276.45,50,19800
20231228,14:14:02,279.2,50,19800
20231228,14:14:27,279.3,50,19800
20231228,14:18:34,283.55,50,19850
20231228,14:19:09,285.55,200,19800
20231228,14:22:35,280.9,50,19800
20231228,14:22:52,279.8,200,19800
20231228,14:29:21,277.45,50,20050
20231228,14:30:21,281.0,250,20050
20231228,14:33:00,277.9,250,20050
20231228,14:35:47,277.25,50,20100
20231228,14:36:21,276.55,50,20100
20231228,14:36:53,277.0,100,20050
20231228,14:39:09,279.25,100,20050
20231228,14:39:35,279.5,800,20050
20231228,14:39:43,279.5,450,20050
20231228,14:40:52,280.9,100,19550
20231228,14:41:34,280.0,550,19550
20231228,14:41:43,280.0,650,19550
20231228,14:42:07,279.9,50,19550
20231228,14:42:16,279.1,50,19550
20231228,14:43:06,278.95,100,19450
20231228,14:46:18,279.1,150,19500
20231228,14:48:26,281.5,50,19500
20231228,14:49:38,284.55,50,19300
20231228,14:54:39,283.45,250,19350
20231228,14:58:39,266.25,100,19100
20231228,14:59:49,266.25,50,19100
20231228,14:59:57,271.4,50,19100
20231228,15:00:25,265.95,100,19100
20231228,15:01:03,265.95,100,18900
20231228,15:01:22,265.75,100,18900
20231228,15:02:47,265.75,50,18900
20231228,15:03:47,271.55,150,18900
20231228,15:04:40,270.05,800,18900
20231228,15:04:58,269.8,200,18900
20231228,15:06:07,268.0,50,18900
20231228,15:06:16,266.7,50,18900
20231228,15:06:43,269.05,50,18900
20231228,15:07:00,267.65,600,19250
20231228,15:07:09,267.6,100,19250
20231228,15:07:18,267.7,200,19250
20231228,15:08:51,268.7,50,19250
20231228,15:10:55,268.6,100,19200
20231228,15:11:04,268.7,500,19200
20231228,15:11:12,267.35,50,19200
20231228,15:11:21,267.15,1050,19200
20231228,15:11:30,266.25,50,19200
20231228,15:11:39,266.75,200,19200
20231228,15:12:15,267.7,450,19200
20231228,15:12:50,269.0,150,19200
20231228,15:13:35,269.7,800,18950
20231228,15:15:27,266.25,150,18950
20231228,15:16:04,265.0,450,19600
20231228,15:16:13,264.55,250,19600
20231228,15:17:13,263.95,150,19600
20231228,15:17:32,263.95,300,19600
20231228,15:18:38,268.8,400,19600
20231228,15:18:48,268.3,400,19600
20231228,15:19:06,266.05,50,18350
20231228,15:19:15,266.35,150,18350
20231228,15:19:16,263.5,200,18350
20231228,15:19:22,265.75,1800,18350
20231228,15:19:30,265.25,1800,18350
20231228,15:19:39,265.9,1800,18350
20231228,15:19:56,266.15,1800,18350
20231228,15:20:26,267.4,1800,18350
20231228,15:21:03,267.4,1800,18350
20231228,15:21:21,266.55,50,18350
20231228,15:21:33,266.45,50,18350
20231228,15:22:02,267.95,50,27900
20231228,15:22:46,267.95,1250,27900
20231228,15:22:58,271.0,100,27900
20231228,15:23:43,272.45,50,27900
20231228,15:24:17,279.85,2900,27900
20231228,15:24:38,281.2,100,27900
20231228,15:25:01,282.9,900,26250
20231228,15:25:12,278.05,300,26250
20231228,15:26:13,274.2,50,26250
20231228,15:27:27,277.35,550,26250
20231228,15:27:38,280.9,300,26250
20231228,15:27:50,278.9,300,26250
20231228,15:28:39,281.55,150,24850
20231228,15:29:08,280.25,400,24850
20231228,15:29:18,278.7,150,24850
20231228,15:29:37,279.4,350,24850
20231229,09:15:27,306.95,1,24050
20231229,09:15:27,306.95,50,24050
20231229,09:15:35,311.45,150,24050
20231229,09:15:42,311.45,300,24050
20231229,09:16:05,302.75,250,24050
20231229,09:16:20,307.15,250,24050
20231229,09:16:24,304.6,350,24050
20231229,09:16:35,309.0,350,24050
20231229,09:16:38,312.1,50,24050
20231229,09:16:42,312.95,50,24050
20231229,09:16:46,312.95,150,24050
20231229,09:16:53,309.4,200,24050
20231229,09:16:57,310.55,550,24050
20231229,09:17:08,311.1,50,24050
20231229,09:17:12,311.9,200,23350
20231229,09:17:19,311.95,150,23350
20231229,09:17:34,311.95,100,23350
20231229,09:17:38,312.45,100,23350
20231229,09:18:01,312.8,50,23350
20231229,09:18:06,314.65,300,23350
20231229,09:18:08,315.2,350,23350
20231229,09:18:10,315.95,250,23350
20231229,09:18:11,315.95,200,23350
20231229,09:18:20,314.0,100,23350
20231229,09:18:23,314.0,400,23350
20231229,09:18:25,314.6,550,23350
20231229,09:18:31,314.0,400,23350
20231229,09:18:33,314.6,100,23350
20231229,09:18:44,310.0,700,23350
20231229,09:18:49,312.0,200,23350
20231229,09:18:51,312.05,100,23350
20231229,09:19:04,313.8,250,23350
20231229,09:19:16,311.25,50,23350
20231229,09:19:17,312.2,100,23350
20231229,09:19:19,311.1,350,23350
20231229,09:19:21,311.2,50,23350
20231229,09:19:22,311.5,100,23350
20231229,09:19:24,312.9,50,23350
20231229,09:19:27,313.05,50,23350
20231229,09:19:31,311.5,100,23350
20231229,09:19:34,311.3,50,23350
20231229,09:19:39,311.8,50,23350
20231229,09:19:42,312.05,350,23350
20231229,09:19:48,311.45,100,23350
20231229,09:19:49,311.2,100,23350
20231229,09:19:58,311.55,100,23350
20231229,09:19:59,311.2,100,23350
20231229,09:20:04,312.0,350,23350
20231229,09:20:06,310.9,100,23350
20231229,09:20:16,314.0,50,25200
20231229,09:20:29,306.85,50,25200
20231229,09:20:41,308.95,50,25200
20231229,09:20:48,304.05,50,25200
20231229,09:20:52,304.2,100,25200
20231229,09:20:54,304.75,50,25200
20231229,09:21:24,308.8,300,25200
20231229,09:21:40,308.7,200,25200
20231229,09:21:59,310.2,250,25200
20231229,09:22:02,309.5,50,25200
20231229,09:22:15,307.15,200,25200
20231229,09:22:22,306.3,350,25200
20231229,09:22:29,305.35,350,25200
20231229,09:22:44,305.7,100,25200
20231229,09:23:54,298.05,150,26000
20231229,09:24:16,296.85,350,26000
20231229,09:24:36,296.85,100,26000
20231229,09:25:21,301.5,50,26000
20231229,09:25:31,299.2,50,26000
20231229,09:25:41,300.8,50,26000
20231229,09:25:52,301.9,50,26000
20231229,09:25:57,301.7,500,26000
20231229,09:26:21,300.8,250,26250
20231229,09:26:59,297.75,250,26250
20231229,09:27:06,297.4,100,26250
20231229,09:27:09,297.75,50,26250
20231229,09:27:18,297.4,50,26250
20231229,09:27:19,297.9,50,26250
20231229,09:27:34,295.75,150,26250
20231229,09:28:02,295.75,100,26250
20231229,09:28:57,295.7,100,26250
20231229,09:29:12,295.3,50,25650
20231229,09:29:14,294.8,250,25650
20231229,09:29:48,292.55,600,25650
20231229,09:29:56,292.55,600,25650
20231229,09:31:00,291.5,150,25650
20231229,09:31:03,291.5,1350,25650
20231229,09:31:38,291.55,150,25650
20231229,09:31:54,292.5,150,25650
20231229,09:32:18,292.0,550,25500
20231229,09:32:23,292.0,650,25500
20231229,09:32:41,290.05,100,25500
20231229,09:32:55,287.15,50,25500
20231229,09:33:16,284.65,200,25500
20231229,09:33:35,282.6,200,25500
20231229,09:33:36,282.6,50,25500
20231229,09:34:06,282.8,150,25500
20231229,09:34:48,279.5,500,25500
20231229,09:34:56,279.0,200,25500
20231229,09:35:01,279.0,150,25500
20231229,09:35:10,278.95,50,26600
20231229,09:35:32,278.95,50,26600
20231229,09:35:52,282.2,100,26600
20231229,09:36:02,283.0,250,26600
20231229,09:36:03,283.8,100,26600
20231229,09:37:22,282.2,450,26600
20231229,09:37:30,286.55,100,26600
20231229,09:37:42,286.5,150,26600
20231229,09:38:07,286.15,100,26600
20231229,09:38:30,289.75,50,26450
20231229,09:38:32,290.65,50,26450
20231229,09:38:42,287.85,50,26450
20231229,09:39:04,287.1,1800,26450
20231229,09:39:22,289.8,200,26450
20231229,09:40:52,294.5,400,26450
20231229,09:40:55,293.9,250,26450
20231229,09:42:22,296.6,50,24800
20231229,09:43:28,294.6,50,24800
20231229,09:43:35,298.1,50,24800
20231229,09:44:20,299.0,100,24800
20231229,09:45:17,297.0,100,24800
20231229,09:45:29,294.75,650,24800
20231229,09:46:10,300.55,50,24800
20231229,09:46:39,299.55,400,24800
20231229,09:46:57,299.8,50,24800
20231229,09:47:35,296.25,100,24050
20231229,09:48:37,295.35,100,24050
20231229,09:48:59,295.65,400,24050
20231229,09:49:24,294.6,100,24050
20231229,09:49:27,294.45,400,24050
20231229,09:49:37,295.8,400,24050
20231229,09:49:40,297.2,450,24050
20231229,09:50:04,297.8,50,24050
20231229,09:50:17,297.5,50,24850
20231229,09:53:16,298.9,200,24850
20231229,09:54:26,296.85,100,24850
20231229,09:54:27,297.0,150,24850
20231229,09:54:41,293.3,100,24850
20231229,09:55:58,301.2,900,24850
20231229,09:56:03,299.6,50,24850
20231229,09:56:13,298.6,100,24850
20231229,09:56:24,299.5,250,25350
20231229,09:56:28,299.4,100,25350
20231229,09:58:34,306.95,500,25350
20231229,09:58:39,305.8,50,25350
20231229,09:59:18,309.6,50,25050
20231229,09:59:35,305.85,400,25050
20231229,09:59:38,306.2,300,25050
20231229,10:00:00,309.4,250,25050
20231229,10:00:13,308.0,200,25050
20231229,10:00:25,307.0,50,25050
20231229,10:00:48,305.0,50,25050
20231229,10:00:58,305.0,50,25050
20231229,10:01:26,304.0,50,25050
20231229,10:02:06,302.15,50,25050
20231229,10:02:26,303.1,250,24950
20231229,10:03:10,298.9,100,24950
20231229,10:03:20,296.85,250,24950
20231229,10:03:43,295.0,50,24950
20231229,10:03:48,295.2,100,24950
20231229,10:03:53,295.3,100,24950
20231229,10:04:10,298.1,100,24950
20231229,10:04:18,297.1,100,24950
20231229,10:04:20,296.75,50,24950
20231229,10:07:01,303.2,300,24800
20231229,10:07:44,309.35,100,24800
20231229,10:08:00,316.8,100,24800
20231229,10:08:05,316.8,50,24800
20231229,10:08:48,322.05,50,24700
20231229,10:08:50,322.05,500,24700
20231229,10:08:59,320.0,50,24700
20231229,10:09:12,320.35,700,24700
20231229,10:09:25,316.9,50,24700
20231229,10:09:47,318.55,50,24700
20231229,10:09:55,319.1,50,24700
20231229,10:10:12,324.4,100,24700
20231229,10:10:29,325.75,100,24700
20231229,10:10:39,325.75,100,24700
20231229,10:15:04,340.0,50,24350
20231229,10:15:07,340.0,50,24350
20231229,10:17:14,329.15,250,24350
20231229,10:17:24,332.35,250,24300
20231229,10:18:17,327.5,50,24300
20231229,10:20:04,319.2,100,24300
20231229,10:20:12,320.45,50,24300
20231229,10:20:25,324.5,150,24050
20231229,10:20:54,328.5,100,24050
20231229,10:21:26,322.4,50,24050
20231229,10:21:27,320.95,50,24050
20231229,10:21:44,315.2,50,24050
20231229,10:21:57,316.0,50,24050
20231229,10:22:24,314.25,250,24050
20231229,10:23:00,318.0,50,24050
20231229,10:23:09,318.8,350,24050
20231229,10:23:12,317.0,500,24050
20231229,10:23:15,316.7,50,24050
20231229,10:23:20,317.1,50,24350
20231229,10:23:24,316.8,200,24350
20231229,10:23:27,313.35,150,24350
20231229,10:24:19,307.9,250,24350
20231229,10:25:09,307.25,50,24350
20231229,10:27:24,308.75,100,24600
20231229,10:27:46,306.55,100,24600
20231229,10:28:59,309.8,50,24600
20231229,10:29:19,308.8,50,24550
20231229,10:30:22,302.55,100,24550
20231229,10:30:34,304.8,550,24550
20231229,10:31:14,302.2,50,24550
20231229,10:31:26,302.1,100,24550
20231229,10:31:49,301.8,100,24550
20231229,10:31:56,303.55,250,24550
20231229,10:32:20,299.3,50,24400
20231229,10:32:27,298.15,50,24400
20231229,10:32:32,294.9,200,24400
20231229,10:32:34,296.1,500,24400
20231229,10:32:40,296.3,550,24400
20231229,10:33:05,297.0,600,24400
20231229,10:33:27,297.7,50,24400
20231229,10:33:52,294.45,100,24400
20231229,10:34:02,295.25,300,24400
20231229,10:34:14,295.65,150,24400
20231229,10:36:10,300.3,50,25600
20231229,10:36:52,295.5,250,25600
20231229,10:36:55,292.95,50,25600
20231229,10:37:07,291.0,350,25600
20231229,10:37:39,294.5,100,25600
20231229,10:38:25,295.35,50,25450
20231229,10:39:34,295.0,100,25450
20231229,10:40:10,294.3,100,25450
20231229,10:40:27,294.4,100,25450
20231229,10:41:09,298.45,100,25450
20231229,10:41:10,298.1,100,25450
20231229,10:41:20,298.2,50,25500
20231229,10:42:05,294.7,50,25500
20231229,10:42:10,294.8,100,25500
20231229,10:42:59,295.0,100,25500
20231229,10:43:15,293.8,400,25500
20231229,10:43:25,295.1,50,25500
20231229,10:43:44,296.0,100,25500
20231229,10:45:54,294.85,50,25850
20231229,10:46:04,292.35,50,25850
20231229,10:46:34,289.4,100,25850
20231229,10:46:36,288.6,750,25850
20231229,10:46:49,285.6,300,25850
20231229,10:47:05,289.75,350,25850
20231229,10:47:50,290.95,50,26850
20231229,10:48:03,290.75,50,26850
20231229,10:49:31,297.4,50,26850
20231229,10:50:57,293.2,50,26800
20231229,10:53:19,298.0,100,26800
20231229,10:54:27,305.8,50,26800
20231229,10:55:29,302.45,50,26800
20231229,10:56:14,300.4,300,26800
20231229,10:57:40,301.2,50,26800
20231229,10:59:11,300.1,50,26800
20231229,11:00:10,300.6,100,26800
20231229,11:00:31,301.05,600,26800
20231229,11:01:23,301.6,250,26800
20231229,11:02:01,299.65,300,26800
20231229,11:02:20,299.85,200,26800
20231229,11:02:31,304.55,250,28000
20231229,11:02:40,305.15,100,28000
20231229,11:02:58,305.55,50,28000
20231229,11:03:35,302.6,50,28000
20231229,11:04:26,305.2,50,28000
20231229,11:04:53,305.35,50,28000
20231229,11:11:16,304.35,50,28100
20231229,11:11:38,303.75,50,28100
20231229,11:14:26,298.5,50,28000
20231229,11:15:43,296.25,350,28000
20231229,11:15:47,295.7,50,28000
20231229,11:15:57,296.1,50,28000
20231229,11:16:03,294.75,100,28000
20231229,11:17:22,293.05,150,28000
20231229,11:17:25,291.75,100,28250
20231229,11:17:40,291.0,450,28250
20231229,11:18:27,292.45,450,28250
20231229,11:19:04,292.15,300,28250
20231229,11:19:09,291.45,100,28250
20231229,11:19:11,291.15,50,28250
20231229,11:19:52,290.0,50,28250
20231229,11:20:09,288.25,50,28250
20231229,11:20:11,287.7,100,28250
20231229,11:20:29,288.5,450,28250
20231229,11:20:57,291.0,50,28400
20231229,11:20:59,291.0,50,28400
20231229,11:21:12,288.75,100,28400
20231229,11:21:17,289.0,300,28400
20231229,11:21:21,288.6,250,28400
20231229,11:21:31,287.25,300,28400
20231229,11:21:42,289.5,250,28400
20231229,11:22:29,289.2,250,28400
20231229,11:22:54,289.8,50,28400
20231229,11:23:07,290.6,300,28400
20231229,11:23:26,290.95,50,27850
20231229,11:24:29,285.65,150,27850
20231229,11:24:54,284.8,150,27850
20231229,11:25:31,287.8,50,27850
20231229,11:26:43,288.75,250,27900
20231229,11:28:38,283.5,100,27900
20231229,11:28:40,283.9,150,27900
20231229,11:28:43,282.5,50,27900
20231229,11:28:54,282.7,100,27900
20231229,11:28:56,282.7,450,27900
20231229,11:30:15,283.3,50,28050
20231229,11:30:20,282.4,50,28050
20231229,11:30:41,285.35,50,28050
20231229,11:31:33,282.5,50,28050
20231229,11:34:13,287.3,50,28050
20231229,11:34:28,285.05,50,28050
20231229,11:34:30,283.4,950,28050
20231229,11:34:42,280.0,50,28050
20231229,11:34:44,279.2,50,28050
20231229,11:35:07,279.2,50,28050
20231229,11:35:53,275.65,50,29100
20231229,11:36:02,275.65,100,29100
20231229,11:36:03,278.0,450,29100
20231229,11:36:40,276.75,50,29100
20231229,11:36:45,277.9,50,29100
20231229,11:37:30,278.0,50,29100
20231229,11:38:24,280.1,50,29100
20231229,11:40:30,284.65,150,29050
20231229,11:40:31,285.0,100,29050
20231229,11:40:36,284.25,150,29050
20231229,11:40:52,286.4,500,29050
20231229,11:41:12,285.0,250,29050
20231229,11:43:30,284.5,50,29300
20231229,11:43:33,285.0,50,29300
20231229,11:44:02,285.75,200,29300
20231229,11:44:03,285.0,350,29300
20231229,11:48:10,290.0,1200,29250
20231229,11:50:06,288.95,450,29250
20231229,11:57:39,282.75,150,29000
20231229,11:57:54,282.75,250,29000
20231229,11:58:52,282.0,50,29000
20231229,12:00:27,281.7,600,29100
20231229,12:00:59,283.75,50,29100
20231229,12:03:47,279.7,300,29050
20231229,12:04:09,281.05,400,29050
20231229,12:04:27,280.9,400,29050
20231229,12:04:45,281.1,950,29050
20231229,12:04:54,282.35,100,29050
20231229,12:04:55,282.0,150,29050
20231229,12:10:15,280.55,150,29600
20231229,12:11:15,282.7,200,29600
20231229,12:12:37,277.3,400,29400
20231229,12:13:29,279.75,250,29400
20231229,12:14:49,281.1,50,29450
20231229,12:15:32,278.9,50,29450
20231229,12:16:04,280.0,50,29450
20231229,12:16:14,279.0,350,29450
20231229,12:16:26,276.6,250,29450
20231229,12:16:46,276.55,150,29450
20231229,12:17:12,278.95,50,29450
20231229,12:18:01,278.5,50,29850
20231229,12:21:29,269.9,500,29800
20231229,12:21:46,267.95,850,29800
20231229,12:21:48,267.95,50,29800
20231229,12:22:47,268.4,50,29800
20231229,12:23:12,270.45,50,29800
20231229,12:23:39,269.45,50,30900
20231229,12:23:41,269.45,300,30900
20231229,12:23:49,267.0,50,30900
20231229,12:23:51,267.0,150,30900
20231229,12:23:57,268.1,100,30900
20231229,12:24:07,268.1,150,30900
20231229,12:24:39,269.3,50,30900
20231229,12:28:53,274.3,50,31300
20231229,12:30:40,284.35,100,31300
20231229,12:30:52,285.75,200,31300
20231229,12:31:04,288.15,100,31300
20231229,12:31:10,285.75,100,31300
20231229,12:31:25,287.7,1150,31300
20231229,12:31:35,288.9,400,31300
20231229,12:32:23,284.0,50,31300
20231229,12:32:41,285.8,50,31700
20231229,12:32:43,285.0,100,31700
20231229,12:36:00,287.5,50,31700
20231229,12:38:06,285.75,150,31700
20231229,12:38:26,285.0,50,31700
20231229,12:40:55,292.5,100,31550
20231229,12:41:26,293.0,250,31550
20231229,12:41:36,293.15,100,31600
20231229,12:42:12,296.0,50,31600
20231229,12:42:14,296.85,50,31600
20231229,12:42:29,296.7,500,31600
20231229,12:42:32,295.8,50,31600
20231229,12:43:12,292.85,50,31600
20231229,12:45:20,294.75,200,31550
20231229,12:47:17,294.75,200,31550
20231229,12:49:47,291.75,50,31350
20231229,12:50:14,290.4,400,31350
20231229,12:52:31,297.5,500,31350
20231229,12:53:34,294.75,250,31350
20231229,12:53:52,294.0,150,31850
20231229,12:54:02,293.55,50,31850
20231229,12:54:52,293.55,250,31850
20231229,13:01:19,290.0,100,31600
20231229,13:02:07,294.25,850,31600
20231229,13:02:19,296.85,150,31600
20231229,13:02:27,297.8,100,31600
20231229,13:02:32,297.3,400,31600
20231229,13:03:14,298.85,400,30800
20231229,13:03:37,293.55,200,30800
20231229,13:03:44,293.9,50,30800
20231229,13:03:54,294.3,100,30800
20231229,13:04:01,292.05,150,30800
20231229,13:04:04,290.0,200,30800
20231229,13:04:06,287.05,150,30800
20231229,13:04:11,288.0,50,30800
20231229,13:04:24,288.75,150,30800
20231229,13:04:49,287.95,50,30800
20231229,13:05:29,285.55,400,30800
20231229,13:06:14,283.2,100,31050
20231229,13:06:19,282.0,50,31050
20231229,13:07:41,287.7,650,31050
20231229,13:08:23,284.25,50,31050
20231229,13:08:44,285.0,50,30950
20231229,13:09:19,283.25,50,30950
20231229,13:13:54,281.5,150,31050
20231229,13:14:59,280.0,50,31050
20231229,13:15:11,280.4,400,31200
20231229,13:15:24,277.35,50,31200
20231229,13:15:37,277.65,150,31200
20231229,13:17:55,277.5,400,31800
20231229,13:18:05,276.9,100,31800
20231229,13:18:13,276.15,50,31800
20231229,13:18:23,276.35,200,31800
20231229,13:18:25,276.3,250,31800
20231229,13:18:35,276.8,50,31800
20231229,13:24:31,283.6,50,32150
20231229,13:25:47,284.5,50,32150
20231229,13:28:56,289.5,350,32150
20231229,13:29:03,289.55,50,32150
20231229,13:29:55,294.15,150,32200
20231229,13:30:51,295.1,50,32200
20231229,13:33:23,286.65,250,32150
20231229,13:33:27,286.15,200,32150
20231229,13:35:08,289.8,50,32150
20231229,13:36:08,289.9,50,32150
20231229,13:40:07,298.5,100,32150
20231229,13:40:08,299.0,150,32150
20231229,13:41:09,294.65,50,32150
20231229,13:43:20,288.5,50,32100
20231229,13:43:29,286.8,100,32100
20231229,13:43:30,286.7,300,32100
20231229,13:43:55,286.65,50,32100
20231229,13:44:44,285.2,50,32100
20231229,13:45:36,284.4,150,32200
20231229,13:45:39,284.25,200,32200
20231229,13:46:55,282.0,50,32200
20231229,13:46:59,281.25,50,32200
20231229,13:47:04,280.0,50,32200
20231229,13:47:40,282.4,350,32200
20231229,13:50:10,281.55,50,32750
20231229,13:50:24,281.25,50,32750
20231229,13:50:32,281.5,50,32750
20231229,13:50:34,283.0,50,32750
20231229,13:50:37,283.2,50,32750
20231229,13:50:47,284.9,100,32900
20231229,13:53:41,282.6,50,32900
20231229,13:56:54,282.8,1150,32950
20231229,13:57:34,284.65,50,32950
20231229,13:57:52,284.6,50,32950
20231229,13:58:44,284.6,200,32950
20231229,13:59:45,285.05,50,32950
20231229,14:02:00,282.75,350,32050
20231229,14:04:00,279.65,50,32050
20231229,14:04:08,276.15,400,32050
20231229,14:04:12,274.4,50,32050
20231229,14:04:18,274.4,450,32050
20231229,14:05:45,275.0,50,32050
20231229,14:06:43,280.0,100,32150
20231229,14:07:10,281.05,50,32150
20231229,14:08:40,286.55,150,32150
20231229,14:10:08,290.0,50,31900
20231229,14:12:43,293.0,200,31900
20231229,14:12:53,294.0,150,31900
20231229,14:13:36,296.0,200,31900
20231229,14:14:08,301.15,200,31900
20231229,14:14:30,301.15,50,31900
20231229,14:14:46,303.0,550,31900
20231229,14:15:07,304.95,400,31050
20231229,14:15:33,305.7,400,31050
20231229,14:15:48,304.3,400,31050
20231229,14:15:50,303.15,100,31050
20231229,14:15:50,303.2,50,31050
20231229,14:16:15,308.8,400,31050
20231229,14:16:22,307.0,50,31050
20231229,14:16:37,304.25,100,31050
20231229,14:16:49,308.3,300,31050
20231229,14:17:03,308.1,50,31050
20231229,14:19:08,311.0,50,29900
20231229,14:23:17,309.75,50,29900
20231229,14:23:23,310.25,50,29900
20231229,14:23:38,309.0,50,29900
20231229,14:24:03,314.45,50,29850
20231229,14:24:21,311.8,50,29850
20231229,14:24:23,311.2,150,29850
20231229,14:24:45,315.3,600,29850
20231229,14:25:50,315.3,50,29850
20231229,14:29:24,312.1,50,29250
20231229,14:29:27,312.1,150,29250
20231229,14:30:04,306.4,250,29200
20231229,14:31:42,300.0,100,29200
20231229,14:35:22,288.3,50,29000
20231229,14:35:24,288.85,50,29000
20231229,14:35:36,290.5,100,29000
20231229,14:36:02,285.8,450,29100
20231229,14:36:09,287.85,600,29100
20231229,14:36:11,287.4,50,29100
20231229,14:36:19,286.5,100,29100
20231229,14:36:36,285.0,50,29100
20231229,14:37:01,282.7,50,29100
20231229,14:37:29,280.25,50,29100
20231229,14:37:34,280.85,450,29100
20231229,14:37:54,284.5,50,29100
20231229,14:38:01,286.05,150,29100
20231229,14:40:12,288.7,50,29650
20231229,14:44:31,292.15,50,29700
20231229,14:48:13,284.85,500,29700
20231229,14:48:26,287.25,300,29700
20231229,14:49:01,287.25,50,29700
20231229,14:49:21,285.35,50,29700
20231229,14:49:33,282.5,100,29700
20231229,14:49:54,283.9,50,29700
20231229,14:50:39,285.0,50,29700
20231229,14:51:53,279.15,50,29900
20231229,14:52:11,276.15,100,29900
20231229,14:52:16,276.55,250,29900
20231229,14:52:18,276.05,200,29900
20231229,14:52:36,275.0,100,29900
20231229,14:52:45,273.45,600,29900
20231229,14:52:50,273.15,100,29900
20231229,14:52:51,273.55,450,29900
20231229,14:53:33,281.25,250,29900
20231229,14:53:52,281.2,50,29900
20231229,14:54:17,282.55,100,30500
20231229,14:54:23,282.75,50,30500
20231229,14:55:08,281.1,100,30500
20231229,14:55:55,280.0,350,30500
20231229,14:56:22,281.1,100,30500
20231229,14:56:44,279.1,50,30500
20231229,14:57:40,275.7,200,30800
20231229,14:58:25,273.0,50,30800
20231229,14:58:40,270.75,550,30800
20231229,14:58:55,272.25,150,30800
20231229,14:59:05,276.25,250,30800
20231229,15:00:01,270.9,50,31150
20231229,15:00:06,269.0,50,31150
20231229,15:00:10,268.0,50,31150
20231229,15:00:25,266.0,150,31150
20231229,15:00:26,266.75,600,31150
20231229,15:00:30,268.35,400,31150
20231229,15:00:35,267.9,100,31150
20231229,15:00:47,269.5,350,31150
20231229,15:00:55,268.85,50,31150
20231229,15:01:10,266.3,150,31150
20231229,15:01:32,262.8,250,31150
20231229,15:01:35,261.0,50,31150
20231229,15:01:42,259.2,350,31150
20231229,15:02:04,259.2,300,31150
20231229,15:02:24,270.75,200,31150
20231229,15:02:25,270.2,50,31150
20231229,15:02:27,269.5,800,31150
20231229,15:02:29,270.0,200,31150
20231229,15:02:32,266.9,100,31150
20231229,15:02:39,267.4,100,31150
20231229,15:02:56,270.9,100,31700
20231229,15:04:00,268.8,100,31700
20231229,15:04:02,269.0,300,31700
20231229,15:04:05,270.2,350,31700
20231229,15:04:17,269.75,200,31700
20231229,15:04:40,267.6,50,31700
20231229,15:05:00,268.95,200,31700
20231229,15:05:10,267.65,50,31700
20231229,15:05:22,267.2,100,31700
20231229,15:06:14,272.3,500,31700
20231229,15:06:22,276.0,100,31800
20231229,15:06:32,275.1,450,31800
20231229,15:07:05,270.85,150,31800
20231229,15:07:36,269.55,400,31800
20231229,15:07:37,269.85,50,31800
20231229,15:08:04,272.3,50,31800
20231229,15:09:21,278.65,50,31100
20231229,15:09:26,280.3,50,31100
20231229,15:09:56,278.05,50,31100
20231229,15:10:01,276.8,900,31100
20231229,15:10:24,280.0,50,31100
20231229,15:10:36,279.5,200,31100
20231229,15:11:23,276.4,50,31100
20231229,15:12:35,281.45,150,31400
20231229,15:12:39,282.65,600,31400
20231229,15:12:44,283.3,400,31400
20231229,15:12:47,283.2,100,31400
20231229,15:13:00,287.0,50,31400
20231229,15:13:05,286.5,450,31400
20231229,15:13:33,285.1,400,31400
20231229,15:13:45,282.7,400,31400
20231229,15:13:58,283.7,50,31400
20231229,15:14:15,284.55,650,31400
20231229,15:15:03,282.05,50,30350
20231229,15:15:51,277.75,450,30350
20231229,15:15:58,279.0,50,30350
20231229,15:16:24,280.9,50,30350
20231229,15:17:59,284.05,50,30350
20231229,15:18:03,284.5,100,30300
20231229,15:19:53,285.7,50,30300
20231229,15:19:58,285.0,50,30300
20231229,15:20:03,285.6,200,30300
20231229,15:20:04,285.25,50,30300
20231229,15:20:06,285.0,200,30300
20231229,15:20:08,285.85,250,30300
20231229,15:20:09,285.4,200,30300
20231229,15:20:11,285.9,300,30300
20231229,15:20:13,285.9,400,30300
20231229,15:20:14,286.5,200,30300
20231229,15:20:16,286.65,100,30300
20231229,15:20:18,286.2,400,30300
20231229,15:20:19,286.2,200,30300
20231229,15:20:21,286.6,200,30300
20231229,15:20:39,290.0,200,30300
20231229,15:20:44,290.55,50,30300
20231229,15:20:52,290.7,100,30300
20231229,15:20:53,289.85,50,30300
20231229,15:21:02,290.05,50,30800
20231229,15:21:03,290.05,550,30800
20231229,15:21:08,289.7,100,30800
20231229,15:21:29,286.9,50,30800
20231229,15:21:42,285.5,50,30800
20231229,15:22:01,285.0,50,30800
20231229,15:22:06,286.8,50,30800
20231229,15:22:10,287.2,100,30800
20231229,15:22:26,285.35,100,30800
20231229,15:22:28,285.2,50,30800
20231229,15:24:36,290.5,50,30800
20231229,15:24:38,289.95,50,30800
20231229,15:24:43,291.5,50,30800
20231229,15:25:03,291.25,100,30800
20231229,15:25:11,290.35,200,30800
20231229,15:25:21,289.75,100,30800
20231229,15:25:31,291.1,250,30800
20231229,15:26:18,290.7,300,30800
20231229,15:27:31,290.2,50,30900
20231229,15:27:43,288.05,450,30900
20231229,15:28:00,286.0,300,30900
20231229,15:28:31,285.4,50,30900
20231229,15:29:04,286.75,200,30900
20240101,09:15:08,314.4,1,25300
20240101,09:15:08,314.45,350,25300
20240101,09:15:11,307.5,50,25300
20240101,09:15:16,304.6,300,25300
20240101,09:15:19,304.6,50,25300
20240101,09:15:50,310.0,50,25300
20240101,09:16:02,309.35,100,25300
20240101,09:16:07,302.45,100,25300
20240101,09:16:10,302.45,150,25300
20240101,09:16:21,310.15,100,25300
20240101,09:16:27,308.85,50,25300
20240101,09:16:35,306.6,50,25300
20240101,09:17:46,307.3,50,25500
20240101,09:18:05,305.2,100,25500
20240101,09:18:34,308.45,100,25500
20240101,09:18:46,308.0,100,25500
20240101,09:18:56,312.8,50,25500
20240101,09:20:03,310.0,50,25500
20240101,09:20:06,309.95,50,25500
20240101,09:20:08,310.05,200,25500
20240101,09:20:20,313.25,100,25650
20240101,09:20:36,311.2,100,25650
20240101,09:22:15,308.3,50,25650
20240101,09:22:27,310.05,100,25650
20240101,09:25:27,309.55,50,25650
20240101,09:25:29,308.85,50,25650
20240101,09:26:34,304.85,50,25750
20240101,09:30:12,310.7,150,25750
20240101,09:31:54,311.35,50,25750
20240101,09:32:10,313.85,300,25750
20240101,09:35:00,303.2,50,26000
20240101,09:35:07,302.55,50,26000
20240101,09:35:32,298.1,50,26000
20240101,09:35:53,297.8,50,26000
20240101,09:36:13,297.8,600,26000
20240101,09:36:40,301.8,250,26000
20240101,09:37:44,303.05,200,26000
20240101,09:38:56,305.0,250,26250
20240101,09:38:57,306.6,50,26250
20240101,09:39:28,309.95,50,26250
20240101,09:44:30,301.05,50,25950
20240101,09:44:38,302.25,100,25950
20240101,09:45:05,300.25,100,25950
20240101,09:49:07,289.05,100,26200
20240101,09:49:33,287.2,100,26200
20240101,09:49:56,287.2,50,26200
20240101,09:51:01,289.3,50,26250
20240101,09:51:18,286.25,50,26250
20240101,09:52:05,285.9,50,26250
20240101,09:52:12,285.0,450,26250
20240101,09:52:17,286.1,50,26250
20240101,09:52:33,289.1,100,26250
20240101,09:53:36,282.65,250,26250
20240101,09:53:51,281.95,100,26250
20240101,09:54:12,280.6,100,26250
20240101,09:54:14,280.6,50,26250
20240101,09:55:02,281.4,50,26250
20240101,09:55:07,281.2,150,26250
20240101,09:55:09,281.25,50,26250
20240101,09:55:58,285.0,100,26250
20240101,09:56:14,280.25,100,26250
20240101,09:56:19,279.65,50,26250
20240101,09:56:22,278.0,100,26300
20240101,09:56:26,278.0,50,26300
20240101,09:56:28,281.2,50,26300
20240101,09:56:40,280.65,200,26300
20240101,09:56:44,280.65,50,26300
20240101,09:57:04,282.75,50,26300
20240101,09:57:21,282.15,50,26300
20240101,09:57:29,282.75,50,26300
20240101,10:00:20,281.85,50,26200
20240101,10:01:10,280.75,650,26200
20240101,10:05:16,283.0,50,26750
20240101,10:05:27,282.0,50,26750
20240101,10:05:29,282.1,50,26750
20240101,10:08:54,281.0,50,26650
20240101,10:10:04,286.9,100,26650
20240101,10:10:05,289.35,100,26650
20240101,10:11:20,292.5,50,26650
20240101,10:13:31,292.0,500,26600
20240101,10:15:31,288.75,100,27100
20240101,10:15:36,287.45,250,27100
20240101,10:17:36,293.25,100,27350
20240101,10:20:30,292.0,250,27300
20240101,10:21:52,300.25,100,27300
20240101,10:23:08,299.2,50,27300
20240101,10:23:28,301.2,500,27300
20240101,10:24:37,302.5,50,27400
20240101,10:24:59,304.5,550,27400
20240101,10:25:34,299.95,1800,27400
20240101,10:25:44,301.55,100,27400
20240101,10:26:29,296.3,100,26000
20240101,10:27:00,295.05,1850,26000
20240101,10:29:04,291.5,100,26000
20240101,10:31:40,290.45,1800,25250
20240101,10:32:53,288.0,100,23650
20240101,10:33:01,288.25,1800,23650
20240101,10:33:28,287.85,50,23650
20240101,10:34:11,284.5,1800,23650
20240101,10:34:18,287.15,50,23650
20240101,10:37:27,287.15,500,21600
20240101,10:40:13,283.75,100,21700
20240101,10:42:10,283.15,100,21700
20240101,10:44:52,279.65,50,21700
20240101,10:45:30,279.15,50,21800
20240101,10:45:36,280.75,50,21800
20240101,10:45:49,281.1,50,21800
20240101,10:46:27,281.2,400,21800
20240101,10:46:42,276.15,650,21800
20240101,10:47:24,276.15,250,21800
20240101,10:49:47,273.65,100,22050
20240101,10:49:58,272.7,200,22050
20240101,10:50:52,272.7,100,22100
20240101,10:53:40,269.7,100,22200
20240101,10:53:55,269.7,600,22200
20240101,10:54:01,273.55,200,22200
20240101,10:59:22,274.75,100,22350
20240101,11:00:54,269.6,50,22450
20240101,11:01:28,267.45,200,22450
20240101,11:02:58,267.45,50,22450
20240101,11:03:01,271.9,50,22450
20240101,11:05:05,278.9,100,22450
20240101,11:05:28,276.95,100,22450
20240101,11:05:30,276.95,50,22450
20240101,11:10:21,274.35,50,22500
20240101,11:11:08,273.05,50,22500
20240101,11:14:31,273.45,50,22450
20240101,11:16:22,275.8,50,22450
20240101,11:17:38,276.6,50,22450
20240101,11:17:39,276.6,100,22400
20240101,11:19:42,270.15,400,22400
20240101,11:19:54,270.7,50,22400
20240101,11:21:00,271.8,50,22700
20240101,11:23:22,272.35,1900,22700
20240101,11:23:24,272.2,750,22700
20240101,11:23:32,272.85,150,22700
20240101,11:23:48,271.9,50,20250
20240101,11:23:55,273.0,400,20250
20240101,11:24:04,272.75,50,20250
20240101,11:24:48,273.1,50,20250
20240101,11:25:13,271.8,50,20250
20240101,11:25:15,272.0,200,20250
20240101,11:25:29,272.3,50,20250
20240101,11:26:20,271.5,250,20250
20240101,11:27:10,272.9,100,19650
20240101,11:27:15,272.2,300,19650
20240101,11:27:37,271.75,50,19650
20240101,11:27:48,271.6,200,19650
20240101,11:28:20,268.8,100,19650
20240101,11:28:37,269.5,50,19650
20240101,11:29:12,270.7,350,19650
20240101,11:29:37,269.75,50,19650
20240101,11:29:50,270.05,150,19650
20240101,11:30:03,269.1,100,19650
20240101,11:31:09,267.5,100,19650
20240101,11:31:21,267.8,200,19650
20240101,11:31:51,270.35,100,19650
20240101,11:32:06,270.35,50,19650
20240101,11:32:21,271.8,50,19650
20240101,11:32:32,272.6,50,19650
20240101,11:32:46,271.4,50,19500
20240101,11:33:34,274.6,50,19500
20240101,11:35:07,275.45,100,19500
20240101,11:35:57,273.6,100,19450
20240101,11:35:59,273.85,100,19450
20240101,11:38:02,274.05,100,19450
20240101,11:38:17,274.8,150,19450
20240101,11:40:08,272.75,150,19450
20240101,11:43:12,273.85,100,19450
20240101,11:45:29,277.4,50,19500
20240101,11:49:05,278.8,300,19550
20240101,11:51:00,272.7,750,19500
20240101,12:01:32,277.9,50,19500
20240101,12:01:46,281.85,100,19500
20240101,12:01:48,282.65,600,19500
20240101,12:01:53,283.7,50,19500
20240101,12:01:55,283.05,50,19500
20240101,12:03:06,275.15,200,19350
20240101,12:04:10,270.9,150,19350
20240101,12:04:18,268.7,200,19350
20240101,12:04:22,268.9,50,19350
20240101,12:04:30,271.5,200,19350
20240101,12:05:28,277.65,50,19350
20240101,12:10:05,266.95,50,19350
20240101,12:10:10,265.5,200,19350
20240101,12:10:55,264.0,100,19350
20240101,12:10:56,263.8,50,19350
20240101,12:12:21,262.0,100,19600
20240101,12:12:22,262.0,500,19600
20240101,12:12:29,262.0,150,19600
20240101,12:14:10,261.2,200,19600
20240101,12:15:57,260.7,50,19700
20240101,12:16:03,259.9,50,19700
20240101,12:16:36,259.9,50,19700
20240101,12:17:21,263.2,50,19700
20240101,12:20:59,269.55,50,19600
20240101,12:22:51,270.5,50,19600
20240101,12:23:41,274.1,50,19600
20240101,12:24:39,274.9,50,19650
20240101,12:29:18,277.55,500,19700
20240101,12:34:21,275.55,50,19600
20240101,12:34:33,275.0,600,19600
20240101,12:36:00,272.85,50,20200
20240101,12:38:57,272.2,50,20200
20240101,12:43:44,271.9,50,20200
20240101,12:49:00,263.45,50,20200
20240101,12:50:05,262.5,1000,20200
20240101,12:50:27,259.95,200,20200
20240101,12:52:27,264.0,650,20450
20240101,12:52:28,264.0,350,20450
20240101,12:54:41,260.75,50,19600
20240101,12:55:14,262.45,100,19600
20240101,12:57:35,261.95,50,19650
20240101,12:58:02,263.35,50,19650
20240101,12:58:41,263.65,50,19650
20240101,12:59:27,263.45,50,19650
20240101,13:02:47,257.6,50,19500
20240101,13:02:49,257.6,300,19500
20240101,13:02:52,257.35,100,19800
20240101,13:03:37,257.35,200,19800
20240101,13:03:46,258.4,50,19800
20240101,13:06:01,259.1,50,20100
20240101,13:11:36,261.4,150,20100
20240101,13:11:55,261.55,50,20050
20240101,13:12:14,262.35,50,20050
20240101,13:12:36,263.0,50,20050
20240101,13:14:46,258.85,50,20050
20240101,13:19:25,259.85,900,19950
20240101,13:20:10,259.0,50,19950
20240101,13:21:37,259.0,50,19650
20240101,13:26:19,255.5,50,19650
20240101,13:28:49,255.5,100,19600
20240101,13:30:29,250.4,200,19600
20240101,13:30:51,250.4,150,19600
20240101,13:31:02,258.45,100,19600
20240101,13:31:05,258.15,50,19600
20240101,13:31:40,258.4,50,19600
20240101,13:32:03,257.25,50,19600
20240101,13:34:35,257.9,50,19900
20240101,13:35:13,259.95,50,19900
20240101,13:35:57,259.2,50,19900
20240101,13:36:23,259.6,50,19900
20240101,13:36:44,258.85,50,19900
20240101,13:37:40,260.15,100,19900
20240101,13:38:39,257.8,100,19900
20240101,13:38:52,258.45,50,19900
20240101,13:38:57,258.3,150,19650
20240101,13:39:20,257.3,50,19650
20240101,13:41:07,257.9,50,19650
20240101,13:41:17,258.45,50,19650
20240101,13:41:31,258.35,50,19650
20240101,13:44:17,260.1,50,19500
20240101,13:46:00,257.2,200,19450
20240101,13:49:42,252.5,600,19450
20240101,13:49:50,252.55,250,19450
20240101,13:49:51,252.55,500,19450
20240101,13:49:55,252.25,500,19450
20240101,13:50:11,251.7,50,19450
20240101,13:50:38,247.9,250,19450
20240101,13:50:46,247.9,50,19450
20240101,13:51:01,249.55,50,19450
20240101,13:51:49,254.05,50,21450
20240101,13:57:28,239.45,300,21500
20240101,13:57:29,239.45,50,21500
20240101,13:58:13,237.35,100,21500
20240101,13:58:15,237.35,750,21500
20240101,13:58:17,238.4,600,21500
20240101,13:58:23,238.95,100,21500
20240101,13:58:54,239.5,100,21500
20240101,13:59:11,239.05,600,21500
20240101,13:59:26,240.65,50,21500
20240101,13:59:41,240.65,50,21500
20240101,13:59:48,240.4,200,21500
20240101,14:00:13,239.15,50,22900
20240101,14:00:28,238.7,50,22900
20240101,14:01:22,236.25,50,22900
20240101,14:01:23,236.25,200,22900
20240101,14:01:37,235.05,100,22900
20240101,14:01:47,235.05,150,22900
20240101,14:02:03,231.2,1200,22900
20240101,14:02:09,230.35,50,22900
20240101,14:02:11,230.35,50,22900
20240101,14:02:16,230.95,300,22900
20240101,14:02:18,231.65,600,22900
20240101,14:02:19,232.1,50,22900
20240101,14:02:22,230.45,350,22900
20240101,14:02:24,229.55,50,22900
20240101,14:02:44,228.1,100,22900
20240101,14:02:52,227.0,250,22900
20240101,14:02:54,226.45,50,22900
20240101,14:03:00,226.45,50,24700
20240101,14:03:02,227.45,400,24700
20240101,14:03:05,227.5,50,24700
20240101,14:03:08,227.9,600,24700
20240101,14:03:12,228.25,150,24700
20240101,14:03:18,230.2,1000,24700
20240101,14:03:20,230.6,300,24700
20240101,14:03:23,230.0,150,24700
20240101,14:03:28,229.1,600,24700
20240101,14:03:30,229.15,100,24700
20240101,14:03:31,228.95,500,24700
20240101,14:03:38,228.95,300,24700
20240101,14:03:49,229.2,450,24700
20240101,14:04:14,227.0,300,24700
20240101,14:04:38,224.75,50,24700
20240101,14:04:41,224.75,250,24700
20240101,14:04:48,224.8,50,24700
20240101,14:05:06,225.9,100,24700
20240101,14:05:18,220.55,300,24700
20240101,14:05:21,220.55,200,24700
20240101,14:05:25,222.25,50,24700
20240101,14:05:26,224.05,250,24700
20240101,14:05:40,228.05,50,24700
20240101,14:06:00,224.7,50,28100
20240101,14:06:04,223.55,400,28100
20240101,14:06:12,224.0,50,28100
20240101,14:06:35,221.2,50,28100
20240101,14:06:55,220.5,100,28100
20240101,14:07:03,220.5,50,28100
20240101,14:07:26,222.9,100,28100
20240101,14:07:45,224.25,150,28100
20240101,14:08:07,224.4,100,28100
20240101,14:08:12,223.0,100,28100
20240101,14:08:13,222.4,200,28100
20240101,14:08:33,223.7,50,28100
20240101,14:09:03,223.4,100,28400
20240101,14:10:16,224.9,50,28400
20240101,14:10:36,224.85,50,28400
20240101,14:10:40,224.6,50,28400
20240101,14:10:53,220.55,50,28400
20240101,14:11:01,220.0,800,28400
20240101,14:11:22,221.45,150,28400
20240101,14:11:25,220.9,200,28400
20240101,14:11:38,220.0,50,28400
20240101,14:11:43,219.2,100,28400
20240101,14:11:57,216.45,50,28400
20240101,14:12:00,216.45,200,28400
20240101,14:12:05,217.2,250,29850
20240101,14:12:08,219.0,500,29850
20240101,14:12:15,218.3,50,29850
20240101,14:12:18,218.1,50,29850
20240101,14:12:30,217.6,100,29850
20240101,14:12:32,217.6,600,29850
20240101,14:12:53,217.3,50,29850
20240101,14:13:10,218.5,1650,29850
20240101,14:13:52,215.15,50,29850
20240101,14:13:53,215.15,50,29850
20240101,14:14:03,214.65,100,29850
20240101,14:14:06,214.65,150,29850
20240101,14:14:21,214.3,100,29850
20240101,14:14:40,213.5,450,29850
20240101,14:14:43,213.75,50,29850
20240101,14:14:45,213.9,200,29850
20240101,14:14:53,214.1,550,29850
20240101,14:15:05,215.0,200,33700
20240101,14:15:13,215.85,50,33700
20240101,14:15:15,216.0,400,33700
20240101,14:15:18,216.6,350,33700
20240101,14:15:25,216.0,50,33700
20240101,14:15:51,218.2,300,33700
20240101,14:16:23,213.95,50,33700
20240101,14:17:45,213.95,200,33700
20240101,14:17:46,212.35,50,33700
20240101,14:17:53,211.25,850,33700
20240101,14:17:56,211.0,50,33700
20240101,14:18:03,211.0,250,35300
20240101,14:18:25,214.65,150,35300
20240101,14:18:43,215.7,50,35300
20240101,14:18:58,215.55,200,35300
20240101,14:19:04,214.65,50,35300
20240101,14:19:05,214.8,100,35300
20240101,14:19:54,215.1,100,35300
20240101,14:20:25,213.65,50,35300
20240101,14:20:59,214.7,200,35300
20240101,14:21:15,215.0,500,35600
20240101,14:21:37,217.05,50,35600
20240101,14:21:40,218.05,50,35600
20240101,14:21:44,219.15,200,35600
20240101,14:21:47,217.9,600,35600
20240101,14:21:49,217.8,300,35600
20240101,14:21:52,218.15,200,35600
20240101,14:21:54,217.85,200,35600
20240101,14:22:10,219.5,50,35600
20240101,14:22:18,219.2,100,35600
20240101,14:22:23,220.0,250,35600
20240101,14:22:35,218.7,50,35600
20240101,14:22:38,219.4,50,35600
20240101,14:23:03,219.05,50,35600
20240101,14:23:10,218.8,350,35600
20240101,14:23:18,218.55,50,35600
20240101,14:23:22,217.85,50,35600
20240101,14:23:37,217.0,50,35600
20240101,14:23:57,217.0,1800,35600
20240101,14:24:10,217.9,1800,36800
20240101,14:24:20,217.05,1800,36800
20240101,14:24:31,216.0,1800,36800
20240101,14:24:40,217.3,1800,36800
20240101,14:24:58,218.5,100,36800
20240101,14:25:10,219.05,100,36800
20240101,14:25:23,218.5,50,36800
20240101,14:25:33,217.95,1800,36800
20240101,14:25:38,217.6,50,36800
20240101,14:25:47,218.8,1850,36800
20240101,14:25:48,217.95,150,36800
20240101,14:26:08,217.25,450,36800
20240101,14:26:40,219.35,50,36800
20240101,14:27:01,218.4,50,40750
20240101,14:27:11,222.0,250,40750
20240101,14:27:21,220.25,50,40750
20240101,14:27:58,221.0,250,40750
20240101,14:28:35,218.95,200,40750
20240101,14:29:25,217.55,200,40750
20240101,14:30:08,215.0,50,40500
20240101,14:30:22,215.7,150,40500
20240101,14:30:25,214.15,500,40500
20240101,14:30:33,215.55,50,40500
20240101,14:30:42,215.9,150,40500
20240101,14:31:17,218.25,50,40500
20240101,14:32:25,219.1,50,40500
20240101,14:32:58,219.7,150,40500
20240101,14:33:35,220.0,50,40500
20240101,14:33:50,218.0,200,40500
20240101,14:35:17,216.55,100,40500
20240101,14:35:20,216.0,50,40500
20240101,14:35:49,216.3,100,40500
20240101,14:36:07,215.95,100,40350
20240101,14:36:40,213.75,50,40350
20240101,14:37:12,215.1,100,40350
20240101,14:38:13,217.0,150,40350
20240101,14:38:18,218.0,100,40350
20240101,14:38:20,217.9,100,40350
20240101,14:38:32,218.15,50,40350
20240101,14:38:33,218.1,250,40350
20240101,14:38:37,217.45,250,40350
20240101,14:39:12,218.3,50,40050
20240101,14:39:19,218.25,100,40050
20240101,14:41:52,210.75,200,40050
20240101,14:41:57,208.75,200,40050
20240101,14:42:00,209.5,200,40050
20240101,14:42:04,207.75,150,40050
20240101,14:42:15,206.55,150,40200
20240101,14:42:17,204.0,100,40200
20240101,14:42:19,203.6,250,40200
20240101,14:42:25,203.15,100,40200
20240101,14:42:27,203.15,50,40200
20240101,14:42:29,202.8,350,40200
20240101,14:42:30,202.55,250,40200
20240101,14:42:37,200.65,200,40200
20240101,14:42:47,200.0,50,40200
20240101,14:42:49,198.3,700,40200
20240101,14:42:50,200.0,450,40200
20240101,14:43:02,201.35,300,40200
20240101,14:43:35,199.15,150,40200
20240101,14:43:37,198.85,200,40200
20240101,14:43:40,199.25,100,40200
20240101,14:43:42,198.9,50,40200
20240101,14:43:44,198.75,300,40200
20240101,14:43:50,197.5,50,40200
20240101,14:43:54,197.5,50,40200
20240101,14:43:55,197.0,50,40200
20240101,14:43:57,196.8,850,40200
20240101,14:44:04,195.95,200,40200
20240101,14:44:29,195.95,200,40200
20240101,14:44:37,195.9,50,40200
20240101,14:44:39,195.45,200,40200
20240101,14:44:44,195.2,50,40200
20240101,14:44:51,193.45,400,40200
20240101,14:44:52,193.45,1550,40200
20240101,14:44:54,195.65,100,40200
20240101,14:44:59,194.6,450,40200
20240101,14:45:22,195.2,300,44450
20240101,14:45:24,194.6,50,44450
20240101,14:45:29,194.0,600,44450
20240101,14:45:35,194.0,600,44450
20240101,14:45:39,195.45,350,44450
20240101,14:46:09,196.0,50,44450
20240101,14:46:19,196.0,1200,44450
20240101,14:46:40,196.15,1500,44450
20240101,14:46:44,197.6,200,44450
20240101,14:46:45,197.75,50,44450
20240101,14:46:49,197.15,50,44450
20240101,14:47:47,198.85,150,44450
20240101,14:48:02,198.6,100,44450
20240101,14:48:11,198.9,50,45500
20240101,14:48:21,196.65,100,45500
20240101,14:48:24,196.4,400,45500
20240101,14:48:36,196.6,400,45500
20240101,14:48:46,197.0,100,45500
20240101,14:48:47,197.5,1500,45500
20240101,14:49:02,196.9,50,45500
20240101,14:49:11,193.95,200,45500
20240101,14:49:12,193.15,1450,45500
20240101,14:49:14,193.15,50,45500
20240101,14:49:19,192.75,50,45500
20240101,14:49:22,192.75,50,45500
20240101,14:49:32,191.9,200,45500
20240101,14:49:52,190.9,50,45500
20240101,14:50:17,188.7,850,45500
20240101,14:50:31,185.85,50,45500
20240101,14:50:34,185.85,50,45500
20240101,14:50:36,188.5,450,45500
20240101,14:50:44,188.95,200,45500
20240101,14:50:49,188.35,250,45500
20240101,14:50:52,187.35,250,45500
20240101,14:50:54,187.0,200,45500
20240101,14:51:04,187.6,400,45500
20240101,14:51:07,189.2,100,48150
20240101,14:51:11,190.45,100,48150
20240101,14:51:12,190.8,250,48150
20240101,14:51:14,191.05,50,48150
20240101,14:51:16,190.2,750,48150
20240101,14:51:29,189.6,50,48150
20240101,14:51:39,189.25,1100,48150
20240101,14:51:49,189.9,300,48150
20240101,14:51:54,189.6,50,48150
20240101,14:51:56,189.25,50,48150
20240101,14:52:41,190.35,50,48150
20240101,14:52:44,191.7,50,48150
20240101,14:52:53,191.5,50,48150
20240101,14:53:06,191.15,50,48150
20240101,14:53:18,190.85,100,48150
20240101,14:53:48,190.4,150,48150
20240101,14:53:53,190.8,100,48150
20240101,14:54:41,191.6,50,49950
20240101,14:54:44,193.0,100,49950
20240101,14:54:59,194.0,250,49950
20240101,14:55:03,193.75,200,49950
20240101,14:55:21,193.3,100,49950
20240101,14:55:28,191.7,350,49950
20240101,14:55:29,191.7,150,49950
20240101,14:55:56,193.05,50,49950
20240101,14:55:58,192.5,50,49950
20240101,14:56:18,193.1,50,49950
20240101,14:56:33,193.65,50,49950
20240101,14:56:38,194.35,100,49950
20240101,14:56:40,194.55,200,49950
20240101,14:56:41,194.25,650,49950
20240101,14:56:55,194.45,50,49950
20240101,14:57:01,192.45,50,49950
20240101,14:57:11,192.75,200,49500
20240101,14:57:13,193.15,50,49500
20240101,14:57:45,194.75,50,49500
20240101,14:58:21,192.65,50,49500
20240101,14:58:26,190.35,100,49500
20240101,14:58:31,190.9,300,49500
20240101,14:58:33,191.6,300,49500
20240101,14:58:36,192.0,100,49500
20240101,14:58:38,191.5,200,49500
20240101,14:58:45,192.4,100,49500
20240101,14:58:53,193.2,50,49500
20240101,14:59:00,193.5,250,49500
20240101,14:59:03,194.15,150,49500
20240101,14:59:10,194.35,600,49500
20240101,14:59:20,193.5,50,49500
20240101,14:59:21,193.35,100,49500
20240101,14:59:25,193.0,50,49500
20240101,14:59:35,193.7,50,49500
20240101,14:59:41,193.85,50,49500
20240101,14:59:58,191.45,100,49500
20240101,15:00:01,191.0,200,49500
20240101,15:00:07,191.95,200,49500
20240101,15:00:08,192.4,150,49350
20240101,15:00:17,190.7,100,49350
20240101,15:00:23,190.0,100,49350
20240101,15:00:35,190.35,100,49350
20240101,15:00:58,190.2,150,49350
20240101,15:01:07,194.1,950,49350
20240101,15:01:12,194.8,50,49350
20240101,15:01:13,194.05,200,49350
20240101,15:01:18,196.0,150,49350
20240101,15:01:23,197.0,150,49350
20240101,15:01:25,199.75,150,49350
20240101,15:01:28,201.45,200,49350
20240101,15:01:30,201.95,150,49350
20240101,15:01:32,203.7,200,49350
20240101,15:01:33,203.6,1350,49350
20240101,15:01:35,203.8,250,49350
20240101,15:01:37,201.6,500,49350
20240101,15:01:38,202.05,250,49350
20240101,15:01:40,201.25,150,49350
20240101,15:01:43,201.7,350,49350
20240101,15:01:45,200.4,1750,49350
20240101,15:01:52,198.8,250,49350
20240101,15:01:55,200.6,150,49350
20240101,15:01:57,200.7,50,49350
20240101,15:02:03,201.45,650,49350
20240101,15:02:16,202.7,600,49350
20240101,15:02:26,201.8,1600,49350
20240101,15:02:43,198.75,50,49350
20240101,15:02:46,198.8,50,49350
20240101,15:02:50,200.2,350,49350
20240101,15:02:51,200.9,100,49350
20240101,15:02:58,203.4,250,49350
20240101,15:03:10,204.6,400,49150
20240101,15:03:18,205.0,100,49150
20240101,15:03:25,204.75,150,49150
20240101,15:03:30,204.7,50,49150
20240101,15:03:32,204.7,50,49150
20240101,15:03:42,205.45,50,49150
20240101,15:03:52,205.45,250,49150
20240101,15:04:00,204.0,100,49150
20240101,15:04:13,204.75,250,49150
20240101,15:04:25,203.15,50,49150
20240101,15:04:52,203.4,150,49150
20240101,15:05:05,202.8,50,49150
20240101,15:05:07,203.05,250,49150
20240101,15:05:08,203.05,250,49150
20240101,15:05:10,202.6,50,49150
20240101,15:05:15,201.25,50,49150
20240101,15:05:17,200.35,50,49150
20240101,15:05:18,200.15,50,49150
20240101,15:05:22,200.15,150,49150
20240101,15:05:25,200.75,250,49150
20240101,15:05:28,200.8,50,49150
20240101,15:05:38,202.75,50,49150
20240101,15:05:40,203.85,250,49150
20240101,15:05:42,204.3,250,49150
20240101,15:05:49,204.35,200,49150
20240101,15:06:20,203.25,50,48700
20240101,15:06:25,204.7,250,48700
20240101,15:06:29,204.3,350,48700
20240101,15:06:55,205.2,200,48700
20240101,15:07:50,210.25,100,48700
20240101,15:07:59,211.9,150,48700
20240101,15:08:02,213.45,50,48700
20240101,15:08:03,212.6,1500,48700
20240101,15:08:12,215.95,800,48700
20240101,15:08:13,216.25,200,48700
20240101,15:08:20,211.7,600,48700
20240101,15:08:25,214.85,500,48700
20240101,15:08:30,215.35,300,48700
20240101,15:08:32,216.3,200,48700
20240101,15:08:35,216.75,600,48700
20240101,15:08:37,218.55,1200,48700
20240101,15:08:38,217.85,400,48700
20240101,15:08:45,219.4,50,48700
20240101,15:08:50,219.7,50,48700
20240101,15:08:52,221.0,50,48700
20240101,15:08:57,222.7,1000,48700
20240101,15:08:58,223.3,200,48700
20240101,15:09:00,225.0,200,48700
20240101,15:09:07,228.2,750,48700
20240101,15:09:12,224.6,750,47750
20240101,15:09:13,223.7,200,47750
20240101,15:09:15,221.95,1150,47750
20240101,15:09:17,220.65,250,47750
20240101,15:09:20,219.85,750,47750
20240101,15:09:22,220.95,350,47750
20240101,15:09:23,220.55,100,47750
20240101,15:09:25,222.2,300,47750
20240101,15:09:28,223.95,450,47750
20240101,15:09:32,225.15,300,47750
20240101,15:09:33,224.95,400,47750
20240101,15:09:38,225.25,50,47750
20240101,15:09:42,224.85,700,47750
20240101,15:09:47,225.8,600,47750
20240101,15:09:57,228.9,400,47750
20240101,15:09:58,229.15,850,47750
20240101,15:10:03,231.9,850,47750
20240101,15:10:07,231.8,550,47750
20240101,15:10:08,233.0,200,47750
20240101,15:10:10,234.5,350,47750
20240101,15:10:18,234.7,50,47750
20240101,15:10:27,240.0,50,47750
20240101,15:10:32,241.55,150,47750
20240101,15:10:33,241.25,800,47750
20240101,15:10:37,236.7,500,47750
20240101,15:10:38,236.6,500,47750
20240101,15:10:40,239.35,400,47750
20240101,15:10:42,240.0,100,47750
20240101,15:10:45,242.65,200,47750
20240101,15:10:47,242.45,100,47750
20240101,15:10:48,242.05,450,47750
20240101,15:10:52,242.25,50,47750
20240101,15:10:57,238.5,250,47750
20240101,15:11:03,239.85,700,47750
20240101,15:11:05,239.9,150,47750
20240101,15:11:13,239.4,250,47750
20240101,15:11:23,245.0,150,47750
20240101,15:11:27,245.55,500,47750
20240101,15:11:35,243.95,150,47750
20240101,15:11:43,244.8,500,47750
20240101,15:11:50,244.0,300,47750
20240101,15:12:02,245.75,450,47750
20240101,15:12:29,243.95,50,41200
20240101,15:12:39,248.3,200,41200
20240101,15:12:45,251.65,50,41200
20240101,15:12:54,251.75,600,41200
20240101,15:12:59,251.85,250,41200
20240101,15:13:00,248.2,150,41200
20240101,15:13:12,250.95,200,41200
20240101,15:13:15,251.4,200,41200
20240101,15:13:19,254.05,450,41200
20240101,15:13:32,258.5,50,41200
20240101,15:13:35,257.05,450,41200
20240101,15:13:39,254.65,50,41200
20240101,15:13:42,257.65,50,41200
20240101,15:13:44,256.4,350,41200
20240101,15:13:45,255.75,450,41200
20240101,15:13:54,257.2,50,41200
20240101,15:13:59,257.75,400,41200
20240101,15:14:02,257.4,200,41200
20240101,15:14:05,256.95,50,41200
20240101,15:14:08,255.2,100,41200
20240101,15:14:10,255.2,400,41200
20240101,15:14:12,255.75,50,41200
20240101,15:14:13,256.6,150,41200
20240101,15:14:25,259.6,600,41200
20240101,15:14:29,258.7,200,41200
20240101,15:14:30,259.25,150,41200
20240101,15:14:32,258.95,150,41200
20240101,15:14:39,254.95,50,41200
20240101,15:14:40,256.4,150,41200
20240101,15:14:49,250.0,350,41200
20240101,15:15:00,254.95,50,41200
20240101,15:15:02,252.9,400,41200
20240101,15:15:05,253.6,200,41200
20240101,15:15:24,253.25,200,40600
20240101,15:15:27,253.6,100,40600
20240101,15:15:30,252.55,50,40600
20240101,15:15:55,251.35,150,40600
20240101,15:15:59,249.45,400,40600
20240101,15:16:10,248.9,150,40600
20240101,15:16:17,250.0,1200,40600
20240101,15:16:40,254.25,400,40600
20240101,15:17:02,254.65,50,40600
20240101,15:17:11,254.25,200,40600
20240101,15:17:12,254.8,50,40600
20240101,15:17:16,254.8,350,40600
20240101,15:17:26,251.5,250,40600
20240101,15:17:27,250.95,50,40600
20240101,15:17:31,250.6,50,40600
20240101,15:17:56,254.0,100,40600
20240101,15:17:57,252.3,50,40600
20240101,15:18:14,251.65,100,39600
20240101,15:18:17,252.35,500,39600
20240101,15:18:41,252.35,500,39600
20240101,15:18:59,253.0,150,39600
20240101,15:19:21,251.35,100,39600
20240101,15:19:39,253.0,50,39600
20240101,15:19:46,253.4,50,39600
20240101,15:19:51,252.75,300,39600
20240101,15:20:01,254.45,650,39600
20240101,15:20:02,254.5,150,39600
20240101,15:20:04,255.45,350,39600
20240101,15:20:09,255.8,150,39600
20240101,15:20:11,256.0,400,39600
20240101,15:20:12,255.35,50,39600
20240101,15:20:24,261.0,50,39600
20240101,15:20:32,262.4,400,39600
20240101,15:20:41,264.25,500,39600
20240101,15:20:42,263.2,50,39600
20240101,15:20:47,265.0,100,39600
20240101,15:20:49,264.35,600,39600
20240101,15:20:59,266.7,100,39600
20240101,15:21:01,266.75,50,39600
20240101,15:21:02,266.25,100,39600
20240101,15:21:09,265.2,500,39600
20240101,15:21:29,270.0,50,39050
20240101,15:21:38,270.05,200,39050
20240101,15:21:44,270.5,450,39050
20240101,15:21:49,271.7,150,39050
20240101,15:21:53,275.0,50,39050
20240101,15:21:56,277.0,50,39050
20240101,15:21:59,277.55,100,39050
20240101,15:22:01,277.9,400,39050
20240101,15:22:09,281.2,600,39050
20240101,15:22:12,281.8,50,39050
20240101,15:22:16,282.0,400,39050
20240101,15:22:19,280.4,400,39050
20240101,15:22:29,280.4,50,39050
20240101,15:22:57,282.8,400,39050
20240101,15:23:21,284.05,50,39050
20240101,15:23:29,283.85,100,39050
20240101,15:23:33,284.35,650,39050
20240101,15:23:41,287.4,300,39050
20240101,15:23:48,286.05,50,39050
20240101,15:24:04,287.95,150,39050
20240101,15:24:06,285.7,300,39050
20240101,15:24:08,286.55,100,39050
20240101,15:24:09,286.8,750,39050
20240101,15:24:11,286.85,550,35300
20240101,15:24:13,286.3,50,35300
20240101,15:24:21,284.4,50,35300
20240101,15:24:31,285.55,50,35300
20240101,15:25:16,288.75,100,35300
20240101,15:25:17,288.7,200,35300
20240101,15:25:19,288.7,250,35300
20240101,15:25:31,289.3,50,35300
20240101,15:25:39,288.7,100,35300
20240101,15:25:41,288.85,50,35300
20240101,15:25:46,289.05,50,35300
20240101,15:26:06,288.9,50,35300
20240101,15:26:12,288.9,400,35300
20240101,15:26:27,288.55,50,35300
20240101,15:27:05,288.8,600,35300
20240101,15:27:19,289.5,300,34350
20240101,15:27:29,290.15,150,34350
20240101,15:27:36,291.75,50,34350
20240101,15:27:40,293.1,100,34350
20240101,15:27:41,293.7,350,34350
20240101,15:27:43,293.2,500,34350
20240101,15:27:45,293.2,150,34350
20240101,15:27:46,294.05,100,34350
20240101,15:27:53,294.6,50,34350
20240101,15:27:54,294.4,700,34350
20240101,15:27:59,293.4,250,34350
20240101,15:28:17,289.45,150,34350
20240101,15:28:21,292.3,50,34350
20240101,15:28:52,293.85,50,34350
20240101,15:28:57,294.95,100,34350
20240101,15:29:13,294.95,100,34350
20240101,15:29:18,293.7,200,34350
20240101,15:29:59,292.0,50,34350
20240102,09:15:06,287.45,1,33600
20240102,09:15:06,287.45,350,33600
20240102,09:15:11,293.5,50,33600
20240102,09:15:21,293.5,200,33600
20240102,09:15:40,285.0,200,33600
20240102,09:15:41,285.5,150,33600
20240102,09:15:50,282.55,1950,33600
20240102,09:15:56,281.35,100,33600
20240102,09:15:57,278.9,1800,33600
20240102,09:16:03,276.1,150,33600
20240102,09:16:04,275.4,400,33600
20240102,09:16:06,272.3,1800,33600
20240102,09:16:07,269.3,150,33600
20240102,09:16:25,269.3,50,33600
20240102,09:16:46,281.35,100,33600
20240102,09:16:47,279.3,1800,33600
20240102,09:16:56,279.45,1800,33600
20240102,09:17:01,280.15,100,33600
20240102,09:17:02,282.6,250,33600
20240102,09:17:04,278.05,1800,33600
20240102,09:17:05,280.15,100,33600
20240102,09:17:31,283.05,1800,32850
20240102,09:17:38,281.4,100,32850
20240102,09:18:15,283.15,50,32850
20240102,09:18:17,283.15,150,32850
20240102,09:18:20,283.65,150,32850
20240102,09:18:57,278.45,950,32850
20240102,09:19:25,276.0,100,32850
20240102,09:19:42,272.9,550,32850
20240102,09:19:44,273.0,300,32850
20240102,09:19:46,274.5,300,32850
20240102,09:19:47,273.55,150,32850
20240102,09:20:04,276.45,150,32850
20240102,09:21:00,276.95,50,33050
20240102,09:21:20,278.6,100,33050
20240102,09:21:59,276.75,100,33050
20240102,09:22:05,279.05,100,33050
20240102,09:23:04,284.75,50,33050
20240102,09:23:12,284.3,300,33050
20240102,09:23:22,285.0,50,33050
20240102,09:23:33,284.9,100,32950
20240102,09:24:01,285.0,50,32950
20240102,09:24:03,285.0,100,32950
20240102,09:24:06,285.9,50,32950
20240102,09:24:26,290.0,600,32950
20240102,09:24:50,287.05,50,32950
20240102,09:25:02,290.0,450,32950
20240102,09:25:31,287.7,100,32950
20240102,09:26:02,283.7,50,32950
20240102,09:26:16,281.55,100,32950
20240102,09:26:17,281.6,150,32950
20240102,09:26:26,281.3,100,32400
20240102,09:26:29,281.6,150,32400
20240102,09:26:31,280.95,50,32400
20240102,09:26:44,278.2,100,32400
20240102,09:26:46,275.95,100,32400
20240102,09:26:54,277.45,250,32400
20240102,09:26:59,277.0,100,32400
20240102,09:27:11,276.05,150,32400
20240102,09:27:14,276.5,150,32400
20240102,09:27:16,274.4,150,32400
20240102,09:27:19,275.65,100,32400
20240102,09:27:21,275.0,150,32400
20240102,09:27:22,274.95,150,32400
20240102,09:27:33,276.45,50,32400
20240102,09:27:53,278.3,1900,32400
20240102,09:27:55,279.25,1300,32400
20240102,09:27:57,278.2,1200,32400
20240102,09:27:58,277.7,550,32400
20240102,09:28:00,277.65,100,32400
20240102,09:28:02,278.5,100,32400
20240102,09:28:03,277.4,450,32400
20240102,09:28:05,278.05,300,32400
20240102,09:28:08,277.15,250,32400
20240102,09:28:10,278.2,600,32400
20240102,09:28:12,277.65,350,32400
20240102,09:28:13,277.35,150,32400
20240102,09:28:16,276.85,100,32400
20240102,09:28:25,276.6,300,32400
20240102,09:28:26,280.8,250,32400
20240102,09:28:28,285.0,200,32400
20240102,09:28:30,289.45,350,32400
20240102,09:28:31,292.95,200,32400
20240102,09:28:33,298.2,100,32400
20240102,09:28:34,298.3,200,32400
20240102,09:28:36,298.3,100,32400
20240102,09:28:38,295.95,150,32400
20240102,09:28:39,294.4,50,32400
20240102,09:28:46,286.8,200,32400
20240102,09:28:51,285.25,50,32400
20240102,09:28:58,283.5,400,32400
20240102,09:29:04,286.4,400,32400
20240102,09:29:09,285.45,50,32400
20240102,09:29:26,281.45,50,27850
20240102,09:29:38,282.35,300,27850
20240102,09:29:46,280.55,450,27850
20240102,09:29:58,278.5,50,27850
20240102,09:30:00,278.05,200,27850
20240102,09:30:01,278.05,150,27850
20240102,09:30:11,277.25,250,27850
20240102,09:30:18,275.0,200,27850
20240102,09:30:21,273.65,150,27850
20240102,09:31:00,275.0,50,27850
20240102,09:31:35,280.0,50,27850
20240102,09:31:55,281.45,100,27850
20240102,09:32:28,283.35,250,28150
20240102,09:33:05,286.65,100,28150
20240102,09:34:18,285.8,50,28150
20240102,09:34:22,285.15,50,28150
20240102,09:35:12,281.5,150,28150
20240102,09:35:55,286.7,150,28050
20240102,09:36:03,288.35,100,28050
20240102,09:36:35,288.8,1500,28050
20240102,09:37:02,287.05,200,28050
20240102,09:37:30,284.3,50,28050
20240102,09:37:35,283.7,50,28050
20240102,09:38:04,281.95,150,28050
20240102,09:38:12,281.45,50,28050
20240102,09:38:27,278.1,100,28150
20240102,09:38:32,276.35,50,28150
20240102,09:38:46,277.2,250,28150
20240102,09:38:57,278.45,100,28150
20240102,09:39:02,276.55,100,28150
20240102,09:39:17,278.3,50,28150
20240102,09:39:32,277.0,50,28150
20240102,09:40:00,274.2,50,28150
20240102,09:40:07,273.9,100,28150
20240102,09:40:17,271.0,100,28150
20240102,09:41:41,265.6,100,28250
20240102,09:41:47,264.5,450,28250
20240102,09:42:02,264.5,150,28250
20240102,09:42:19,267.05,150,28250
20240102,09:42:45,266.35,100,28250
20240102,09:42:59,262.0,50,28250
20240102,09:43:02,262.0,50,28250
20240102,09:43:04,262.35,50,28250
20240102,09:43:14,263.85,50,28250
20240102,09:44:16,266.35,100,28250
20240102,09:44:19,265.2,100,28250
20240102,09:44:27,266.0,100,28400
20240102,09:44:41,265.0,50,28400
20240102,09:44:57,266.3,50,28400
20240102,09:45:01,265.2,50,28400
20240102,09:45:16,264.75,50,28400
20240102,09:45:36,266.1,50,28400
20240102,09:47:06,266.1,50,28400
20240102,09:47:14,264.7,50,28400
20240102,09:47:57,267.05,50,28400
20240102,09:49:01,266.0,50,28500
20240102,09:49:50,267.4,1000,28500
20240102,09:50:05,267.4,200,28500
20240102,09:50:31,270.55,50,29450
20240102,09:50:39,269.3,100,29450
20240102,09:51:12,273.85,150,29450
20240102,09:51:35,271.7,150,29450
20240102,09:51:45,268.9,350,29450
20240102,09:52:13,271.1,350,29450
20240102,09:52:36,270.55,250,29450
20240102,09:54:23,276.15,600,29950
20240102,09:54:35,278.5,150,29950
20240102,09:54:46,279.55,100,29950
20240102,09:54:53,283.7,300,29950
20240102,09:54:55,282.05,200,29950
20240102,09:55:42,285.0,450,29950
20240102,09:55:43,285.5,150,29950
20240102,09:55:53,288.3,150,29950
20240102,09:56:03,292.1,100,29950
20240102,09:56:12,297.25,50,29950
20240102,09:56:17,300.45,200,29950
20240102,09:56:38,303.05,250,29950
20240102,09:56:43,305.0,100,30250
20240102,09:56:45,307.4,100,30250
20240102,09:56:55,307.4,100,30250
20240102,09:57:10,316.3,150,30250
20240102,09:57:12,316.65,150,30250
20240102,09:57:17,316.75,50,30250
20240102,09:57:22,316.85,50,30250
20240102,09:57:32,320.55,100,30250
20240102,09:57:35,320.55,250,30250
20240102,09:57:41,316.8,350,30250
20240102,09:57:48,316.75,50,30250
20240102,09:57:50,314.65,50,30250
20240102,09:57:51,311.1,50,30250
20240102,09:57:55,309.0,200,30250
20240102,09:57:58,312.3,2750,30250
20240102,09:58:01,315.05,50,30250
20240102,09:58:23,321.15,50,30250
20240102,09:58:28,324.1,500,30250
20240102,09:58:39,324.7,150,30250
20240102,09:59:01,324.7,100,30250
20240102,09:59:16,332.1,50,30250
20240102,09:59:27,334.1,150,28250
20240102,09:59:30,334.05,300,28250
20240102,09:59:44,330.65,250,28250
20240102,10:00:59,334.45,250,28250
20240102,10:01:09,335.65,100,28250
20240102,10:01:22,338.3,100,28250
20240102,10:01:29,338.3,250,28250
20240102,10:01:30,334.8,950,28250
20240102,10:01:45,330.65,50,28250
20240102,10:01:47,329.45,50,28250
20240102,10:01:52,330.0,100,28250
20240102,10:02:02,334.85,450,28250
20240102,10:02:34,330.0,200,28250
20240102,10:02:42,328.9,100,27850
20240102,10:03:29,317.6,50,27850
20240102,10:03:35,322.75,600,27850
20240102,10:03:44,325.55,200,27850
20240102,10:03:50,326.9,400,27850
20240102,10:04:02,325.2,50,27850
20240102,10:04:20,323.95,50,27850
20240102,10:04:28,324.55,50,27850
20240102,10:04:40,319.95,150,27850
20240102,10:05:00,327.25,250,27850
20240102,10:05:22,324.5,100,27850
20240102,10:05:32,320.7,50,27850
20240102,10:05:55,321.1,50,28050
20240102,10:06:52,316.65,50,28050
20240102,10:07:09,306.35,50,28050
20240102,10:07:10,307.0,50,28050
20240102,10:07:27,312.1,50,28050
20240102,10:07:54,313.25,50,28050
20240102,10:08:30,310.3,200,28050
20240102,10:08:38,312.25,50,28050
20240102,10:08:42,313.5,50,28050
20240102,10:09:10,312.8,50,28050
20240102,10:10:10,318.7,200,28050
20240102,10:10:11,317.6,100,28050
20240102,10:10:18,319.2,350,28050
20240102,10:12:18,324.95,50,28300
20240102,10:12:39,327.6,100,28300
20240102,10:12:42,329.7,50,28300
20240102,10:12:52,331.45,50,28300
20240102,10:13:19,326.45,50,28300
20240102,10:13:22,324.7,200,28300
20240102,10:13:25,324.55,200,28300
20240102,10:15:28,315.25,50,28550
20240102,10:16:01,313.6,400,28550
20240102,10:16:24,313.2,100,28550
20240102,10:16:29,313.05,100,28550
20240102,10:16:56,319.7,100,28550
20240102,10:16:57,318.45,250,28550
20240102,10:18:22,318.7,50,28500
20240102,10:19:10,324.3,50,28500
20240102,10:19:15,324.65,150,28500
20240102,10:19:17,325.65,50,28500
20240102,10:21:26,319.1,50,28350
20240102,10:22:47,328.3,50,28350
20240102,10:23:03,330.35,50,28350
20240102,10:23:08,329.8,400,28350
20240102,10:23:47,335.25,50,28000
20240102,10:24:05,335.75,50,28000
20240102,10:24:58,343.8,50,28000
20240102,10:25:06,347.8,50,28000
20240102,10:25:42,347.8,50,28000
20240102,10:26:53,353.7,200,27900
20240102,10:27:23,353.7,50,27900
20240102,10:27:48,345.05,50,27900
20240102,10:29:24,350.65,50,27900
20240102,10:30:15,356.0,50,27900
20240102,10:30:28,356.65,200,27900
20240102,10:30:59,356.65,100,27900
20240102,10:32:43,351.0,100,27900
20240102,10:34:14,356.2,150,27900
20240102,10:34:49,356.2,100,27900
20240102,10:36:49,375.65,150,27900
20240102,10:37:02,376.25,50,27900
20240102,10:37:19,380.7,50,27900
20240102,10:38:51,380.7,50,27750
20240102,10:39:23,383.0,50,27750
20240102,10:40:04,395.15,50,27750
20240102,10:40:05,395.15,250,27750
20240102,10:40:10,390.0,250,27750
20240102,10:40:14,391.95,50,27750
20240102,10:40:16,390.85,550,27750
20240102,10:40:17,390.65,1100,27750
20240102,10:40:37,391.0,50,27750
20240102,10:40:44,394.0,50,27750
20240102,10:40:55,394.25,50,27750
20240102,10:40:59,396.65,50,27750
20240102,10:41:05,400.0,150,27750
20240102,10:41:07,400.0,50,27750
20240102,10:41:09,397.0,250,27750
20240102,10:41:14,395.0,50,27750
20240102,10:41:47,377.1,300,27550
20240102,10:41:49,379.05,250,27550
20240102,10:41:50,378.85,50,27550
20240102,10:41:55,378.65,50,27550
20240102,10:42:00,380.0,50,27550
20240102,10:44:48,373.45,50,27550
20240102,10:45:12,368.6,50,27550
20240102,10:46:57,363.0,50,27550
20240102,10:48:11,360.7,50,27500
20240102,10:48:30,361.95,250,27500
20240102,10:49:00,357.0,50,27500
20240102,10:49:09,352.85,50,27500
20240102,10:49:19,355.45,50,27500
20240102,10:49:27,354.6,50,27500
20240102,10:50:17,351.55,250,27500
20240102,10:50:37,357.25,50,27450
20240102,10:51:12,362.0,50,27450
20240102,10:52:05,366.75,50,27450
20240102,10:57:41,361.45,600,27500
20240102,10:59:14,348.3,50,27500
20240102,10:59:18,348.3,250,27500
20240102,11:00:18,351.35,50,27500
20240102,11:00:26,354.6,250,27650
20240102,11:00:35,352.75,50,27650
20240102,11:00:56,354.6,50,27650
20240102,11:01:55,360.05,300,27650
20240102,11:05:07,358.2,50,27450
20240102,11:07:55,358.2,100,27500
20240102,11:07:58,357.25,50,27500
20240102,11:08:19,358.0,650,27500
20240102,11:12:13,362.9,200,27500
20240102,11:15:21,369.0,50,27500
20240102,11:17:05,376.15,50,27500
20240102,11:18:23,369.0,600,27450
20240102,11:21:14,362.9,50,27450
20240102,11:36:04,372.0,50,27500
20240102,11:37:12,378.4,600,27500
20240102,11:38:58,356.4,300,27500
20240102,11:41:22,366.7,50,27500
20240102,11:41:57,374.7,250,27500
20240102,11:52:50,369.55,250,27500
20240102,11:58:27,366.7,200,27500
20240102,11:58:46,365.2,500,27500
20240102,12:07:55,357.25,100,27500
20240102,12:16:06,345.6,250,27500
20240102,12:16:07,342.95,100,27550
20240102,12:18:32,336.3,50,27650
20240102,12:20:41,335.1,50,27650
20240102,12:28:03,344.7,250,27650
20240102,12:32:08,344.3,50,27450
20240102,12:33:17,344.9,50,27450
20240102,12:34:10,342.1,250,27450
20240102,12:34:58,335.1,50,27450
20240102,12:40:43,332.8,50,27450
20240102,12:41:49,328.65,50,27450
20240102,12:42:46,328.55,100,27500
20240102,12:42:59,329.2,550,27500
20240102,12:43:01,329.2,50,27500
20240102,12:43:12,329.2,50,27500
20240102,12:43:22,328.1,450,27500
20240102,12:43:24,327.95,550,27500
20240102,12:45:56,334.0,50,27500
20240102,12:51:52,341.95,100,27500
20240102,12:52:36,341.95,50,27500
20240102,12:57:47,345.6,100,27450
20240102,12:58:27,350.0,50,27450
20240102,13:01:34,352.05,50,27450
20240102,13:03:55,364.75,50,27400
20240102,13:04:04,366.6,600,27400
20240102,13:04:46,361.9,100,27400
20240102,13:05:14,358.25,100,27400
20240102,13:05:55,358.0,50,27400
20240102,13:06:00,361.0,50,27350
20240102,13:06:25,357.15,50,27350
20240102,13:07:43,353.6,50,27350
20240102,13:08:42,350.85,50,27350
20240102,13:09:24,357.6,50,27350
20240102,13:11:13,356.45,50,27350
20240102,13:15:07,360.0,50,27350
20240102,13:20:37,354.6,50,27350
20240102,13:21:32,358.0,50,27350
20240102,13:21:50,358.65,100,27350
20240102,13:21:55,359.1,50,27350
20240102,13:22:15,359.7,100,27350
20240102,13:23:03,362.35,50,27350
20240102,13:23:05,361.95,100,27350
20240102,13:24:15,361.9,50,27300
20240102,13:25:10,356.55,50,27300
20240102,13:31:09,351.0,200,27300
20240102,13:31:24,350.6,100,27300
20240102,13:35:10,341.15,50,27300
20240102,13:35:13,340.2,50,27300
20240102,13:35:48,337.65,50,27300
20240102,13:36:19,337.55,100,27300
20240102,13:36:44,333.0,50,27300
20240102,13:38:24,338.0,50,27300
20240102,13:39:20,340.25,50,27450
20240102,13:41:38,333.85,150,27450
20240102,13:41:39,334.0,200,27450
20240102,13:45:01,338.0,350,27700
20240102,13:47:27,339.0,100,27700
20240102,13:47:30,338.0,300,27700
20240102,13:49:10,336.55,50,27600
20240102,13:50:40,331.85,50,27600
20240102,13:54:15,336.6,50,27650
20240102,13:58:02,340.4,50,27700
20240102,13:59:40,342.1,50,27700
20240102,14:01:21,336.55,50,27700
20240102,14:02:34,333.9,50,27700
20240102,14:04:16,346.45,50,27750
20240102,14:09:06,328.2,50,27800
20240102,14:09:37,331.8,100,27800
20240102,14:10:00,323.05,50,27800
20240102,14:10:03,320.0,50,27800
20240102,14:10:09,320.0,50,27800
20240102,14:10:27,318.35,50,27800
20240102,14:10:52,318.05,100,27800
20240102,14:10:53,318.15,50,27800
20240102,14:11:05,315.0,200,27800
20240102,14:11:22,310.8,150,27800
20240102,14:11:23,311.3,750,27800
20240102,14:11:31,311.2,200,27800
20240102,14:12:05,306.4,250,27800
20240102,14:14:36,306.4,100,27800
20240102,14:14:38,306.9,250,27800
20240102,14:16:57,308.0,50,27800
20240102,14:19:08,323.0,100,27850
20240102,14:19:41,324.35,100,27850
20240102,14:21:09,318.5,50,27850
20240102,14:21:19,317.8,50,27700
20240102,14:23:19,314.6,50,27700
20240102,14:28:07,320.05,50,27700
20240102,14:30:02,309.95,50,27700
20240102,14:30:30,301.95,50,27800
20240102,14:32:04,308.1,250,27800
20240102,14:33:58,302.0,250,28100
20240102,14:35:05,302.55,250,28100
20240102,14:35:32,303.55,100,28100
20240102,14:37:25,300.8,150,28700
20240102,14:37:30,298.0,150,28700
20240102,14:37:43,296.35,50,28700
20240102,14:37:45,297.25,50,28700
20240102,14:38:08,288.0,100,28700
20240102,14:38:11,289.85,500,28700
20240102,14:38:28,287.95,50,28700
20240102,14:39:24,289.35,50,28750
20240102,14:39:26,288.1,100,28750
20240102,14:39:28,288.05,100,28750
20240102,14:39:34,288.2,50,28750
20240102,14:39:44,286.65,50,28750
20240102,14:39:46,286.5,100,28750
20240102,14:39:47,285.45,100,28750
20240102,14:39:49,284.2,150,28750
20240102,14:39:51,284.6,100,28750
20240102,14:39:52,285.0,100,28750
20240102,14:39:54,285.35,50,28750
20240102,14:40:00,286.1,50,28750
20240102,14:40:23,287.2,100,28750
20240102,14:40:25,285.6,50,28750
20240102,14:40:26,283.55,50,28750
20240102,14:40:31,282.5,50,28750
20240102,14:40:57,284.4,250,28750
20240102,14:41:15,288.0,250,28750
20240102,14:42:37,290.0,50,29700
20240102,14:42:44,287.65,100,29700
20240102,14:42:49,286.1,100,29700
20240102,14:43:04,287.0,100,29700
20240102,14:43:20,292.0,50,29700
20240102,14:44:00,294.25,50,29700
20240102,14:44:05,292.95,50,29700
20240102,14:44:14,295.15,50,29700
20240102,14:44:42,302.75,50,29700
20240102,14:44:44,302.35,50,29700
20240102,14:44:47,300.5,50,29700
20240102,14:44:54,298.45,50,29700
20240102,14:45:17,297.6,50,29900
20240102,14:45:19,299.0,50,29900
20240102,14:45:58,291.5,50,29900
20240102,14:46:06,292.8,50,29900
20240102,14:46:13,292.55,50,29900
20240102,14:46:29,291.55,50,29900
20240102,14:46:36,288.75,200,29900
20240102,14:50:11,302.05,50,30000
20240102,14:50:41,300.0,50,30000
20240102,14:51:44,301.45,50,29950
20240102,14:53:26,304.25,50,29950
20240102,14:54:30,312.35,50,29950
20240102,14:54:45,314.45,50,29950
20240102,14:54:58,315.2,250,29950
20240102,14:55:16,313.6,300,29950
20240102,14:55:21,312.05,50,29950
20240102,14:57:21,313.45,100,29950
20240102,14:59:33,320.7,50,29900
20240102,14:59:40,319.9,300,29900
20240102,15:00:16,311.1,50,29650
20240102,15:00:21,305.0,50,29650
20240102,15:00:23,303.2,50,29650
20240102,15:00:36,301.15,100,29650
20240102,15:00:43,310.85,50,29650
20240102,15:00:44,310.7,50,29650
20240102,15:00:46,309.05,50,29650
20240102,15:00:53,308.7,50,29650
20240102,15:00:54,310.0,50,29650
20240102,15:01:06,310.5,50,29650
20240102,15:03:56,303.0,50,29850
20240102,15:04:07,296.95,50,29850
20240102,15:04:09,296.95,50,29850
20240102,15:04:12,296.95,50,29850
20240102,15:04:16,296.95,50,29850
20240102,15:04:19,299.05,350,29850
20240102,15:05:24,301.65,50,29850
20240102,15:05:26,301.0,100,29850
20240102,15:05:52,303.0,50,29850
20240102,15:06:02,301.45,50,29850
20240102,15:06:05,301.5,250,29850
20240102,15:06:17,306.3,50,30550
20240102,15:06:19,307.5,50,30550
20240102,15:06:29,308.75,50,30550
20240102,15:06:45,308.75,50,30550
20240102,15:07:12,314.05,150,30550
20240102,15:07:46,324.0,150,30550
20240102,15:07:52,326.4,250,30550
20240102,15:07:59,333.0,100,30550
20240102,15:08:01,335.5,450,30550
20240102,15:08:02,336.9,50,30550
20240102,15:08:16,329.65,200,30550
20240102,15:08:21,327.8,150,30550
20240102,15:09:33,333.4,50,30800
20240102,15:09:38,340.0,50,30800
20240102,15:09:54,338.65,50,30800
20240102,15:10:03,339.7,50,30800
20240102,15:10:23,343.0,50,30800
20240102,15:10:28,344.85,50,30800
20240102,15:10:50,344.85,50,30800
20240102,15:11:00,345.85,450,30800
20240102,15:11:04,348.3,100,30800
20240102,15:11:34,342.35,50,30800
20240102,15:11:49,343.85,300,30800
20240102,15:12:44,349.15,50,30350
20240102,15:12:47,348.05,150,30350
20240102,15:13:19,343.05,50,30350
20240102,15:13:40,344.2,100,30350
20240102,15:14:19,334.3,50,30350
20240102,15:15:15,325.95,50,30550
20240102,15:15:48,331.85,250,30550
20240102,15:16:45,325.75,300,30550
20240102,15:18:41,325.75,50,30300
20240102,15:20:17,332.4,50,30300
20240102,15:20:19,332.35,150,30300
20240102,15:20:29,332.05,150,30300
20240102,15:21:19,327.0,150,30300
20240102,15:21:27,328.05,100,30100
20240102,15:21:32,328.35,150,30100
20240102,15:21:42,328.15,150,30100
20240102,15:22:35,331.05,50,30100
20240102,15:22:37,330.65,100,30100
20240102,15:22:42,330.95,150,30100
20240102,15:22:59,333.2,150,30100
20240102,15:23:02,332.75,50,30100
20240102,15:23:37,332.8,50,30100
20240102,15:23:52,331.1,50,30100
20240102,15:24:19,332.0,50,29800
20240102,15:25:28,334.05,50,29800
20240102,15:25:32,333.95,50,29800
20240102,15:25:33,333.95,50,29800
20240102,15:25:35,333.85,50,29800
20240102,15:25:37,333.85,350,29800
20240102,15:25:38,333.85,200,29800
20240102,15:25:55,334.25,50,29800
20240102,15:26:03,334.2,50,29800
20240102,15:26:55,335.8,100,29800
20240102,15:27:03,334.2,50,29800
20240102,15:27:36,333.95,350,29400
20240102,15:27:48,334.95,500,29400
20240102,15:28:01,334.55,300,29400
20240102,15:28:14,334.45,50,29400
20240102,15:29:12,335.05,1000,29400
20240103,09:15:37,364.95,1,27850
20240103,09:15:37,365.45,100,27850
20240103,09:15:39,365.5,250,27850
20240103,09:17:59,365.5,50,28100
20240103,09:18:15,363.0,50,28100
20240103,09:20:08,353.4,50,28100
20240103,09:22:53,353.4,50,27950
20240103,09:23:08,369.0,50,27950
20240103,09:30:44,369.0,50,27900
20240103,09:32:40,352.85,100,27900
20240103,09:32:42,352.85,50,27900
20240103,09:32:55,357.5,100,27900
20240103,09:34:09,369.0,50,27900
20240103,09:36:05,368.8,50,27750
20240103,09:38:12,385.5,50,27750
20240103,09:39:17,387.0,650,27700
20240103,09:40:00,387.0,50,27700
20240103,09:40:56,386.65,50,27700
20240103,09:41:08,389.95,300,27700
20240103,09:44:44,399.5,50,27700
20240103,09:45:10,402.1,50,27100
20240103,09:45:13,402.1,50,27100
20240103,09:47:33,393.0,50,27100
20240103,09:51:59,391.8,50,27100
20240103,09:54:30,385.45,50,27100
20240103,09:55:09,383.3,50,27100
20240103,09:55:25,382.85,100,27100
20240103,09:57:12,380.75,50,27150
20240103,09:57:20,378.35,50,27150
20240103,09:58:08,377.2,50,27150
20240103,09:59:01,386.95,1300,27150
20240103,09:59:09,381.4,1250,27150
20240103,10:03:12,398.25,50,27200
20240103,10:04:51,376.55,50,27200
20240103,10:06:34,390.7,50,27150
20240103,10:07:17,386.7,50,27150
20240103,10:10:07,384.45,50,27200
20240103,10:10:27,383.15,50,27200
20240103,10:12:00,384.75,50,27150
20240103,10:12:37,384.75,50,27150
20240103,10:21:04,408.05,50,27200
20240103,10:21:21,408.05,50,27200
20240103,10:22:02,406.5,50,27200
20240103,10:24:22,412.4,50,27200
20240103,10:24:23,412.4,50,27150
20240103,10:25:12,406.5,100,27150
20240103,10:26:56,400.75,50,27200
20240103,10:28:05,392.5,50,27200
20240103,10:33:49,382.0,50,27250
20240103,10:35:43,382.35,100,27250
20240103,10:35:44,381.7,50,27250
20240103,10:37:39,377.85,50,27250
20240103,10:40:09,385.0,50,27200
20240103,10:41:05,389.9,50,27200
20240103,10:43:03,387.9,50,27200
20240103,10:47:28,406.3,250,27150
20240103,10:47:29,403.8,100,27150
20240103,10:49:30,404.5,50,27250
20240103,10:51:14,406.9,250,27250
20240103,10:51:48,407.4,50,27250
20240103,10:52:31,411.6,100,27250
20240103,10:55:41,394.2,50,27150
20240103,11:22:33,376.8,50,27150
20240103,11:33:24,404.0,50,27150
20240103,11:37:03,395.95,100,27150
20240103,11:37:49,390.9,50,27150
20240103,11:38:57,389.3,50,27000
20240103,11:40:49,387.7,50,27000
20240103,12:06:12,385.55,100,27050
20240103,12:06:35,388.0,250,27050
20240103,12:12:35,392.8,150,27050
20240103,12:15:52,389.5,350,27100
20240103,12:20:34,380.55,100,27250
20240103,12:20:59,386.35,50,27150
20240103,12:29:42,425.75,50,27150
20240103,12:30:08,425.75,50,27100
20240103,12:30:51,425.75,100,27100
20240103,12:31:35,428.4,50,27100
20240103,12:31:54,428.4,50,27100
20240103,12:53:15,428.4,50,27050
20240103,12:53:43,394.7,100,27050
20240103,12:55:05,393.45,100,27000
20240103,12:56:57,392.85,50,27000
20240103,12:57:07,393.05,50,27050
20240103,12:59:12,388.75,50,27050
20240103,12:59:44,390.05,100,27050
20240103,13:03:44,390.05,50,27050
20240103,13:05:19,384.0,100,27050
20240103,13:06:31,393.45,150,27050
20240103,13:14:19,381.45,200,26900
20240103,13:16:45,387.7,50,26900
20240103,13:18:21,381.45,50,26950
20240103,13:57:34,396.5,50,26950
20240103,13:57:49,399.45,50,26950
20240103,13:57:54,396.9,50,26950
20240103,14:16:01,396.9,50,26900
20240103,14:18:30,396.9,50,26900
20240103,14:19:39,406.3,50,26900
20240103,14:20:11,411.0,100,26900
20240103,14:20:37,411.0,200,26900
20240103,14:22:32,404.05,100,26700
20240103,14:25:39,408.3,50,26700
20240103,14:33:15,407.95,50,26750
20240103,14:33:18,410.8,50,26700
20240103,14:35:35,419.3,50,26700
20240103,14:37:02,429.8,100,26750
20240103,14:37:26,426.15,50,26750
20240103,14:38:58,425.4,50,26750
20240103,14:40:18,430.95,50,26700
20240103,14:42:44,430.95,100,26700
20240103,14:44:08,418.5,200,26700
20240103,14:46:10,414.05,200,26650
20240103,14:47:24,419.25,150,26650
20240103,14:47:58,419.05,50,26650
20240103,14:49:55,421.6,50,26750
20240103,14:58:21,402.55,50,26750
20240103,14:59:37,400.7,50,26750
20240103,14:59:46,401.45,50,26750
20240103,15:00:11,406.6,400,26750
20240103,15:00:14,416.15,100,26750
20240103,15:00:26,419.6,50,26750
20240103,15:00:48,416.9,150,26750
20240103,15:01:14,420.9,50,26750
20240103,15:01:16,423.55,50,26750
20240103,15:01:42,431.3,50,26750
20240103,15:01:46,431.3,50,26750
20240103,15:02:11,430.1,50,26750
20240103,15:02:24,423.25,50,26750
20240103,15:04:45,427.1,200,26450
20240103,15:05:33,432.0,50,26450
20240103,15:07:56,445.2,50,26400
20240103,15:08:00,448.0,50,26400
20240103,15:08:23,448.0,50,26400
20240103,15:09:24,442.8,50,26400
20240103,15:10:39,450.9,200,26400
20240103,15:11:41,450.9,50,26400
20240103,15:12:01,447.55,50,26400
20240103,15:16:20,454.3,200,26600
20240103,15:16:52,455.65,50,26600
20240103,15:17:20,459.4,350,26600
20240103,15:17:31,461.5,100,26600
20240103,15:22:56,461.5,50,26450
20240103,15:25:07,445.2,50,26450
20240103,15:26:05,445.2,150,26450
20240103,15:29:22,442.1,100,26400
20240104,09:16:09,382.2,1,26500
20240104,09:16:09,382.15,150,26500
20240104,09:16:59,379.15,50,26500
20240104,09:17:09,376.95,50,26500
20240104,09:17:14,375.0,250,26500
20240104,09:17:27,374.85,50,26550
20240104,09:18:09,374.85,50,26550
20240104,09:18:51,375.75,50,26550
20240104,09:19:16,376.25,50,26550
20240104,09:20:57,367.3,50,26650
20240104,09:21:07,366.0,100,26650
20240104,09:22:26,366.0,50,26650
20240104,09:22:32,366.55,150,26650
20240104,09:22:39,367.95,100,26650
20240104,09:23:51,361.55,150,26650
20240104,09:27:14,361.55,100,26700
20240104,09:27:36,357.0,50,26700
20240104,09:29:54,352.7,50,26700
20240104,09:30:12,351.0,50,26700
20240104,09:31:51,351.0,500,26700
20240104,09:32:04,354.0,50,26700
20240104,09:34:13,360.55,1250,27300
20240104,09:35:34,357.95,50,27300
20240104,09:36:12,357.75,50,27300
20240104,09:37:29,354.0,50,27300
20240104,09:37:56,346.9,50,27300
20240104,09:38:31,344.8,650,27400
20240104,09:38:33,344.6,100,27400
20240104,09:40:53,344.6,50,27400
20240104,09:41:09,350.3,50,27400
20240104,09:41:22,350.4,50,27400
20240104,09:50:09,351.2,50,27000
20240104,09:54:45,346.4,50,27050
20240104,10:02:25,348.1,50,27100
20240104,10:03:15,348.65,50,27100
20240104,10:04:32,347.0,150,27100
20240104,10:04:34,344.5,50,27100
20240104,10:05:00,333.0,100,27100
20240104,10:06:45,333.0,100,27100
20240104,10:07:09,336.05,100,27100
20240104,10:07:30,336.85,50,27100
20240104,10:07:40,336.25,50,27100
20240104,10:08:11,337.6,50,27100
20240104,10:08:17,337.6,50,27100
20240104,10:08:42,336.8,100,27150
20240104,10:08:47,336.4,150,27150
20240104,10:09:41,336.85,50,27150
20240104,10:09:46,337.2,50,27150
20240104,10:10:13,340.7,50,27150
20240104,10:12:27,334.25,100,27200
20240104,10:12:42,334.0,50,27200
20240104,10:14:10,330.0,50,27200
20240104,10:14:15,320.55,400,27200
20240104,10:14:18,322.95,50,27200
20240104,10:15:04,319.25,100,27250
20240104,10:15:07,319.25,50,27250
20240104,10:15:20,318.85,50,27250
20240104,10:15:30,317.15,50,27250
20240104,10:15:42,317.15,50,27250
20240104,10:18:03,317.7,100,27300
20240104,10:19:51,318.7,50,27300
20240104,10:21:33,314.35,250,27250
20240104,10:23:22,314.35,50,27250
20240104,10:25:13,320.0,50,27300
20240104,10:26:23,318.9,250,27300
20240104,10:28:35,321.4,50,27350
20240104,10:30:05,313.5,1250,27350
20240104,10:31:56,313.5,50,27350
20240104,10:33:50,316.35,50,27300
20240104,10:35:14,314.5,50,27300
20240104,10:35:17,315.4,50,27300
20240104,10:35:28,315.2,50,27300
20240104,10:37:02,312.85,50,27300
20240104,10:37:03,312.85,50,27250
20240104,10:37:36,315.0,50,27250
20240104,10:37:51,313.8,50,27250
20240104,10:38:06,315.45,100,27250
20240104,10:38:07,315.4,50,27250
20240104,10:40:56,311.0,50,27300
20240104,10:41:20,309.65,100,27300
20240104,10:41:40,307.9,50,27200
20240104,10:44:28,307.9,1000,27200
20240104,10:44:31,312.25,50,27200
20240104,10:45:18,313.75,50,28000
20240104,10:45:22,313.05,50,28000
20240104,10:46:37,311.7,50,28000
20240104,10:46:43,312.0,100,28000
20240104,10:46:48,312.75,50,28000
20240104,10:47:04,313.3,50,28000
20240104,10:47:10,313.35,50,28000
20240104,10:47:14,314.4,50,28000
20240104,10:47:46,314.65,50,28300
20240104,10:49:33,317.5,50,28300
20240104,10:51:50,319.0,50,28350
20240104,10:52:01,317.5,100,28350
20240104,10:53:11,320.1,50,28350
20240104,10:54:19,320.85,100,28350
20240104,10:59:58,316.05,50,28250
20240104,11:00:41,311.35,50,28250
20240104,11:00:49,312.55,150,28250
20240104,11:01:09,313.65,50,28250
20240104,11:01:17,312.25,50,28250
20240104,11:02:25,312.35,50,28250
20240104,11:06:23,311.0,50,28250
20240104,11:10:28,310.25,50,28150
20240104,11:14:11,308.6,50,28150
20240104,11:16:58,304.45,100,28150
20240104,11:18:08,304.45,300,28100
20240104,11:18:13,303.85,50,28100
20240104,11:18:46,303.85,50,28100
20240104,11:20:36,313.35,150,28100
20240104,11:20:41,313.7,50,28100
20240104,11:21:38,312.8,150,28000
20240104,11:28:05,313.95,50,28050
20240104,11:28:19,313.95,50,28050
20240104,11:29:08,312.15,50,28050
20240104,11:29:47,312.75,50,28050
20240104,11:42:42,308.95,100,28100
20240104,11:50:00,302.0,100,28150
20240104,11:52:18,301.7,50,28150
20240104,11:52:57,301.5,50,28200
20240104,11:55:34,301.5,50,28300
20240104,12:02:44,302.45,100,28300
20240104,12:03:53,303.65,50,28300
20240104,12:05:06,300.7,50,28200
20240104,12:05:17,300.4,100,28200
20240104,12:05:32,300.4,100,28200
20240104,12:06:03,301.95,50,28300
20240104,12:07:00,301.9,50,28300
20240104,12:07:26,303.35,50,28300
20240104,12:13:28,303.35,50,28300
20240104,12:16:21,303.45,100,28300
20240104,12:17:18,303.9,50,28300
20240104,12:19:27,302.45,50,28300
20240104,12:22:15,299.95,50,28350
20240104,12:23:07,295.45,200,28350
20240104,12:24:54,289.4,50,28350
20240104,12:24:55,289.4,100,28350
20240104,12:26:23,291.0,50,28350
20240104,12:26:43,291.0,200,28350
20240104,12:27:30,291.0,200,28500
20240104,12:28:54,288.95,200,28500
20240104,12:30:08,290.4,100,28500
20240104,12:33:18,293.05,50,28550
20240104,12:34:04,294.5,50,28550
20240104,12:38:42,295.55,150,28600
20240104,12:43:44,291.95,50,28600
20240104,12:43:49,293.35,50,28600
20240104,12:43:59,292.8,50,28600
20240104,12:44:57,292.5,450,28650
20240104,12:47:10,292.35,50,28650
20240104,12:47:54,291.15,150,29050
20240104,12:48:57,293.6,100,29050
20240104,12:49:25,292.8,50,29050
20240104,12:50:28,294.45,50,29050
20240104,13:00:15,297.0,50,29000
20240104,13:00:38,294.7,100,29000
20240104,13:10:45,289.2,50,28950
20240104,13:12:19,291.75,300,28900
20240104,13:12:20,291.95,150,28900
20240104,13:12:30,292.55,150,28900
20240104,13:12:37,292.4,150,28900
20240104,13:12:39,293.0,150,28900
20240104,13:12:44,292.25,100,28900
20240104,13:20:32,294.4,50,29150
20240104,13:25:38,295.1,50,29200
20240104,13:25:43,295.3,100,29200
20240104,13:25:45,294.9,250,29200
20240104,13:25:46,295.0,50,29200
20240104,13:25:58,294.3,50,29200
20240104,13:27:43,293.5,450,29350
20240104,13:28:17,296.95,100,29350
20240104,13:28:47,296.95,100,29350
20240104,13:28:50,296.75,50,29350
20240104,13:31:55,298.05,50,29150
20240104,13:33:42,298.2,50,29150
20240104,13:35:10,297.55,100,29150
20240104,13:35:38,299.3,50,29150
20240104,13:36:45,297.0,100,29100
20240104,13:37:39,293.0,100,29100
20240104,13:37:43,293.8,50,29100
20240104,13:37:48,293.0,100,29100
20240104,13:38:29,293.3,50,29100
20240104,13:38:46,292.1,100,29100
20240104,13:40:03,286.35,100,29250
20240104,13:40:06,285.2,50,29250
20240104,13:40:29,285.2,50,29250
20240104,13:41:55,287.6,100,29250
20240104,13:43:00,289.0,400,29300
20240104,13:43:07,288.5,200,29300
20240104,13:43:27,288.9,150,29300
20240104,13:43:40,288.75,50,29300
20240104,13:44:15,289.9,150,29300
20240104,13:44:45,290.55,50,29300
20240104,13:46:14,291.55,50,29900
20240104,13:47:56,292.5,1250,29900
20240104,13:48:46,293.2,100,29900
20240104,13:48:50,293.35,100,30450
20240104,13:48:58,293.15,100,30450
20240104,13:49:27,291.55,100,30450
20240104,13:49:28,290.6,150,30450
20240104,13:49:30,290.75,150,30450
20240104,13:49:33,291.35,100,30450
20240104,13:49:39,291.4,200,30450
20240104,13:49:42,291.05,150,30450
20240104,13:49:46,290.95,100,30450
20240104,13:49:51,292.2,50,30450
20240104,13:50:05,291.7,250,30450
20240104,13:50:47,291.35,100,30450
20240104,13:50:56,291.45,150,30450
20240104,13:50:58,291.5,150,30450
20240104,13:51:00,291.35,50,30450
20240104,13:51:05,291.65,350,30050
20240104,13:51:10,291.9,200,30050
20240104,13:51:12,291.5,250,30050
20240104,13:51:13,291.9,50,30050
20240104,13:51:15,291.9,100,30050
20240104,13:51:26,292.35,250,30050
20240104,13:51:35,291.95,150,30050
20240104,13:51:36,291.95,50,30050
20240104,13:51:38,291.9,50,30050
20240104,13:51:40,291.9,50,30050
20240104,13:51:43,292.15,200,30050
20240104,13:51:46,291.9,300,30050
20240104,13:51:58,292.1,200,30050
20240104,13:52:00,292.65,350,30050
20240104,13:52:01,292.45,500,30050
20240104,13:52:05,292.25,300,30050
20240104,13:52:08,292.8,50,30050
20240104,13:52:11,293.4,150,30050
20240104,13:52:13,293.45,250,30050
20240104,13:52:18,292.7,50,30050
20240104,13:52:22,292.6,150,30050
20240104,13:52:24,292.7,100,30050
20240104,13:52:26,293.25,150,30050
20240104,13:52:31,293.05,150,30050
20240104,13:52:32,293.05,150,30050
20240104,13:52:37,292.75,150,30050
20240104,13:52:45,292.1,50,30050
20240104,13:53:05,293.1,50,30050
20240104,13:53:06,294.05,300,30050
20240104,13:53:08,293.95,150,30050
20240104,13:53:10,293.4,50,30050
20240104,13:53:13,294.15,150,30050
20240104,13:53:14,294.15,150,30050
20240104,13:53:34,293.8,50,30050
20240104,13:53:41,293.95,150,30050
20240104,13:53:46,293.9,350,30050
20240104,13:53:49,293.5,50,30050
20240104,13:54:24,293.75,150,32400
20240104,13:54:31,293.75,150,32400
20240104,13:54:52,294.8,200,32400
20240104,13:54:56,294.75,150,32400
20240104,13:55:16,294.0,250,32400
20240104,13:55:39,295.35,150,32400
20240104,13:55:50,295.75,150,32400
20240104,13:55:52,295.2,50,32400
20240104,13:55:55,295.5,150,32400
20240104,13:56:03,295.6,150,32400
20240104,13:56:10,295.75,250,32400
20240104,13:56:19,295.65,50,32400
20240104,13:57:31,295.6,50,32400
20240104,13:57:41,295.85,250,33450
20240104,13:57:49,296.6,250,33450
20240104,13:57:58,296.35,250,33450
20240104,13:58:40,298.7,150,33450
20240104,13:58:41,299.7,150,33450
20240104,13:58:56,301.5,350,33450
20240104,13:58:59,302.2,100,33450
20240104,13:59:09,301.2,250,33450
20240104,13:59:23,301.2,100,33450
20240104,13:59:24,301.7,100,33450
20240104,14:00:36,297.65,250,34200
20240104,14:00:47,297.9,250,34200
20240104,14:02:16,304.05,50,34200
20240104,14:02:20,305.55,1600,34200
20240104,14:02:21,305.65,1000,34200
20240104,14:03:12,305.8,50,35250
20240104,14:03:51,303.9,50,35250
20240104,14:04:39,305.0,50,35250
20240104,14:05:50,303.7,50,35250
20240104,14:06:52,301.85,150,35150
20240104,14:07:41,304.5,100,35150
20240104,14:12:02,294.1,50,35150
20240104,14:13:10,296.3,350,35350
20240104,14:14:07,298.3,150,35350
20240104,14:14:11,299.3,300,35350
20240104,14:14:14,300.6,450,35350
20240104,14:14:15,301.15,300,35350
20240104,14:14:17,300.55,450,35350
20240104,14:14:19,300.85,450,35350
20240104,14:14:20,300.85,250,35350
20240104,14:14:22,301.1,150,35350
20240104,14:14:24,301.65,150,35350
20240104,14:14:29,301.15,150,35350
20240104,14:14:32,300.45,150,35350
20240104,14:14:52,301.15,250,35350
20240104,14:15:07,301.85,150,38450
20240104,14:15:08,302.1,150,38450
20240104,14:15:10,302.7,150,38450
20240104,14:15:12,303.35,150,38450
20240104,14:15:15,303.65,100,38450
20240104,14:15:17,303.35,150,38450
20240104,14:15:20,303.85,50,38450
20240104,14:15:23,304.0,100,38450
20240104,14:15:26,304.1,100,38450
20240104,14:15:31,304.5,150,38450
20240104,14:15:33,304.4,150,38450
20240104,14:15:44,303.45,150,38450
20240104,14:15:48,303.5,150,38450
20240104,14:15:52,303.25,50,38450
20240104,14:16:10,302.35,50,38450
20240104,14:16:42,301.55,250,38450
20240104,14:16:48,300.8,50,38450
20240104,14:16:56,301.55,250,38450
20240104,14:17:06,301.45,100,38450
20240104,14:17:08,301.45,250,38450
20240104,14:17:26,303.5,200,38450
20240104,14:17:28,304.45,400,38450
20240104,14:17:31,305.05,350,38450
20240104,14:17:34,305.65,150,38450
20240104,14:17:38,306.05,150,38450
20240104,14:17:39,306.0,300,38450
20240104,14:17:41,306.1,100,38450
20240104,14:17:43,305.0,50,38450
20240104,14:18:06,305.35,100,39900
20240104,14:18:19,306.15,150,39900
20240104,14:18:29,306.15,100,39900
20240104,14:18:31,306.0,150,39900
20240104,14:18:34,305.3,150,39900
20240104,14:18:39,304.45,50,39900
20240104,14:18:52,303.55,250,39900
20240104,14:19:09,303.1,250,39900
20240104,14:19:32,302.95,100,39900
20240104,14:20:51,304.75,50,39900
20240104,14:20:52,304.65,50,39900
20240104,14:21:47,302.8,500,40300
20240104,14:22:02,303.8,150,40300
20240104,14:22:58,304.4,100,40300
20240104,14:25:38,303.4,50,40550
20240104,14:26:44,307.45,250,40550
20240104,14:27:09,308.3,50,40550
20240104,14:27:21,309.0,50,40550
20240104,14:27:49,309.65,50,40550
20240104,14:30:50,305.45,300,40600
20240104,14:30:54,305.6,150,40600
20240104,14:31:22,303.4,50,40600
20240104,14:31:35,303.4,50,40600
20240104,14:31:45,301.05,700,40600
20240104,14:31:48,300.0,250,40600
20240104,14:31:50,300.0,50,40600
20240104,14:32:18,303.0,250,40600
20240104,14:33:18,305.05,50,39950
