date,time,tick_price,volume,open_interest
20240202,09:28:16,19.1,1800,1800
20240202,09:29:28,19.9,500,1800
20240202,09:30:31,20.1,50,1800
20240202,09:31:22,20.1,50,1800
20240202,09:33:37,19.65,50,1900
20240202,09:34:20,19.65,50,1900
20240202,09:35:11,19.4,200,1900
20240202,09:35:41,19.4,50,2200
20240202,09:35:51,19.35,50,2200
20240202,09:36:12,19.2,200,2200
20240202,09:36:32,19.45,100,2200
20240202,09:37:25,19.55,50,2200
20240202,09:37:56,19.0,50,2200
20240202,09:39:07,19.0,50,2700
20240202,09:41:09,18.3,150,2700
20240202,09:44:08,18.3,50,2700
20240202,09:48:24,18.75,50,2750
20240202,09:55:17,18.55,50,2800
20240202,09:56:18,18.95,1000,2800
20240202,09:56:49,18.25,100,3500
20240202,09:57:00,18.25,150,3500
20240202,09:57:09,18.5,150,3500
20240202,10:00:05,17.3,250,3400
20240202,10:01:55,17.35,50,3400
20240202,10:02:06,17.35,50,3400
20240202,10:05:49,17.3,200,3600
20240202,10:06:20,17.25,750,3600
20240202,10:06:41,17.25,250,3600
20240202,10:07:32,17.2,200,3600
20240202,10:08:01,17.2,100,3600
20240202,10:08:30,17.5,250,4550
20240202,10:10:47,17.2,200,4550
20240202,10:17:54,18.05,100,4700
20240202,10:20:48,18.5,350,4700
20240202,10:21:04,18.15,200,4700
20240202,10:24:11,18.1,50,5050
20240202,10:25:41,18.2,50,5050
20240202,10:30:39,17.5,300,5100
20240202,10:32:52,17.9,50,5350
20240202,10:34:31,17.9,50,5350
20240202,10:38:30,17.95,50,5300
20240202,10:44:10,18.0,50,5350
20240202,10:51:23,17.85,1000,5350
20240202,11:02:15,17.2,50,5300
20240202,11:03:29,17.35,250,5300
20240202,11:03:42,17.25,250,5300
20240202,11:03:56,17.2,350,5300
20240202,11:05:29,17.1,50,6100
20240202,11:08:05,17.1,150,6100
20240202,11:10:31,17.25,100,6200
20240202,11:12:50,17.1,200,6200
20240202,11:13:47,16.8,50,6200
20240202,11:14:49,16.7,50,6350
20240202,11:15:20,16.7,1850,6350
20240202,11:15:31,17.05,250,6350
20240202,11:15:52,17.1,50,6350
20240202,11:16:02,17.05,400,6350
20240202,11:16:13,17.05,100,6350
20240202,11:16:57,17.5,100,6350
20240202,11:24:37,17.35,200,7700
20240202,11:29:12,17.05,50,7850
20240202,11:30:40,17.2,50,7850
20240202,11:35:49,15.55,250,7850
20240202,11:36:57,16.85,100,7850
20240202,11:37:09,16.9,150,7850
20240202,11:37:20,16.9,150,7850
20240202,11:38:08,16.75,150,7850
20240202,11:38:20,16.9,600,7850
20240202,11:38:57,16.9,150,7150
20240202,11:39:09,16.85,100,7150
20240202,11:39:35,16.95,300,7150
20240202,11:40:24,17.1,100,7150
20240202,11:40:37,17.2,100,7150
20240202,11:40:49,17.25,100,7150
20240202,11:41:25,17.3,100,7150
20240202,11:41:48,17.45,100,6850
20240202,11:43:20,17.35,50,6850
20240202,11:47:22,17.35,100,6950
20240202,11:50:13,17.95,50,7000
20240202,11:50:36,17.9,300,6950
20240202,11:51:56,17.4,50,6950
20240202,11:54:19,17.4,50,6950
20240202,11:56:07,17.35,150,6950
20240202,11:57:45,17.0,100,7100
20240202,11:58:08,17.0,100,7100
20240202,11:58:40,17.05,50,7100
20240202,11:59:24,16.85,100,7100
20240202,11:59:34,17.05,50,7100
20240202,12:00:35,16.7,100,7050
20240202,12:01:35,16.7,50,7050
20240202,12:08:04,16.9,100,7050
20240202,12:08:27,17.05,150,7050
20240202,12:08:51,17.05,200,7150
20240202,12:08:58,17.15,50,7150
20240202,12:09:06,17.05,50,7150
20240202,12:09:30,17.1,200,7150
20240202,12:09:53,17.15,100,7150
20240202,12:12:08,16.8,100,7400
20240202,12:13:46,16.9,100,7400
20240202,12:14:09,17.25,100,7400
20240202,12:20:20,17.35,50,7600
20240202,12:21:46,17.55,100,7650
20240202,12:22:35,17.4,50,7650
20240202,12:24:31,17.5,50,7700
20240202,12:24:39,17.55,100,7700
20240202,12:24:55,17.55,200,7700
20240202,12:25:12,17.45,150,7700
20240202,12:27:19,17.35,100,8000
20240202,12:28:39,17.6,150,8000
20240202,12:28:47,17.75,150,8000
20240202,12:29:21,18.35,50,8000
20240202,12:29:38,18.25,50,8000
20240202,12:29:55,17.85,100,8300
20240202,12:30:04,18.3,50,8300
20240202,12:30:24,18.7,100,8300
20240202,12:30:34,18.85,100,8300
20240202,12:30:54,18.9,100,8300
20240202,12:31:39,20.15,150,8300
20240202,12:31:50,20.5,50,8300
20240202,12:32:10,20.5,50,8300
20240202,12:32:30,19.45,250,8300
20240202,12:32:40,19.5,50,8300
20240202,12:32:49,20.2,300,8750
20240202,12:33:08,20.55,100,8750
20240202,12:33:17,20.9,350,8750
20240202,12:33:27,20.5,50,8750
20240202,12:34:04,19.55,50,8750
20240202,12:34:14,19.2,50,8750
20240202,12:35:06,18.7,250,8750
20240202,12:35:25,19.85,150,8750
20240202,12:35:34,19.9,200,8750
20240202,12:35:53,20.8,150,9100
20240202,12:36:03,21.55,200,9100
20240202,12:36:13,22.0,450,9100
20240202,12:36:22,21.6,50,9100
20240202,12:36:41,21.85,100,9100
20240202,12:36:50,21.55,100,9100
20240202,12:37:09,20.65,100,9100
20240202,12:37:28,21.0,50,9100
20240202,12:37:37,20.25,50,9100
20240202,12:38:14,19.05,100,9100
20240202,12:38:24,19.2,200,9100
20240202,12:38:34,19.2,16400,9100
20240202,12:38:44,19.4,50,25300
20240202,12:38:54,20.0,250,25300
20240202,12:39:03,19.75,300,25300
20240202,12:39:13,19.45,200,25300
20240202,12:39:23,20.5,400,25300
20240202,12:39:32,20.3,200,25300
20240202,12:39:42,20.1,600,25300
20240202,12:39:52,20.05,900,25300
20240202,12:40:02,19.4,1500,25300
20240202,12:40:13,19.3,500,25300
20240202,12:40:24,19.1,1600,25300
20240202,12:40:34,19.3,500,25300
20240202,12:40:45,18.9,200,25300
20240202,12:40:56,19.3,250,25300
20240202,12:41:07,19.55,500,25300
20240202,12:41:17,19.8,250,25300
20240202,12:41:27,20.35,200,25300
20240202,12:41:37,20.4,300,25300
20240202,12:41:46,20.25,100,28200
20240202,12:42:06,19.95,150,28200
20240202,12:42:16,20.5,200,28200
20240202,12:42:36,20.1,150,28200
20240202,12:42:45,20.35,300,28200
20240202,12:42:55,20.35,150,28200
20240202,12:43:05,20.35,300,28200
20240202,12:43:15,20.3,250,28200
20240202,12:43:25,20.25,200,28200
20240202,12:43:44,20.15,150,28200
20240202,12:43:54,20.5,200,28200
20240202,12:44:04,20.5,250,28200
20240202,12:44:13,20.1,1750,28200
20240202,12:44:42,20.15,400,28200
20240202,12:44:51,20.0,50,28250
20240202,12:45:01,19.85,250,28250
20240202,12:45:15,19.95,50,28250
20240202,12:45:30,20.4,250,28250
20240202,12:45:31,20.4,850,28250
20240202,12:45:35,20.45,100,28250
20240202,12:45:38,20.35,100,28250
20240202,12:45:41,20.45,50,28250
20240202,12:45:50,20.45,150,28250
20240202,12:46:08,20.35,50,28250
20240202,12:46:15,20.4,500,28250
20240202,12:46:45,21.0,900,28250
20240202,12:46:53,20.95,100,28250
20240202,12:46:55,21.0,100,28250
20240202,12:47:01,21.1,50,28250
20240202,12:47:11,21.35,400,28250
20240202,12:47:16,21.6,200,28250
20240202,12:47:21,21.25,50,28250
20240202,12:47:28,20.85,50,28250
20240202,12:47:31,20.7,200,28250
20240202,12:47:38,20.95,150,28250
20240202,12:47:40,21.15,100,28250
20240202,12:47:43,21.25,100,28100
20240202,12:48:00,21.6,150,28100
20240202,12:48:11,21.4,50,28100
20240202,12:48:18,21.55,100,28100
20240202,12:48:19,21.7,150,28100
20240202,12:48:21,21.8,50,28100
20240202,12:48:38,22.05,150,28100
20240202,12:48:41,22.1,600,28100
20240202,12:48:46,22.1,50,28100
20240202,12:48:49,22.2,150,28100
20240202,12:48:51,22.2,50,28100
20240202,12:48:58,21.85,50,28100
20240202,12:48:59,21.85,50,28100
20240202,12:49:04,21.55,550,28100
20240202,12:49:06,21.65,100,28100
20240202,12:49:18,22.45,50,28100
20240202,12:49:19,22.45,150,28100
20240202,12:49:21,22.45,50,28100
20240202,12:49:28,22.45,100,28100
20240202,12:49:33,22.45,50,28100
20240202,12:49:36,22.0,300,28100
20240202,12:49:41,22.1,50,28100
20240202,12:50:05,22.25,150,28100
20240202,12:50:13,22.5,50,28100
20240202,12:50:18,22.75,150,28100
20240202,12:50:25,23.0,50,28100
20240202,12:50:31,23.3,250,28100
20240202,12:50:35,23.4,300,28100
20240202,12:50:36,23.4,50,28100
20240202,12:50:38,23.4,950,28100
20240202,12:50:41,22.95,50,28100
20240202,12:50:58,22.55,150,26800
20240202,12:51:01,22.55,50,26800
20240202,12:51:03,22.35,650,26800
20240202,12:51:10,22.05,150,26800
20240202,12:51:35,21.4,300,26800
20240202,12:51:36,21.5,150,26800
20240202,12:51:45,21.45,100,26800
20240202,12:51:46,21.15,50,26800
20240202,12:51:58,20.9,150,26800
20240202,12:52:00,20.9,350,26800
20240202,12:53:02,21.2,250,26800
20240202,12:53:11,21.25,550,26800
20240202,12:53:20,20.8,450,26800
20240202,12:53:30,20.8,50,26800
20240202,12:53:39,20.55,50,26800
20240202,12:53:48,20.85,250,26800
20240202,12:53:57,21.2,250,26700
20240202,12:54:06,20.7,150,26700
20240202,12:54:15,20.5,800,26700
20240202,12:54:24,20.7,200,26700
20240202,12:54:33,20.6,250,26700
20240202,12:54:43,21.0,50,26700
20240202,12:54:52,20.8,300,26700
20240202,12:55:00,20.85,500,26700
20240202,12:55:27,20.85,150,26700
20240202,12:55:44,20.85,150,26700
20240202,12:56:01,20.8,550,26700
20240202,12:56:35,20.45,300,26700
20240202,12:56:44,20.55,50,26700
20240202,12:57:11,20.95,50,25650
20240202,12:57:45,20.85,100,25650
20240202,12:58:09,20.8,50,25650
20240202,12:58:14,20.9,1200,25650
20240202,12:58:22,21.05,50,25650
20240202,12:58:29,21.3,500,25650
20240202,12:58:37,21.4,500,25650
20240202,12:58:41,21.35,50,25650
20240202,12:58:42,21.2,50,25650
20240202,12:59:27,21.65,150,25650
20240202,12:59:35,21.65,100,25650
20240202,13:00:17,22.35,100,25600
20240202,13:00:26,22.7,100,25600
20240202,13:00:43,22.5,100,25600
20240202,13:01:18,21.55,100,25600
20240202,13:01:37,21.5,300,25600
20240202,13:01:39,21.6,50,25600
20240202,13:01:46,21.35,150,25600
20240202,13:02:25,21.0,50,25600
20240202,13:02:27,20.95,100,25600
20240202,13:02:43,20.8,50,25650
20240202,13:02:52,20.75,50,25650
20240202,13:03:40,20.5,100,25650
20240202,13:04:51,20.6,200,25650
20240202,13:05:17,20.8,50,25650
20240202,13:05:51,21.35,100,25650
20240202,13:06:07,21.25,300,25550
20240202,13:07:05,20.9,50,25550
20240202,13:07:22,20.8,200,25550
20240202,13:07:38,20.8,50,25550
20240202,13:07:55,20.85,100,25550
20240202,13:09:09,21.4,250,25350
20240202,13:09:25,22.1,200,25350
20240202,13:09:34,21.8,150,25350
20240202,13:10:25,21.65,50,25350
20240202,13:11:24,21.85,50,25350
20240202,13:11:49,22.15,50,25050
20240202,13:11:57,22.3,450,25050
20240202,13:12:06,22.15,250,25050
20240202,13:13:53,23.05,150,25050
20240202,13:14:02,23.3,100,25050
20240202,13:14:20,23.75,50,25050
20240202,13:14:29,23.75,50,25050
20240202,13:14:48,24.35,50,25250
20240202,13:14:57,24.4,550,25250
20240202,13:15:23,25.65,150,25250
20240202,13:15:32,25.95,150,25250
20240202,13:15:41,26.1,200,25250
20240202,13:15:51,27.15,50,25250
20240202,13:16:09,27.15,500,25250
20240202,13:16:19,25.85,50,25250
20240202,13:16:28,26.05,50,25250
20240202,13:17:26,24.6,300,25250
20240202,13:17:35,24.5,200,25250
20240202,13:18:21,24.8,50,25350
20240202,13:18:39,24.6,50,25350
20240202,13:18:56,23.85,50,25350
20240202,13:19:05,23.7,50,25350
20240202,13:19:15,24.05,50,25350
20240202,13:19:59,23.65,250,25350
20240202,13:20:08,24.05,50,25350
20240202,13:20:16,24.5,50,25350
20240202,13:20:24,24.7,500,25350
20240202,13:21:04,25.4,100,25050
20240202,13:21:12,25.35,50,25050
20240202,13:21:21,25.0,250,25050
20240202,13:22:01,25.5,250,25050
20240202,13:22:08,25.9,100,25050
20240202,13:22:45,26.0,50,25050
20240202,13:23:09,25.35,100,25050
20240202,13:24:03,25.85,50,25000
20240202,13:24:10,26.0,250,25000
20240202,13:24:17,26.3,50,25000
20240202,13:24:56,27.15,100,25000
20240202,13:25:04,27.0,100,25000
20240202,13:25:12,27.3,100,25000
20240202,13:25:27,27.55,50,25000
20240202,13:25:43,27.75,50,25000
20240202,13:26:02,29.1,100,25000
20240202,13:26:12,29.1,50,25000
20240202,13:26:20,28.05,200,25000
20240202,13:26:29,27.65,250,25000
20240202,13:26:54,26.85,50,25100
20240202,13:27:02,27.35,50,25100
20240202,13:27:10,27.15,150,25100
20240202,13:27:18,27.85,100,25100
20240202,13:27:40,27.8,50,25100
20240202,13:27:55,28.05,350,25100
20240202,13:28:03,27.4,100,25100
20240202,13:28:25,27.35,50,25100
20240202,13:28:41,26.2,50,25100
20240202,13:28:49,26.3,250,25100
20240202,13:29:06,25.75,100,25100
20240202,13:29:15,25.8,100,25100
20240202,13:29:31,25.45,50,25100
20240202,13:30:04,26.15,50,25250
20240202,13:30:12,26.4,250,25250
20240202,13:30:19,26.75,50,25250
20240202,13:30:35,26.6,100,25250
20240202,13:30:43,26.45,250,25250
20240202,13:31:06,26.7,50,25250
20240202,13:31:14,27.2,100,25250
20240202,13:31:29,27.2,200,25250
20240202,13:32:00,28.35,600,25250
20240202,13:32:08,27.85,50,25250
20240202,13:32:15,28.15,50,25250
20240202,13:32:38,28.3,250,25250
20240202,13:32:48,28.9,250,25250
20240202,13:33:19,28.5,1650,24800
20240202,13:33:42,28.1,50,24800
20240202,13:34:05,27.3,200,24800
20240202,13:34:14,27.2,250,24800
20240202,13:35:09,27.3,100,24800
20240202,13:35:17,27.0,50,24800
20240202,13:35:42,26.25,100,24800
20240202,13:35:51,25.8,300,25150
20240202,13:36:00,25.7,400,25150
20240202,13:36:07,26.15,100,25150
20240202,13:37:06,26.0,50,25150
20240202,13:37:45,25.45,50,25150
20240202,13:40:09,22.5,150,24800
20240202,13:40:28,23.35,50,24800
20240202,13:40:37,23.1,100,24800
20240202,13:40:54,23.75,100,24800
20240202,13:41:34,24.65,200,24800
20240202,13:42:06,24.2,250,24900
20240202,13:42:38,24.1,450,24900
20240202,13:43:24,25.0,300,24900
20240202,13:44:10,24.15,50,24900
20240202,13:44:18,24.8,50,24900
20240202,13:45:03,24.45,50,24900
20240202,13:45:16,24.1,50,24900
20240202,13:45:58,23.8,150,24900
20240202,13:46:06,23.7,50,24900
20240202,13:47:01,22.95,50,24900
20240202,13:47:08,23.0,250,24900
20240202,13:49:05,24.0,400,24950
20240202,13:50:05,24.7,150,24950
20240202,13:51:05,25.15,50,24800
20240202,13:52:26,23.45,1650,24800
20240202,13:53:10,23.8,150,24800
20240202,13:53:24,23.7,100,24800
20240202,13:55:31,22.6,100,24200
20240202,13:55:38,22.8,50,24200
20240202,13:55:59,22.85,50,24200
20240202,13:57:20,23.25,50,24100
20240202,13:59:26,22.3,100,24100
20240202,14:01:06,23.35,50,24050
20240202,14:01:13,23.3,100,24050
20240202,14:01:47,23.0,150,24050
20240202,14:02:24,22.0,100,24050
20240202,14:02:33,21.8,550,24050
20240202,14:03:14,22.35,100,24300
20240202,14:03:39,22.35,1050,24300
20240202,14:03:46,22.15,50,24300
20240202,14:04:37,22.1,50,24300
20240202,14:05:14,22.05,50,24300
20240202,14:05:29,21.6,50,24300
20240202,14:05:50,21.1,100,24300
20240202,14:06:21,21.2,500,23900
20240202,14:06:49,21.35,50,23900
20240202,14:07:09,20.9,100,23900
20240202,14:07:17,20.85,200,23900
20240202,14:07:40,20.65,200,23900
20240202,14:07:47,20.7,500,23900
20240202,14:08:43,20.65,150,23900
20240202,14:08:58,20.25,100,24150
20240202,14:10:21,20.25,100,24150
20240202,14:10:39,20.4,50,24150
20240202,14:10:48,20.5,500,24150
20240202,14:10:57,20.75,150,24150
20240202,14:11:05,20.75,100,24150
20240202,14:11:54,21.15,50,24450
20240202,14:14:24,21.5,50,24450
20240202,14:14:40,21.05,100,24450
20240202,14:14:57,21.0,50,24450
20240202,14:15:30,21.5,100,24450
20240202,14:15:37,21.6,50,24450
20240202,14:15:51,21.7,400,24450
20240202,14:16:05,21.8,50,24450
20240202,14:17:27,21.0,50,24450
20240202,14:17:35,21.15,250,24450
20240202,14:18:17,21.15,250,24100
20240202,14:19:11,22.2,900,24100
20240202,14:20:02,22.0,50,24100
20240202,14:20:55,22.2,50,24950
20240202,14:21:09,21.8,50,24950
20240202,14:22:58,22.1,50,24950
20240202,14:23:47,22.05,200,24950
20240202,14:24:58,21.2,150,24750
20240202,14:25:06,21.1,250,24750
20240202,14:25:13,21.05,200,24750
20240202,14:26:00,20.65,100,24750
20240202,14:26:09,20.7,100,24750
20240202,14:27:48,21.6,50,25050
20240202,14:28:09,21.45,100,25050
20240202,14:28:23,21.75,100,25050
20240202,14:28:44,21.95,200,25050
20240202,14:29:04,21.95,50,25050
20240202,14:29:24,22.1,50,25050
20240202,14:29:38,21.95,250,25050
20240202,14:30:09,21.9,50,25000
20240202,14:30:14,22.05,100,25000
20240202,14:31:06,21.5,50,25000
20240202,14:31:12,21.45,200,25000
20240202,14:31:30,21.45,200,25000
20240202,14:31:51,21.15,50,25000
20240202,14:31:58,21.1,50,25000
20240202,14:32:31,21.6,50,25000
20240202,14:33:17,21.1,200,25200
20240202,14:34:05,21.1,50,25200
20240202,14:34:11,21.25,100,25200
20240202,14:34:17,21.3,100,25200
20240202,14:34:37,20.95,100,25200
20240202,14:35:29,21.2,50,25200
20240202,14:36:01,20.85,100,25200
20240202,14:36:13,20.6,50,25200
20240202,14:39:23,20.1,150,25350
20240202,14:39:42,20.25,100,25350
20240202,14:40:18,20.1,50,25350
20240202,14:41:44,19.85,200,25350
20240202,14:44:06,18.4,100,25050
20240202,14:44:28,18.4,1100,25050
20240202,14:44:48,18.4,50,25050
20240202,14:44:55,18.4,50,25050
20240202,14:45:01,18.35,50,24200
20240202,14:45:18,18.35,50,24200
20240202,14:45:30,18.15,100,24200
20240202,14:45:37,18.2,100,24200
20240202,14:46:02,18.7,100,24200
20240202,14:47:00,18.9,50,24200
20240202,14:48:24,19.0,50,24100
20240202,14:49:20,18.85,50,24100
20240202,14:50:18,18.7,50,24100
20240202,14:50:49,19.2,100,24100
20240202,14:50:57,19.25,100,24100
20240202,14:51:11,19.7,50,24200
20240202,14:52:00,19.95,50,24200
20240202,14:52:22,20.0,50,24200
20240202,14:52:47,20.2,50,24200
20240202,14:52:54,20.35,300,24200
20240202,14:53:03,20.75,300,24200
20240202,14:53:18,20.55,150,24200
20240202,14:53:25,20.7,100,24200
20240202,14:53:34,20.95,200,24200
20240202,14:53:43,20.95,100,24200
20240202,14:54:02,21.55,350,24500
20240202,14:54:11,21.05,100,24500
20240202,14:54:27,20.85,100,24500
20240202,14:54:43,21.45,200,24500
20240202,14:54:58,21.55,100,24500
20240202,14:55:13,21.65,50,24500
20240202,14:55:39,22.65,50,24500
20240202,14:55:48,22.15,50,24500
20240202,14:55:56,22.1,100,24500
20240202,14:56:05,22.1,200,24500
20240202,14:56:14,21.9,150,24500
20240202,14:56:24,22.2,200,24500
20240202,14:56:33,22.25,400,24500
20240202,14:56:43,22.6,150,24500
20240202,14:56:53,22.75,100,24500
20240202,14:57:02,23.25,450,25100
20240202,14:57:12,23.45,150,25100
20240202,14:57:21,23.25,300,25100
20240202,14:57:30,23.25,150,25100
20240202,14:57:49,24.0,50,25100
20240202,14:58:26,24.0,100,25100
20240202,14:58:36,23.4,150,25100
20240202,14:59:13,24.0,50,25100
20240202,14:59:22,23.95,50,25100
20240202,14:59:48,23.6,150,25100
20240202,15:00:06,23.05,50,25050
20240202,15:00:26,21.15,300,25050
20240202,15:00:36,20.75,200,25050
20240202,15:01:06,21.45,200,25050
20240202,15:01:15,21.35,100,25050
20240202,15:01:35,21.25,100,25050
20240202,15:01:44,21.85,100,25050
20240202,15:01:53,21.75,100,25050
20240202,15:02:40,23.55,250,25050
20240202,15:02:50,22.95,200,25050
20240202,15:03:07,23.4,150,24950
20240202,15:03:54,23.15,200,24950
20240202,15:04:03,23.55,100,24950
20240202,15:04:12,23.5,100,24950
20240202,15:04:22,23.25,100,24950
20240202,15:04:48,23.3,50,24950
20240202,15:05:05,22.5,250,24950
20240202,15:05:23,22.4,50,24950
20240202,15:06:51,21.0,50,25550
20240202,15:07:18,20.6,50,25550
20240202,15:08:13,20.75,400,25550
20240202,15:08:23,21.0,150,25550
20240202,15:09:27,20.9,50,25050
20240202,15:10:29,21.4,50,25050
20240202,15:10:38,21.65,200,25050
20240202,15:10:47,21.55,100,25050
20240202,15:12:33,21.05,50,25150
20240202,15:12:41,21.3,150,25150
20240202,15:12:59,21.25,50,25150
20240202,15:13:26,21.9,50,25150
20240202,15:13:52,21.6,50,25150
20240202,15:14:27,21.5,50,25150
20240202,15:14:44,21.95,50,25150
20240202,15:14:54,22.2,50,25150
20240202,15:15:31,22.8,50,25200
20240202,15:16:08,22.65,250,25200
20240202,15:16:34,22.4,50,25200
20240202,15:16:43,22.15,50,25200
20240202,15:16:51,22.1,50,25200
20240202,15:17:00,22.15,300,25200
20240202,15:17:09,22.2,50,25200
20240202,15:17:18,22.05,50,25200
20240202,15:17:27,22.3,150,25200
20240202,15:18:21,22.25,50,25200
20240202,15:18:48,22.25,50,25250
20240202,15:20:14,22.4,50,25250
20240202,15:20:23,22.3,250,25250
20240202,15:22:29,22.95,50,25400
20240202,15:22:37,22.5,50,25400
20240202,15:23:41,22.55,50,25400
20240202,15:23:49,22.65,50,25400
20240202,15:25:12,22.65,50,25500
20240202,15:26:53,22.35,50,25500
20240202,15:27:18,22.55,50,25500
20240202,15:27:34,22.25,50,25500
20240202,15:28:12,21.8,250,25500
20240202,15:28:20,21.75,50,25500
20240202,15:28:28,21.75,50,25500
20240205,09:15:08,21.75,1,25350
20240205,09:15:08,21.75,50,25350
20240205,09:15:20,31.75,650,25350
20240205,09:16:17,22.6,50,25650
20240205,09:16:26,23.7,1050,25650
20240205,09:16:44,24.05,150,25650
20240205,09:16:55,23.8,750,25650
20240205,09:17:04,23.9,100,25650
20240205,09:17:13,23.9,1150,25650
20240205,09:17:21,24.1,200,25650
20240205,09:17:31,24.6,300,25650
20240205,09:17:40,24.65,100,25650
20240205,09:17:48,25.05,350,25650
20240205,09:18:05,25.15,50,25650
20240205,09:18:07,25.4,50,25650
20240205,09:18:18,25.55,100,25650
20240205,09:18:20,25.35,100,25650
20240205,09:18:22,25.55,100,25650
20240205,09:18:27,25.6,150,25650
20240205,09:18:37,26.0,500,25650
20240205,09:18:43,25.6,50,25650
20240205,09:18:58,26.25,200,25650
20240205,09:19:00,26.5,50,25650
20240205,09:19:03,26.25,50,25650
20240205,09:19:13,26.15,450,27250
20240205,09:19:26,26.6,100,27250
20240205,09:19:33,26.9,50,27250
20240205,09:19:38,27.0,100,27250
20240205,09:19:39,27.05,50,27250
20240205,09:19:41,27.2,250,27250
20240205,09:19:44,26.85,250,27250
20240205,09:19:46,27.15,250,27250
20240205,09:19:54,26.95,250,27250
20240205,09:19:56,26.8,200,27250
20240205,09:19:59,26.6,100,27250
20240205,09:20:01,26.15,50,27250
20240205,09:20:04,25.7,400,27250
20240205,09:20:11,25.95,200,27250
20240205,09:20:16,26.1,50,27250
20240205,09:20:21,26.15,50,27250
20240205,09:20:22,25.95,100,27250
20240205,09:20:34,25.55,150,27250
20240205,09:20:36,25.6,50,27250
20240205,09:20:37,25.4,550,27250
20240205,09:20:41,25.8,100,27250
20240205,09:20:42,25.45,100,27250
20240205,09:20:49,25.1,200,27250
20240205,09:20:51,25.25,150,27250
20240205,09:20:54,25.15,100,27250
20240205,09:20:56,25.1,200,27250
20240205,09:20:57,25.4,100,27250
20240205,09:21:01,25.55,200,27250
20240205,09:21:03,25.25,1350,27250
20240205,09:21:09,24.9,300,27250
20240205,09:21:14,24.75,50,27250
20240205,09:21:16,25.0,50,27250
20240205,09:21:17,25.0,650,27250
20240205,09:21:19,24.95,50,27250
20240205,09:21:21,25.3,100,27250
20240205,09:21:22,25.15,350,27250
20240205,09:21:24,25.05,150,27250
20240205,09:21:31,25.45,50,27250
20240205,09:21:37,25.75,150,27250
20240205,09:21:52,26.45,1200,27250
20240205,09:21:56,26.25,100,27250
20240205,09:21:57,26.1,200,27250
20240205,09:22:04,25.8,350,27250
20240205,09:22:11,25.75,50,27250
20240205,09:22:12,25.9,50,25250
20240205,09:22:19,26.2,100,25250
20240205,09:22:22,25.9,200,25250
20240205,09:22:24,26.05,50,25250
20240205,09:22:37,26.05,200,25250
20240205,09:22:41,25.75,50,25250
20240205,09:22:42,25.65,50,25250
20240205,09:22:44,25.65,250,25250
20240205,09:22:47,25.6,50,25250
20240205,09:22:49,25.7,50,25250
20240205,09:22:59,25.85,50,25250
20240205,09:23:01,26.0,50,25250
20240205,09:23:06,25.65,100,25250
20240205,09:23:07,25.5,250,25250
20240205,09:23:17,25.5,100,25250
20240205,09:23:26,25.3,100,25250
20240205,09:23:32,25.0,50,25250
20240205,09:23:34,24.9,300,25250
20240205,09:23:44,24.6,250,25250
20240205,09:23:47,24.65,300,25250
20240205,09:23:51,24.55,50,25250
20240205,09:24:04,24.35,50,25250
20240205,09:24:11,24.6,450,25250
20240205,09:24:14,24.65,50,25250
20240205,09:24:18,24.4,400,25250
20240205,09:24:19,24.4,100,25250
20240205,09:24:28,24.4,50,25250
20240205,09:24:48,24.0,50,25250
20240205,09:25:06,23.65,50,25250
20240205,09:25:14,23.6,50,25250
20240205,09:25:17,23.35,50,25600
20240205,09:25:24,23.4,250,25600
20240205,09:25:39,23.5,400,25600
20240205,09:25:53,23.1,250,25600
20240205,09:25:56,22.6,100,25600
20240205,09:26:03,22.7,50,25600
20240205,09:26:18,22.3,300,25600
20240205,09:26:24,21.9,100,25600
20240205,09:26:41,22.0,400,25600
20240205,09:26:49,21.55,150,25600
20240205,09:26:53,21.55,100,25600
20240205,09:26:58,21.55,200,25600
20240205,09:27:15,21.85,50,25600
20240205,09:27:18,21.7,50,25600
20240205,09:27:38,21.8,50,25600
20240205,09:27:45,21.9,200,25600
20240205,09:28:05,22.05,350,25600
20240205,09:28:25,22.2,250,25600
20240205,09:28:43,22.5,50,25750
20240205,09:28:55,23.0,150,25750
20240205,09:29:08,23.05,1750,25750
20240205,09:29:11,22.7,200,25750
20240205,09:29:15,22.55,100,25750
20240205,09:29:16,22.5,200,25750
20240205,09:29:23,22.5,50,25750
20240205,09:29:28,22.45,50,25750
20240205,09:29:46,22.35,50,25750
20240205,09:29:48,22.1,150,25750
20240205,09:29:50,22.1,50,25750
20240205,09:30:08,22.5,200,25750
20240205,09:30:11,22.6,50,25750
20240205,09:30:16,22.8,50,25750
20240205,09:30:26,23.2,1600,25750
20240205,09:30:31,23.4,50,25750
20240205,09:30:36,23.5,450,25750
20240205,09:30:38,23.7,250,25750
20240205,09:30:39,23.75,50,25750
20240205,09:30:41,23.85,450,25750
20240205,09:30:43,23.8,2750,25750
20240205,09:30:44,23.85,200,25750
20240205,09:30:46,23.8,600,25750
20240205,09:30:52,23.75,400,25750
20240205,09:30:54,23.75,50,25750
20240205,09:31:16,23.7,50,24450
20240205,09:31:19,23.4,50,24450
20240205,09:31:42,23.4,50,24450
20240205,09:32:06,23.1,50,24450
20240205,09:32:14,23.4,50,24450
20240205,09:32:22,23.55,50,24450
20240205,09:32:27,23.55,50,24450
20240205,09:32:29,23.8,100,24450
20240205,09:32:34,23.65,50,24450
20240205,09:32:46,23.65,50,24450
20240205,09:33:06,23.95,50,24450
20240205,09:33:08,23.9,100,24450
20240205,09:33:13,24.1,50,24450
20240205,09:33:19,24.1,50,24450
20240205,09:33:21,23.9,50,24450
20240205,09:33:26,23.95,50,24450
20240205,09:33:49,23.55,100,24450
20240205,09:33:56,23.55,50,24450
20240205,09:34:01,23.55,50,24450
20240205,09:34:07,23.75,100,24450
20240205,09:34:16,23.7,250,24450
20240205,09:34:24,23.5,50,24850
20240205,09:34:31,23.7,50,24850
20240205,09:34:53,23.95,50,24850
20240205,09:35:04,24.05,50,24850
20240205,09:35:06,23.8,50,24850
20240205,09:35:07,23.85,100,24850
20240205,09:35:09,23.55,100,24850
20240205,09:35:17,24.15,50,24850
20240205,09:35:22,24.35,50,24850
20240205,09:35:24,24.2,150,24850
20240205,09:35:26,24.0,150,24850
20240205,09:35:32,23.7,50,24850
20240205,09:35:42,23.75,100,24850
20240205,09:35:55,23.45,100,24850
20240205,09:36:05,23.65,50,24850
20240205,09:36:10,23.95,50,24850
20240205,09:36:21,24.1,50,24850
20240205,09:36:23,23.95,150,24850
20240205,09:36:25,23.8,50,24850
20240205,09:36:26,23.7,50,24850
20240205,09:37:05,23.5,50,24850
20240205,09:37:10,23.4,200,24850
20240205,09:37:15,23.25,100,24300
20240205,09:37:48,22.6,1550,24300
20240205,09:37:56,22.45,50,24300
20240205,09:38:03,22.55,50,24300
20240205,09:38:45,22.25,100,24300
20240205,09:38:55,22.55,50,24300
20240205,09:39:24,22.4,50,24300
20240205,09:40:19,21.7,50,24050
20240205,09:40:28,21.8,200,24050
20240205,09:40:43,21.8,6600,24050
20240205,09:40:45,21.8,2450,24050
20240205,09:40:48,21.75,800,24050
20240205,09:40:51,21.75,50,24050
20240205,09:40:53,21.8,450,24050
20240205,09:41:05,21.8,100,24050
20240205,09:41:07,21.8,350,24050
20240205,09:41:09,21.8,50,24050
20240205,09:41:10,21.8,3850,24050
20240205,09:41:12,21.8,550,24050
20240205,09:41:14,21.8,400,24050
20240205,09:41:15,21.8,6950,24050
20240205,09:41:17,21.8,1150,24050
20240205,09:41:18,21.8,250,24050
20240205,09:41:20,21.8,1500,24050
20240205,09:41:23,21.95,150,24050
20240205,09:41:27,21.95,150,24050
20240205,09:41:40,22.45,100,24050
20240205,09:41:42,22.45,50,24050
20240205,09:41:43,22.35,50,24050
20240205,09:41:52,22.45,350,24050
20240205,09:41:53,22.65,100,24050
20240205,09:41:55,22.6,100,24050
20240205,09:42:03,22.45,50,24050
20240205,09:42:06,22.55,50,24050
20240205,09:42:08,22.6,50,24050
20240205,09:42:18,22.65,100,24050
20240205,09:42:28,22.4,100,24050
20240205,09:42:33,22.35,150,24050
20240205,09:42:36,22.25,100,24050
20240205,09:42:45,22.05,100,24050
20240205,09:42:46,22.1,50,24050
20240205,09:43:05,21.95,50,24050
20240205,09:43:06,22.0,50,24050
20240205,09:43:08,21.95,250,24050
20240205,09:43:10,22.05,50,24050
20240205,09:43:11,22.15,100,24050
20240205,09:43:15,22.1,100,24050
20240205,09:43:16,21.95,100,24050
20240205,09:43:26,22.15,50,45150
20240205,09:43:35,21.95,250,45150
20240205,09:43:38,22.2,50,45150
20240205,09:43:45,22.3,250,45150
20240205,09:43:53,22.65,50,45150
20240205,09:44:03,22.85,50,45150
20240205,09:44:18,22.75,350,45150
20240205,09:44:21,22.85,50,45150
20240205,09:44:34,22.7,100,45150
20240205,09:44:43,22.75,100,45150
20240205,09:45:01,22.65,50,45150
20240205,09:45:04,22.65,50,45150
20240205,09:45:08,22.8,50,45150
20240205,09:45:21,22.9,950,45150
20240205,09:45:24,22.8,100,45150
20240205,09:45:38,22.45,50,45150
20240205,09:45:41,22.45,50,45150
20240205,09:45:44,22.6,50,45150
20240205,09:46:01,22.4,50,45150
20240205,09:46:16,22.3,300,45100
20240205,09:46:19,22.15,50,45100
20240205,09:46:21,22.1,50,45100
20240205,09:46:24,22.2,100,45100
20240205,09:46:26,22.2,50,45100
20240205,09:47:04,22.15,1050,45100
20240205,09:47:52,22.1,100,45100
20240205,09:48:02,22.0,50,45100
20240205,09:48:17,21.45,200,45100
20240205,09:48:37,20.95,250,45100
20240205,09:48:39,20.95,50,45100
20240205,09:49:00,21.0,200,45100
20240205,09:49:39,21.05,50,45300
20240205,09:49:47,20.85,150,45300
20240205,09:49:49,20.8,350,45300
20240205,09:49:54,20.8,100,45300
20240205,09:49:56,20.75,100,45300
20240205,09:49:59,20.7,400,45300
20240205,09:50:01,20.7,50,45300
20240205,09:50:02,20.7,500,45300
20240205,09:50:07,20.7,50,45300
20240205,09:50:09,20.9,50,45300
20240205,09:50:21,20.8,100,45300
20240205,09:50:22,20.9,100,45300
20240205,09:50:27,20.75,50,45300
20240205,09:50:29,20.9,250,45300
20240205,09:50:31,20.8,250,45300
20240205,09:50:37,21.05,150,45300
20240205,09:50:59,20.65,50,45300
20240205,09:51:00,20.5,50,45300
20240205,09:51:02,20.5,450,45300
20240205,09:51:05,20.7,50,45300
20240205,09:51:07,20.95,100,45300
20240205,09:51:09,20.9,50,45300
20240205,09:51:14,20.8,50,45300
20240205,09:51:19,20.7,300,45300
20240205,09:51:22,20.7,100,45300
20240205,09:51:51,20.5,200,45300
20240205,09:51:52,20.55,200,45300
20240205,09:52:04,20.7,350,45300
20240205,09:52:42,20.35,50,45250
20240205,09:52:47,20.35,1050,45250
20240205,09:53:01,20.35,150,45250
20240205,09:53:09,20.25,150,45250
20240205,09:53:24,20.15,300,45250
20240205,09:53:33,20.15,50,45250
20240205,09:53:41,20.3,100,45250
20240205,09:53:48,20.55,900,45250
20240205,09:53:56,20.6,1100,45250
20240205,09:54:02,20.65,250,45250
20240205,09:54:04,20.55,250,45250
20240205,09:54:06,20.4,150,45250
20240205,09:54:11,20.6,250,45250
20240205,09:54:17,20.75,100,45250
20240205,09:54:22,20.75,100,45250
20240205,09:54:32,20.75,150,45250
20240205,09:54:36,20.55,100,45250
20240205,09:55:02,20.4,50,45250
20240205,09:55:17,20.7,150,45550
20240205,09:55:43,20.95,100,45550
20240205,09:55:53,21.05,150,45550
20240205,09:55:57,21.15,350,45550
20240205,09:56:02,20.95,100,45550
20240205,09:56:15,20.75,50,45550
20240205,09:56:57,21.0,500,45550
20240205,09:57:28,21.05,50,45550
20240205,09:57:41,21.3,50,45550
20240205,09:58:00,21.1,50,45550
20240205,09:58:05,21.05,100,45550
20240205,09:58:18,20.75,100,45700
20240205,09:58:42,20.95,150,45700
20240205,09:58:56,20.7,50,45700
20240205,09:59:01,20.75,800,45700
20240205,09:59:11,20.8,50,45700
20240205,09:59:36,21.05,50,45700
20240205,09:59:55,20.95,150,45700
20240205,09:59:56,20.9,250,45700
20240205,10:00:08,20.75,400,45700
20240205,10:00:14,20.8,2000,45700
20240205,10:01:31,20.75,100,45800
20240205,10:01:32,20.8,50,45800
20240205,10:01:34,20.7,200,45800
20240205,10:01:57,20.2,50,45800
20240205,10:01:59,20.15,150,45800
20240205,10:02:02,20.2,150,45800
20240205,10:02:07,20.3,50,45800
20240205,10:02:24,20.5,250,45800
20240205,10:02:44,20.6,50,45800
20240205,10:03:28,21.2,100,45800
20240205,10:03:36,21.1,50,45800
20240205,10:03:43,21.2,100,45800
20240205,10:03:49,21.3,100,45800
20240205,10:03:56,20.95,50,45800
20240205,10:04:02,20.95,50,45800
20240205,10:04:12,21.5,100,45800
20240205,10:04:17,21.6,50,45800
20240205,10:04:18,21.6,850,45950
20240205,10:04:20,21.65,50,45950
20240205,10:04:22,21.75,200,45950
20240205,10:04:23,21.6,300,45950
20240205,10:04:25,21.5,50,45950
20240205,10:04:45,21.7,50,45950
20240205,10:04:59,21.85,50,45950
20240205,10:05:00,21.8,50,45950
20240205,10:05:07,21.75,100,45950
20240205,10:05:18,21.85,50,45950
20240205,10:05:27,21.4,50,45950
20240205,10:05:43,21.0,100,45950
20240205,10:05:57,20.75,50,45950
20240205,10:06:10,20.75,100,45950
20240205,10:06:21,21.5,450,45950
20240205,10:06:30,21.5,250,45950
20240205,10:06:40,21.35,100,45950
20240205,10:06:58,21.4,250,45950
20240205,10:07:03,21.25,100,45950
20240205,10:07:08,21.35,50,45950
20240205,10:07:13,21.1,50,45950
20240205,10:07:14,21.2,50,45950
20240205,10:07:18,21.0,200,45500
20240205,10:07:34,20.85,100,45500
20240205,10:07:39,20.95,100,45500
20240205,10:07:49,20.65,250,45500
20240205,10:07:50,20.75,100,45500
20240205,10:07:52,20.85,100,45500
20240205,10:08:25,20.9,150,45500
20240205,10:08:27,21.0,300,45500
20240205,10:09:01,20.75,50,45500
20240205,10:09:17,20.5,100,45500
20240205,10:09:40,20.45,50,45500
20240205,10:10:27,20.35,100,44900
20240205,10:10:29,20.55,50,44900
20240205,10:11:41,21.05,50,44900
20240205,10:11:51,21.05,50,44900
20240205,10:12:02,21.1,50,44900
20240205,10:12:11,21.05,250,44900
20240205,10:12:28,21.25,100,44900
20240205,10:12:38,21.2,50,44900
20240205,10:12:48,21.0,100,44900
20240205,10:12:57,21.0,100,44900
20240205,10:13:01,20.85,100,44900
20240205,10:13:05,20.9,250,44900
20240205,10:13:35,20.9,50,45100
20240205,10:13:36,20.85,50,45100
20240205,10:13:38,20.9,250,45100
20240205,10:13:43,20.95,150,45100
20240205,10:13:50,21.1,100,45100
20240205,10:13:53,21.05,50,45100
20240205,10:14:01,21.0,300,45100
20240205,10:14:16,21.0,200,45100
20240205,10:14:31,20.6,50,45100
20240205,10:14:35,20.6,50,45100
20240205,10:14:58,21.25,50,45100
20240205,10:14:59,21.2,50,45100
20240205,10:15:09,20.95,100,45100
20240205,10:15:19,20.95,50,45100
20240205,10:15:30,20.7,50,45100
20240205,10:15:32,20.7,100,45100
20240205,10:15:34,20.75,50,45100
20240205,10:15:58,21.3,200,45100
20240205,10:16:12,21.25,1350,45100
20240205,10:17:01,21.4,100,45400
20240205,10:17:03,21.5,100,45400
20240205,10:17:10,21.5,50,45400
20240205,10:17:16,21.6,50,45400
20240205,10:17:18,21.8,50,45400
20240205,10:17:33,22.05,100,45400
20240205,10:17:34,22.15,500,45400
20240205,10:17:37,22.3,50,45400
20240205,10:17:39,22.2,100,45400
20240205,10:17:41,22.2,50,45400
20240205,10:17:47,22.45,50,45400
20240205,10:17:51,22.35,200,45400
20240205,10:17:52,22.5,200,45400
20240205,10:18:00,22.6,200,45400
20240205,10:18:02,22.65,300,45400
20240205,10:18:04,22.7,200,45400
20240205,10:18:05,22.65,150,45400
20240205,10:18:09,22.75,1700,45400
20240205,10:18:10,22.85,100,45400
20240205,10:18:14,22.8,550,45400
20240205,10:18:15,22.95,100,45400
20240205,10:18:20,23.05,50,45400
20240205,10:18:23,23.3,50,45400
20240205,10:18:32,23.9,150,45400
20240205,10:18:33,23.7,150,45400
20240205,10:18:35,23.65,150,45400
20240205,10:18:47,23.5,100,45400
20240205,10:19:00,23.9,150,45400
20240205,10:19:03,23.9,100,45400
20240205,10:19:05,24.15,200,45400
20240205,10:19:06,23.85,4250,45400
20240205,10:19:08,24.2,50,45400
20240205,10:19:10,24.05,450,45400
20240205,10:19:11,23.9,50,45400
20240205,10:19:15,24.0,250,45400
20240205,10:19:16,24.2,400,45400
20240205,10:19:28,24.7,250,45750
20240205,10:19:31,24.75,50,45750
20240205,10:19:35,24.85,50,45750
20240205,10:19:38,24.8,1500,45750
20240205,10:19:46,24.4,50,45750
20240205,10:19:55,24.35,100,45750
20240205,10:19:58,24.9,50,45750
20240205,10:20:03,24.75,50,45750
20240205,10:20:08,25.15,50,45750
20240205,10:20:11,25.4,50,45750
20240205,10:20:13,25.25,50,45750
20240205,10:20:16,25.35,400,45750
20240205,10:20:18,25.0,100,45750
20240205,10:20:20,25.0,400,45750
20240205,10:20:23,24.0,100,45750
20240205,10:20:25,23.8,50,45750
20240205,10:20:26,23.85,4000,45750
20240205,10:20:28,24.0,550,45750
20240205,10:20:34,24.05,300,45750
20240205,10:20:36,23.95,50,45750
20240205,10:20:39,23.35,50,45750
20240205,10:20:46,23.35,150,45750
20240205,10:20:50,23.15,150,45750
20240205,10:20:51,23.1,50,45750
20240205,10:20:56,23.25,150,45750
20240205,10:20:58,23.5,250,45750
20240205,10:21:04,24.05,100,45750
20240205,10:21:06,24.45,100,45750
20240205,10:21:11,24.45,100,45750
20240205,10:21:21,25.05,50,45750
20240205,10:21:26,24.75,200,45750
20240205,10:21:34,25.05,50,45750
20240205,10:21:43,25.05,150,45750
20240205,10:21:44,25.0,100,45750
20240205,10:21:54,24.4,100,45750
20240205,10:21:56,24.65,100,45750
20240205,10:22:01,24.7,150,45750
20240205,10:22:06,24.4,50,45750
20240205,10:22:08,24.25,100,45750
20240205,10:22:09,23.9,50,45750
20240205,10:22:11,23.8,50,45750
20240205,10:22:14,23.55,250,45750
20240205,10:22:16,23.75,150,45750
20240205,10:22:19,23.55,50,45750
20240205,10:22:31,24.2,350,45300
20240205,10:22:33,24.15,100,45300
20240205,10:22:47,23.8,50,45300
20240205,10:22:49,23.7,300,45300
20240205,10:22:54,23.7,50,45300
20240205,10:22:57,23.4,300,45300
20240205,10:23:14,23.35,150,45300
20240205,10:23:20,23.45,150,45300
20240205,10:24:11,23.35,50,45300
20240205,10:24:34,23.0,150,45300
20240205,10:24:36,22.8,50,45300
20240205,10:24:38,22.9,100,45300
20240205,10:24:41,22.5,200,45300
20240205,10:24:43,22.55,200,45300
20240205,10:24:46,22.45,50,45300
20240205,10:24:48,22.55,50,45300
20240205,10:24:54,22.55,50,45300
20240205,10:24:59,22.6,300,45300
20240205,10:26:09,22.4,50,44800
20240205,10:26:21,22.6,50,44800
20240205,10:26:24,22.25,50,44800
20240205,10:28:14,22.2,100,44800
20240205,10:28:24,21.9,50,44800
20240205,10:28:47,21.85,50,44800
20240205,10:29:10,22.2,200,44800
20240205,10:30:11,22.25,50,44800
20240205,10:30:13,22.05,100,44800
20240205,10:30:18,22.2,50,44800
20240205,10:30:20,22.3,550,44800
20240205,10:31:02,22.9,50,44800
20240205,10:31:14,23.25,50,44800
20240205,10:31:19,23.4,200,44800
20240205,10:31:22,23.55,50,44950
20240205,10:31:27,23.7,100,44950
20240205,10:31:29,23.6,150,44950
20240205,10:31:30,23.55,150,44950
20240205,10:31:32,23.8,200,44950
20240205,10:31:42,23.8,50,44950
20240205,10:32:01,23.8,150,44950
20240205,10:32:02,23.7,100,44950
20240205,10:32:14,23.95,50,44950
20240205,10:32:19,23.95,50,44950
20240205,10:33:35,24.1,50,44950
20240205,10:33:39,24.1,400,44950
20240205,10:34:01,23.5,50,44950
20240205,10:34:40,23.8,50,44600
20240205,10:35:47,24.1,50,44600
20240205,10:36:00,24.0,50,44600
20240205,10:36:17,23.8,250,44600
20240205,10:36:19,23.8,50,44600
20240205,10:36:59,22.95,150,44600
20240205,10:37:00,23.0,150,44600
20240205,10:37:04,23.0,550,44600
20240205,10:37:05,23.1,350,44600
20240205,10:37:07,22.8,500,44600
20240205,10:37:10,23.0,50,44600
20240205,10:37:12,22.85,50,44600
20240205,10:37:14,22.95,300,44600
20240205,10:37:25,22.8,1250,44300
20240205,10:37:33,22.5,1300,44300
20240205,10:37:37,22.5,250,44300
20240205,10:37:40,22.3,200,44300
20240205,10:37:46,22.55,300,44300
20240205,10:37:50,22.85,100,44300
20240205,10:37:51,22.65,50,44300
20240205,10:38:09,22.6,50,44300
20240205,10:38:28,22.2,50,44300
20240205,10:38:31,22.35,50,44300
20240205,10:38:34,22.2,50,44300
20240205,10:38:36,22.25,250,44300
20240205,10:38:41,22.3,100,44300
20240205,10:38:56,22.25,50,44300
20240205,10:39:01,22.25,50,44300
20240205,10:39:12,21.95,50,44300
20240205,10:39:14,22.0,50,44300
20240205,10:39:17,21.9,50,44300
20240205,10:39:25,22.05,50,44300
20240205,10:40:02,22.3,50,44300
20240205,10:40:26,22.2,100,45500
20240205,10:40:42,22.2,350,45500
20240205,10:40:57,22.25,150,45500
20240205,10:41:58,22.0,50,45500
20240205,10:42:25,22.1,100,45500
20240205,10:43:29,21.3,250,45400
20240205,10:43:32,21.35,50,45400
20240205,10:43:40,21.5,200,45400
20240205,10:43:45,21.15,200,45400
20240205,10:43:47,21.1,50,45400
20240205,10:43:50,20.95,150,45400
20240205,10:43:56,21.0,250,45400
20240205,10:44:24,20.8,450,45400
20240205,10:44:26,20.7,100,45400
20240205,10:44:36,20.9,150,45400
20240205,10:44:37,20.75,50,45400
20240205,10:44:39,20.5,100,45400
20240205,10:44:42,20.5,50,45400
20240205,10:44:47,20.3,150,45400
20240205,10:44:49,20.4,100,45400
20240205,10:44:52,20.25,150,45400
20240205,10:44:54,20.4,100,45400
20240205,10:44:58,20.3,100,45400
20240205,10:44:59,20.2,50,45400
20240205,10:45:03,20.45,500,45400
20240205,10:45:05,20.45,100,45400
20240205,10:45:06,20.45,50,45400
20240205,10:45:08,20.45,50,45400
20240205,10:45:16,20.55,150,45400
20240205,10:45:33,20.45,200,45400
20240205,10:45:35,20.35,200,45400
20240205,10:45:38,20.5,50,45400
20240205,10:45:43,20.5,200,45400
20240205,10:45:45,20.45,50,45400
20240205,10:45:55,20.25,150,45400
20240205,10:46:16,20.25,50,45400
20240205,10:46:21,20.55,50,45400
20240205,10:46:23,20.6,100,45400
20240205,10:46:33,20.45,50,45600
20240205,10:46:48,20.35,100,45600
20240205,10:46:51,20.25,100,45600
20240205,10:46:54,20.45,250,45600
20240205,10:46:56,20.25,50,45600
20240205,10:46:58,20.45,1750,45600
20240205,10:47:01,20.55,100,45600
20240205,10:47:04,20.65,300,45600
20240205,10:47:28,20.45,50,45600
20240205,10:47:30,20.35,50,45600
20240205,10:47:33,20.4,50,45600
20240205,10:47:38,20.65,50,45600
20240205,10:47:55,20.85,50,45600
20240205,10:48:03,21.0,150,45600
20240205,10:48:05,21.0,150,45600
20240205,10:48:07,20.95,150,45600
20240205,10:48:10,21.1,400,45600
20240205,10:48:12,21.15,550,45600
20240205,10:48:15,20.95,50,45600
20240205,10:48:17,21.0,1500,45600
20240205,10:48:18,20.95,300,45600
20240205,10:48:28,21.15,200,45600
20240205,10:48:33,21.15,100,45600
20240205,10:48:40,21.3,200,45600
20240205,10:48:42,21.3,150,45600
20240205,10:48:46,20.9,250,45600
20240205,10:48:48,20.85,50,45600
20240205,10:48:50,20.75,600,45600
20240205,10:48:53,20.85,350,45600
20240205,10:48:55,20.85,50,45600
20240205,10:49:07,20.9,450,45600
20240205,10:49:09,20.9,50,45600
20240205,10:49:11,20.85,150,45600
20240205,10:49:14,20.9,800,45600
20240205,10:49:16,20.9,50,45600
20240205,10:49:19,20.75,50,45600
20240205,10:49:21,20.75,50,45600
20240205,10:49:36,21.05,50,41450
20240205,10:49:54,20.95,150,41450
20240205,10:49:59,20.9,50,41450
20240205,10:50:32,21.1,250,41450
20240205,10:50:51,21.3,100,41450
20240205,10:51:11,21.45,50,41450
20240205,10:51:17,21.2,50,41450
20240205,10:51:20,21.2,50,41450
20240205,10:51:34,21.5,50,41450
20240205,10:51:54,21.9,150,41450
20240205,10:52:05,21.95,50,41450
20240205,10:52:19,21.65,50,41450
20240205,10:52:34,21.9,50,41550
20240205,10:52:40,21.9,150,41550
20240205,10:52:42,21.85,150,41550
20240205,10:52:44,21.85,700,41550
20240205,10:52:55,21.95,500,41550
20240205,10:53:40,20.95,50,41550
20240205,10:54:44,21.2,50,41550
20240205,10:55:27,20.7,50,41950
20240205,10:55:35,20.45,250,41950
20240205,10:55:40,20.5,300,41950
20240205,10:55:42,20.55,100,41950
20240205,10:55:48,20.65,50,41950
20240205,10:56:15,20.8,50,41950
20240205,10:56:55,20.4,700,41950
20240205,10:57:02,20.45,50,41950
20240205,10:57:05,20.5,300,41950
20240205,10:57:07,20.5,250,41950
20240205,10:57:08,20.6,50,41950
20240205,10:57:56,20.25,100,41950
20240205,10:58:00,20.4,50,41950
20240205,10:58:31,20.65,200,42350
20240205,10:59:02,20.7,250,42350
20240205,10:59:04,20.7,200,42350
20240205,10:59:05,20.75,50,42350
20240205,10:59:07,20.8,200,42350
20240205,10:59:19,20.9,350,42350
20240205,10:59:27,20.9,50,42350
20240205,10:59:30,20.75,50,42350
20240205,10:59:34,20.65,50,42350
20240205,10:59:35,20.5,50,42350
20240205,10:59:37,20.45,50,42350
20240205,11:00:07,20.9,200,42350
20240205,11:00:20,20.85,100,42350
20240205,11:00:39,20.85,50,42350
20240205,11:01:41,20.3,50,42550
20240205,11:01:53,20.2,100,42550
20240205,11:02:08,20.2,50,42550
20240205,11:02:33,20.55,100,42550
20240205,11:02:51,20.05,50,42550
20240205,11:02:59,20.05,50,42550
20240205,11:03:16,19.9,50,42550
20240205,11:03:21,19.9,50,42550
20240205,11:03:48,20.6,50,42550
20240205,11:03:56,20.6,50,42550
20240205,11:04:11,20.6,50,42550
20240205,11:04:14,20.55,50,42550
20240205,11:04:22,20.6,200,42550
20240205,11:04:24,20.55,50,42550
20240205,11:04:26,20.55,50,42550
20240205,11:04:39,20.75,350,42450
20240205,11:04:45,20.8,500,42450
20240205,11:04:47,20.65,50,42450
20240205,11:04:57,20.6,50,42450
20240205,11:05:01,20.9,750,42450
20240205,11:05:06,20.8,50,42450
20240205,11:05:09,20.85,50,42450
20240205,11:05:12,20.9,100,42450
20240205,11:05:15,20.8,50,42450
20240205,11:05:19,20.8,50,42450
20240205,11:05:22,20.7,50,42450
20240205,11:05:29,20.7,50,42450
20240205,11:05:47,20.8,50,42450
20240205,11:05:49,20.8,600,42450
20240205,11:06:17,21.0,50,42450
20240205,11:06:28,21.05,50,42450
20240205,11:06:32,20.95,50,42450
20240205,11:06:35,20.95,150,42450
20240205,11:06:37,20.85,50,42450
20240205,11:06:40,20.75,50,42450
20240205,11:06:43,21.0,100,42450
20240205,11:06:45,21.0,50,42450
20240205,11:06:52,21.05,50,42450
20240205,11:06:55,21.0,50,42450
20240205,11:06:57,20.9,200,42450
20240205,11:06:58,20.95,50,42450
20240205,11:07:00,20.95,350,42450
20240205,11:07:02,21.1,200,42450
20240205,11:07:05,21.15,200,42450
20240205,11:07:07,21.2,100,42450
20240205,11:07:09,21.2,350,42450
20240205,11:07:30,21.2,50,42800
20240205,11:08:07,20.85,200,42800
20240205,11:08:12,20.95,100,42800
20240205,11:08:13,21.0,50,42800
20240205,11:08:27,21.0,150,42800
20240205,11:08:35,21.0,150,42800
20240205,11:08:45,21.2,150,42800
20240205,11:09:13,21.1,50,42800
20240205,11:09:40,21.6,50,42800
20240205,11:09:46,21.6,300,42800
20240205,11:09:51,21.65,100,42800
20240205,11:10:03,21.3,50,42800
20240205,11:10:15,21.25,50,42800
20240205,11:10:25,21.25,50,42800
20240205,11:10:30,21.4,50,42700
20240205,11:10:41,21.15,50,42700
20240205,11:10:53,21.0,50,42700
20240205,11:10:55,20.9,50,42700
20240205,11:11:01,20.9,200,42700
20240205,11:12:09,20.25,100,42700
20240205,11:12:10,20.35,50,42700
20240205,11:12:23,20.3,250,42700
20240205,11:12:36,20.25,50,42700
20240205,11:13:21,20.05,50,42700
20240205,11:13:54,19.95,50,42650
20240205,11:15:09,19.6,150,42650
20240205,11:15:13,19.6,50,42650
20240205,11:15:14,19.75,150,42650
20240205,11:15:22,19.8,100,42650
20240205,11:15:24,19.8,100,42650
20240205,11:15:29,19.75,50,42650
20240205,11:16:36,19.75,300,42600
20240205,11:16:52,19.7,50,42600
20240205,11:17:03,19.45,200,42600
20240205,11:17:11,19.55,50,42600
20240205,11:17:20,19.5,100,42600
20240205,11:17:29,19.55,50,42600
20240205,11:17:39,19.45,50,42600
20240205,11:17:58,19.5,600,42600
20240205,11:18:23,19.5,50,42600
20240205,11:18:48,19.85,100,42600
20240205,11:18:56,19.8,200,42600
20240205,11:19:15,19.7,100,42600
20240205,11:20:26,20.05,50,42500
20240205,11:20:48,20.0,50,42500
20240205,11:21:13,19.6,200,42500
20240205,11:21:21,19.7,50,42500
20240205,11:21:43,19.65,50,42500
20240205,11:21:48,19.75,100,42500
20240205,11:22:02,19.95,50,42500
20240205,11:23:06,20.45,150,42500
20240205,11:23:31,20.3,50,42500
20240205,11:23:41,20.3,100,42500
20240205,11:24:18,20.3,50,42500
20240205,11:24:21,20.3,50,42500
20240205,11:24:24,20.2,50,42500
20240205,11:24:26,20.1,50,42500
20240205,11:24:36,20.0,100,42500
20240205,11:28:30,20.4,50,42450
20240205,11:29:18,20.0,250,42450
20240205,11:29:53,20.25,50,42450
20240205,11:30:03,20.1,200,42450
20240205,11:30:52,19.95,150,42450
20240205,11:31:22,19.9,50,42450
20240205,11:34:26,19.6,250,42350
20240205,11:36:03,19.35,50,42350
20240205,11:36:07,19.3,50,42350
20240205,11:36:21,19.3,150,42350
20240205,11:36:25,19.45,50,42350
20240205,11:36:40,19.45,50,42350
20240205,11:36:44,19.5,100,42350
20240205,11:37:23,19.5,50,42350
20240205,11:37:41,19.25,100,42650
20240205,11:38:05,19.1,50,42650
20240205,11:38:13,18.95,50,42650
20240205,11:38:22,18.8,50,42650
20240205,11:38:53,18.8,200,42650
20240205,11:39:27,18.6,50,42650
20240205,11:39:42,18.6,100,42650
20240205,11:39:52,18.7,200,42650
20240205,11:40:08,18.7,100,42650
20240205,11:40:22,18.6,100,42650
20240205,11:40:28,18.55,150,42650
20240205,11:40:36,18.55,550,42500
20240205,11:40:42,19.0,100,42500
20240205,11:40:58,19.2,50,42500
20240205,11:41:02,19.15,50,42500
20240205,11:41:35,19.2,800,42500
20240205,11:41:36,19.2,200,42500
20240205,11:42:39,19.25,50,42500
20240205,11:42:49,19.15,200,42500
20240205,11:42:58,19.15,50,42500
20240205,11:43:47,19.5,100,42450
20240205,11:44:02,19.55,50,42450
20240205,11:44:57,19.9,50,42450
20240205,11:47:23,20.1,50,42450
20240205,11:48:28,19.75,100,42450
20240205,11:48:34,19.9,50,42450
20240205,11:48:47,19.75,100,42450
20240205,11:49:25,19.75,50,42450
20240205,11:50:20,19.35,50,42400
20240205,11:50:42,19.4,50,42400
20240205,11:51:11,19.35,50,42400
20240205,11:51:21,19.55,100,42400
20240205,11:51:27,19.6,50,42400
20240205,11:51:39,19.55,200,42400
20240205,11:51:44,19.5,50,42400
20240205,11:51:49,19.6,400,42400
20240205,11:51:54,19.55,50,42400
20240205,11:52:02,19.4,50,42400
20240205,11:52:17,19.25,550,42400
20240205,11:52:22,19.35,50,42400
20240205,11:52:36,19.25,250,42400
20240205,11:52:43,19.25,50,42400
20240205,11:52:46,19.35,50,42400
20240205,11:52:50,19.3,50,42400
20240205,11:52:51,19.35,200,42400
20240205,11:52:55,19.4,150,42400
20240205,11:53:12,19.45,200,42400
20240205,11:53:17,19.3,50,42400
20240205,11:55:10,19.35,250,42400
20240205,11:55:37,19.3,200,42300
20240205,11:55:55,19.55,50,42300
20240205,11:56:03,19.55,50,42300
20240205,11:57:15,19.3,50,42300
20240205,11:57:20,19.2,50,42300
20240205,11:59:50,18.35,100,42450
20240205,11:59:59,18.35,50,42450
20240205,12:00:08,18.3,50,42450
20240205,12:00:27,18.3,100,42450
20240205,12:00:58,18.85,50,42450
20240205,12:01:57,19.05,50,42550
20240205,12:02:46,18.65,50,42550
20240205,12:03:09,19.0,50,42550
20240205,12:03:17,19.1,500,42550
20240205,12:03:21,19.1,50,42550
20240205,12:04:31,19.55,100,42550
20240205,12:04:49,19.6,50,42500
20240205,12:05:15,19.65,50,42500
20240205,12:06:08,19.7,100,42500
20240205,12:06:28,20.1,100,42500
20240205,12:06:32,20.0,50,42500
20240205,12:06:43,20.1,50,42500
20240205,12:06:57,19.85,50,42500
20240205,12:07:01,20.0,100,42500
20240205,12:07:09,19.95,100,42500
20240205,12:07:17,20.0,100,42500
20240205,12:07:25,19.9,50,42500
20240205,12:08:03,19.9,100,42200
20240205,12:08:09,20.05,100,42200
20240205,12:08:19,20.1,100,42200
20240205,12:08:42,20.25,350,42200
20240205,12:08:50,20.3,100,42200
20240205,12:08:56,20.4,1250,42200
20240205,12:09:03,20.5,1150,42200
20240205,12:09:13,20.4,250,42200
20240205,12:09:24,20.55,50,42200
20240205,12:09:26,20.6,50,42200
20240205,12:09:28,20.6,50,42200
20240205,12:09:33,20.65,100,42200
20240205,12:10:01,20.1,50,42200
20240205,12:10:09,19.9,50,42200
20240205,12:11:05,20.25,100,42400
20240205,12:11:10,20.1,150,42400
20240205,12:11:44,19.75,50,42400
20240205,12:11:46,19.85,50,42400
20240205,12:12:05,19.65,50,42400
20240205,12:12:21,19.45,50,42400
20240205,12:12:24,19.4,250,42400
20240205,12:12:26,19.5,400,42400
20240205,12:14:30,18.8,50,42200
20240205,12:15:39,18.45,50,42200
20240205,12:16:05,18.25,50,42200
20240205,12:16:48,18.25,50,42200
20240205,12:17:08,18.45,50,42200
20240205,12:17:19,18.25,50,42200
20240205,12:17:31,18.35,50,42200
20240205,12:17:58,18.2,50,42200
20240205,12:18:03,18.2,250,42200
20240205,12:18:05,18.25,100,42200
20240205,12:18:13,18.0,50,42200
20240205,12:18:17,18.0,100,42200
20240205,12:18:23,18.0,100,42200
20240205,12:18:25,17.9,100,42200
20240205,12:18:28,17.9,50,42200
20240205,12:18:30,18.0,50,42200
20240205,12:18:33,18.1,100,42200
20240205,12:18:38,18.25,500,42200
20240205,12:18:41,18.1,50,42200
20240205,12:19:08,18.15,50,42200
20240205,12:19:13,18.05,50,42200
20240205,12:19:27,18.15,50,42200
20240205,12:20:27,18.15,50,42200
20240205,12:20:56,18.15,100,42200
20240205,12:20:58,18.2,100,42200
20240205,12:21:01,18.3,100,42200
20240205,12:22:08,18.0,150,42200
20240205,12:22:17,17.95,50,42200
20240205,12:22:42,18.35,150,42200
20240205,12:22:56,18.45,100,42200
20240205,12:23:23,18.45,100,42200
20240205,12:23:28,18.4,50,42200
20240205,12:23:36,18.3,50,42200
20240205,12:23:59,18.4,100,42200
20240205,12:24:53,18.45,100,42200
20240205,12:26:05,19.1,50,42200
20240205,12:26:23,19.1,400,42200
20240205,12:27:05,19.45,50,42200
20240205,12:27:26,19.4,50,42200
20240205,12:29:53,19.7,50,42150
20240205,12:29:58,19.65,300,42150
20240205,12:30:02,19.65,700,42150
20240205,12:30:22,19.5,50,42150
20240205,12:32:02,19.4,50,42200
20240205,12:33:04,20.05,100,42200
20240205,12:33:08,19.85,50,42200
20240205,12:33:09,19.8,100,42200
20240205,12:33:46,20.05,50,42200
20240205,12:34:07,20.05,50,42200
20240205,12:35:08,19.85,50,42500
20240205,12:36:04,19.25,50,42500
20240205,12:36:31,19.05,200,42500
20240205,12:37:24,19.2,250,42500
20240205,12:38:47,19.2,100,42450
20240205,12:39:27,19.4,50,42450
20240205,12:40:02,19.4,100,42450
20240205,12:40:09,19.5,200,42450
20240205,12:40:13,19.55,100,42450
20240205,12:40:31,19.55,100,42450
20240205,12:40:35,19.65,250,42450
20240205,12:40:38,19.45,200,42450
20240205,12:40:42,19.45,550,42400
20240205,12:40:45,19.45,250,42400
20240205,12:40:48,19.4,50,42400
20240205,12:40:52,19.4,150,42400
20240205,12:40:55,19.4,150,42400
20240205,12:40:59,19.2,200,42400
20240205,12:41:02,19.25,150,42400
20240205,12:41:04,19.2,250,42400
20240205,12:41:05,19.15,50,42400
20240205,12:41:07,19.3,100,42400
20240205,12:41:09,19.3,150,42400
20240205,12:41:12,19.15,150,42400
20240205,12:41:13,19.15,300,42400
20240205,12:41:15,19.05,650,42400
20240205,12:41:17,19.1,100,42400
20240205,12:41:18,19.15,50,42400
20240205,12:41:20,19.1,1250,42400
20240205,12:41:27,19.3,100,42400
20240205,12:41:28,19.2,150,42400
20240205,12:41:30,19.2,300,42400
20240205,12:41:32,19.2,50,42400
20240205,12:41:33,19.3,100,42400
20240205,12:41:35,19.2,250,42400
20240205,12:41:40,19.1,100,42400
20240205,12:41:43,19.2,150,42400
20240205,12:41:46,19.3,100,42400
20240205,12:41:49,19.4,50,42400
20240205,12:41:51,19.4,50,42400
20240205,12:41:53,19.3,250,42400
20240205,12:41:56,19.3,100,42400
20240205,12:41:58,19.25,150,42400
20240205,12:41:59,19.35,50,42400
20240205,12:42:04,19.35,150,42400
20240205,12:42:06,19.3,50,42400
20240205,12:42:07,19.25,150,42400
20240205,12:42:10,19.3,100,42400
20240205,12:42:12,19.2,250,42400
20240205,12:42:19,19.3,50,42400
20240205,12:42:22,19.2,50,42400
20240205,12:42:31,19.2,350,42400
20240205,12:42:39,19.05,50,42400
20240205,12:42:53,18.9,750,42400
20240205,12:43:09,18.85,50,42400
20240205,12:43:21,18.9,50,42400
20240205,12:43:37,18.6,100,42400
20240205,12:43:40,18.75,50,44100
20240205,12:43:50,18.8,50,44100
20240205,12:43:58,18.8,50,44100
20240205,12:44:04,18.7,50,44100
20240205,12:44:10,18.75,50,44100
20240205,12:44:21,18.75,150,44100
20240205,12:44:23,18.7,50,44100
20240205,12:44:25,18.65,50,44100
20240205,12:44:31,18.55,50,44100
20240205,12:44:34,18.55,50,44100
20240205,12:44:55,18.65,100,44100
20240205,12:44:57,18.5,100,44100
20240205,12:45:21,18.8,100,44100
20240205,12:45:29,18.6,50,44100
20240205,12:45:35,18.65,50,44100
20240205,12:45:43,18.7,50,44100
20240205,12:45:56,18.8,100,44100
20240205,12:47:06,18.95,50,44100
20240205,12:47:44,18.85,50,44100
20240205,12:47:51,18.9,50,44100
20240205,12:49:14,18.55,50,44100
20240205,12:49:30,18.6,50,44100
20240205,12:49:38,18.75,50,44100
20240205,12:49:56,18.6,50,42700
20240205,12:49:58,18.75,100,42700
20240205,12:52:10,19.1,50,42700
20240205,12:52:33,18.75,50,42700
20240205,12:52:35,18.8,50,42700
20240205,12:52:38,18.85,50,42700
20240205,12:52:43,19.0,50,42700
20240205,12:52:45,19.0,50,42700
20240205,12:52:55,18.95,50,42700
20240205,12:53:00,19.1,50,42700
20240205,12:53:11,19.15,50,42700
20240205,12:53:15,19.0,300,42700
20240205,12:53:21,18.85,150,42700
20240205,12:53:45,18.7,50,42700
20240205,12:54:00,18.95,100,42700
20240205,12:54:11,19.05,50,42700
20240205,12:54:39,19.15,150,42700
20240205,12:54:43,19.0,350,42700
20240205,12:55:07,19.2,50,42700
20240205,12:55:11,19.25,100,42700
20240205,12:55:18,19.35,50,42700
20240205,12:56:05,18.8,100,42800
20240205,12:56:13,18.85,50,42800
20240205,12:56:44,18.85,50,42800
20240205,12:57:05,18.8,100,42800
20240205,12:57:37,18.9,50,42800
20240205,12:58:15,18.75,50,42800
20240205,12:58:23,18.75,50,42800
20240205,12:58:54,18.7,100,43050
20240205,12:59:29,18.75,50,43050
20240205,12:59:42,18.85,50,43050
20240205,12:59:52,18.9,100,43050
20240205,13:00:12,18.55,50,43050
20240205,13:01:00,18.5,100,43050
20240205,13:01:57,18.1,50,43050
20240205,13:02:00,18.45,50,43050
20240205,13:02:09,18.45,50,43050
20240205,13:03:47,18.6,50,43050
20240205,13:04:33,18.75,50,43050
20240205,13:04:58,18.7,200,43150
20240205,13:05:01,18.6,200,43150
20240205,13:05:24,18.45,50,43150
20240205,13:06:51,17.85,50,43150
20240205,13:07:00,17.85,50,43150
20240205,13:07:08,17.75,100,43150
20240205,13:07:33,17.45,50,43150
20240205,13:07:43,17.25,150,43150
20240205,13:08:48,17.35,200,43350
20240205,13:08:55,17.3,50,43350
20240205,13:09:02,17.25,100,43350
20240205,13:09:30,17.35,50,43350
20240205,13:09:42,17.5,150,43350
20240205,13:09:52,17.45,100,43350
20240205,13:10:04,17.65,150,43350
20240205,13:10:11,17.6,50,43350
20240205,13:10:24,17.45,100,43350
20240205,13:10:32,17.35,50,43350
20240205,13:11:00,17.6,300,43300
20240205,13:11:20,17.7,50,43300
20240205,13:11:27,17.8,50,43300
20240205,13:11:30,17.8,250,43300
20240205,13:11:37,17.9,100,43300
20240205,13:11:48,17.7,50,43300
20240205,13:12:38,17.85,50,43300
20240205,13:13:38,18.1,50,43300
20240205,13:17:32,18.4,50,43000
20240205,13:20:02,17.8,600,42950
20240205,13:22:32,17.7,50,42950
20240205,13:22:43,17.85,50,42950
20240205,13:23:09,17.9,50,42950
20240205,13:23:22,17.9,50,42950
20240205,13:23:29,18.1,900,42950
20240205,13:23:38,17.95,100,42950
20240205,13:25:28,18.3,50,42950
20240205,13:25:57,18.5,50,42900
20240205,13:26:09,18.65,50,42900
20240205,13:26:59,18.5,900,42900
20240205,13:27:52,18.45,50,42900
20240205,13:28:20,18.7,250,42900
20240205,13:28:24,18.75,850,42900
20240205,13:31:59,18.9,50,43150
20240205,13:32:08,18.8,50,43150
20240205,13:33:10,18.2,50,43150
20240205,13:34:03,18.0,50,43150
20240205,13:36:29,18.0,50,43250
20240205,13:36:32,17.9,1150,43250
20240205,13:36:50,17.85,200,43250
20240205,13:37:09,17.6,50,43250
20240205,13:37:13,17.55,50,43250
20240205,13:38:36,18.1,50,43550
20240205,13:38:40,18.05,400,43550
20240205,13:38:53,18.25,100,43550
20240205,13:39:15,18.25,250,43550
20240205,13:42:03,18.75,50,44000
20240205,13:42:30,18.75,50,44000
20240205,13:43:36,18.35,100,44000
20240205,13:44:12,18.6,50,43950
20240205,13:44:45,18.6,50,43950
20240205,13:44:49,18.7,50,43950
20240205,13:47:10,18.5,50,44000
20240205,13:47:26,18.45,150,44000
20240205,13:47:46,18.0,50,44000
20240205,13:48:22,17.85,50,44000
20240205,13:49:21,17.9,50,44000
20240205,13:50:01,17.65,50,44100
20240205,13:51:29,17.5,50,44100
20240205,13:51:37,17.5,50,44100
20240205,13:51:39,17.5,350,44100
20240205,13:51:43,17.5,250,44100
20240205,13:51:45,17.5,350,44100
20240205,13:51:55,17.5,50,44100
20240205,13:51:56,17.75,100,44100
20240205,13:52:01,17.5,50,44100
20240205,13:52:16,17.7,900,44100
20240205,13:52:17,17.5,100,44100
20240205,13:52:32,17.4,50,44100
20240205,13:52:43,17.5,50,44100
20240205,13:52:51,17.4,50,43500
20240205,13:53:31,17.3,50,43500
20240205,13:54:34,17.4,100,43500
20240205,13:54:52,17.55,100,43500
20240205,13:55:45,17.55,50,43500
20240205,13:56:00,17.75,50,43700
20240205,13:56:42,17.35,50,43700
20240205,13:56:46,17.35,50,43700
20240205,13:57:50,17.95,50,43700
20240205,13:57:58,17.8,400,43700
20240205,13:59:17,17.5,150,44000
20240205,13:59:21,17.35,150,44000
20240205,13:59:50,17.65,50,44000
20240205,14:00:20,17.6,50,44000
20240205,14:00:55,17.65,50,44000
20240205,14:01:03,17.8,50,44000
20240205,14:02:13,17.9,50,43950
20240205,14:02:36,17.7,50,43950
20240205,14:02:39,17.8,50,43950
20240205,14:03:02,17.75,50,43950
20240205,14:03:43,17.95,100,43950
20240205,14:04:18,18.1,100,43950
20240205,14:04:22,17.95,100,43950
20240205,14:05:18,18.25,100,43750
20240205,14:05:54,18.2,100,43750
20240205,14:06:55,18.75,50,43750
20240205,14:07:01,18.7,600,43750
20240205,14:07:07,18.7,600,43750
20240205,14:07:19,18.85,100,43750
20240205,14:07:53,18.55,100,44450
20240205,14:08:16,18.95,50,44450
20240205,14:08:29,19.05,200,44450
20240205,14:08:34,19.35,100,44450
20240205,14:08:39,19.4,50,44450
20240205,14:08:51,19.65,50,44450
20240205,14:08:54,19.45,50,44450
20240205,14:09:24,19.55,100,44450
20240205,14:09:46,19.8,50,44450
20240205,14:09:49,19.95,50,44450
20240205,14:09:56,20.0,1800,44450
20240205,14:10:08,19.85,50,44450
20240205,14:10:13,19.9,50,44450
20240205,14:10:26,19.85,100,44450
20240205,14:10:31,20.0,50,44450
20240205,14:10:41,20.55,200,44450
20240205,14:10:51,20.8,2050,44450
20240205,14:10:54,20.75,50,46550
20240205,14:10:56,20.75,100,46550
20240205,14:10:58,20.8,350,46550
20240205,14:11:03,20.7,100,46550
20240205,14:11:04,20.7,50,46550
20240205,14:11:06,20.95,350,46550
20240205,14:11:24,21.25,50,46550
20240205,14:11:28,21.3,50,46550
20240205,14:11:29,21.05,1000,46550
20240205,14:12:16,20.2,50,46550
20240205,14:12:19,20.05,150,46550
20240205,14:12:27,20.15,50,46550
20240205,14:12:34,20.5,500,46550
20240205,14:12:44,20.75,50,46550
20240205,14:13:01,20.05,100,46550
20240205,14:13:12,19.8,50,46550
20240205,14:13:39,19.45,50,46550
20240205,14:13:49,19.45,50,46550
20240205,14:14:02,19.05,100,47850
20240205,14:14:07,19.05,50,47850
20240205,14:14:09,18.75,550,47850
20240205,14:14:24,18.35,50,47850
20240205,14:14:49,18.3,150,47850
20240205,14:16:02,18.35,50,47850
20240205,14:17:31,17.95,300,47850
20240205,14:17:41,18.0,150,47850
20240205,14:17:46,17.8,50,47850
20240205,14:19:11,17.4,50,47850
20240205,14:19:16,17.55,50,47850
20240205,14:19:40,17.75,3000,47850
20240205,14:19:51,17.7,150,47850
20240205,14:20:24,18.0,250,44700
20240205,14:20:38,18.3,50,44700
20240205,14:21:03,18.5,100,44700
20240205,14:21:43,18.7,50,44700
20240205,14:22:26,18.95,50,44700
20240205,14:23:16,18.85,50,44600
20240205,14:23:33,19.15,100,44600
20240205,14:23:41,18.75,750,44600
20240205,14:23:43,19.15,150,44600
20240205,14:23:51,19.35,100,44600
20240205,14:23:52,19.15,50,44600
20240205,14:23:54,19.15,300,44600
20240205,14:24:15,19.5,200,44600
20240205,14:24:22,19.7,50,44600
20240205,14:24:32,19.75,50,44600
20240205,14:24:40,19.95,400,44600
20240205,14:24:52,19.85,50,44600
20240205,14:24:53,19.9,1650,44600
20240205,14:25:03,19.55,400,44600
20240205,14:25:05,19.65,250,44600
20240205,14:25:25,20.15,100,44600
20240205,14:25:35,20.35,50,44600
20240205,14:25:53,20.1,50,44600
20240205,14:25:59,20.4,250,46450
20240205,14:26:11,20.15,50,46450
20240205,14:26:49,20.45,150,46450
20240205,14:27:07,20.75,50,46450
20240205,14:27:27,20.85,200,46450
20240205,14:27:30,21.0,50,46450
20240205,14:27:32,21.0,50,46450
20240205,14:27:38,21.0,100,46450
20240205,14:27:40,21.0,350,46450
20240205,14:27:42,20.9,50,46450
20240205,14:27:45,21.0,100,46450
20240205,14:27:57,20.8,50,46450
20240205,14:28:04,20.55,100,46450
20240205,14:28:05,20.6,100,46450
20240205,14:28:14,20.4,250,46450
20240205,14:28:19,20.35,100,46450
20240205,14:28:25,20.4,100,46450
20240205,14:28:35,20.45,50,46450
20240205,14:28:40,20.5,50,46450
20240205,14:28:42,20.5,50,46450
20240205,14:28:50,20.7,200,46450
20240205,14:29:15,20.25,50,46850
20240205,14:29:20,20.4,300,46850
20240205,14:29:53,19.7,150,46850
20240205,14:29:54,19.7,50,46850
20240205,14:30:04,19.7,50,46850
20240205,14:30:07,19.75,500,46850
20240205,14:31:06,19.65,550,46850
20240205,14:31:36,20.2,100,46850
20240205,14:31:38,20.25,100,46850
20240205,14:32:04,20.7,50,46050
20240205,14:32:11,21.0,4800,46050
20240205,14:32:14,21.15,350,46050
20240205,14:32:16,20.95,100,46050
20240205,14:32:18,21.15,250,46050
20240205,14:32:19,21.15,50,46050
20240205,14:32:21,21.3,350,46050
20240205,14:32:23,21.4,100,46050
20240205,14:32:24,21.4,650,46050
20240205,14:32:26,21.45,100,46050
20240205,14:32:28,21.3,50,46050
20240205,14:32:30,21.5,400,46050
20240205,14:32:31,21.4,50,46050
20240205,14:32:36,21.65,50,46050
20240205,14:32:38,21.6,1150,46050
20240205,14:32:40,21.5,100,46050
20240205,14:32:45,21.4,50,46050
20240205,14:32:50,21.45,150,46050
20240205,14:32:55,21.2,50,46050
20240205,14:32:58,21.2,100,46050
20240205,14:33:19,21.55,450,46050
20240205,14:33:26,21.3,200,46050
20240205,14:33:28,21.25,50,46050
20240205,14:33:29,21.15,50,46050
20240205,14:33:33,20.8,250,46050
20240205,14:33:34,20.55,50,46050
20240205,14:33:36,20.65,300,46050
20240205,14:33:38,20.8,300,46050
20240205,14:33:39,20.85,50,46050
20240205,14:33:46,20.95,50,46050
20240205,14:33:51,20.9,50,46050
20240205,14:33:59,21.35,100,46050
20240205,14:34:01,21.2,50,46050
20240205,14:34:03,21.35,50,46050
20240205,14:34:13,21.55,50,46050
20240205,14:34:19,21.5,50,46050
20240205,14:34:21,21.6,100,46050
20240205,14:34:26,21.55,50,46050
20240205,14:34:28,21.65,150,46050
20240205,14:34:56,22.0,100,49750
20240205,14:34:58,22.0,250,49750
20240205,14:35:00,21.75,100,49750
20240205,14:35:10,21.85,300,49750
20240205,14:35:23,21.3,100,49750
20240205,14:35:29,21.65,50,49750
20240205,14:35:34,22.0,100,49750
20240205,14:35:36,22.05,100,49750
20240205,14:35:38,22.25,50,49750
20240205,14:35:39,22.4,50,49750
20240205,14:35:44,22.75,50,49750
20240205,14:35:46,22.8,100,49750
20240205,14:35:48,22.75,200,49750
20240205,14:35:53,22.65,200,49750
20240205,14:35:56,22.8,50,49750
20240205,14:35:58,22.65,300,49750
20240205,14:36:03,22.45,50,49750
20240205,14:36:07,22.65,200,49750
20240205,14:36:09,22.55,100,49750
20240205,14:36:17,22.3,50,49750
20240205,14:36:21,22.35,200,49750
20240205,14:36:24,22.45,100,49750
20240205,14:36:26,22.75,200,49750
20240205,14:36:27,22.85,100,49750
20240205,14:36:30,23.1,200,49750
20240205,14:36:32,23.15,100,49750
20240205,14:36:34,23.15,200,49750
20240205,14:36:37,22.95,50,49750
20240205,14:36:40,22.7,50,49750
20240205,14:36:42,22.8,400,49750
20240205,14:36:59,23.3,200,49750
20240205,14:37:00,23.1,200,49750
20240205,14:37:03,23.05,150,49750
20240205,14:37:05,22.95,50,49750
20240205,14:37:07,23.0,100,49750
20240205,14:37:08,22.75,100,49750
20240205,14:37:18,22.85,400,49750
20240205,14:37:48,23.6,250,49750
20240205,14:37:50,23.15,250,49750
20240205,14:38:10,22.7,50,49650
20240205,14:38:12,22.6,100,49650
20240205,14:38:20,22.65,50,49650
20240205,14:38:28,23.25,50,49650
20240205,14:38:32,23.25,50,49650
20240205,14:38:33,23.2,250,49650
20240205,14:38:37,23.15,100,49650
20240205,14:38:38,23.3,50,49650
20240205,14:38:45,23.6,150,49650
20240205,14:38:47,23.8,200,49650
20240205,14:38:48,23.65,50,49650
20240205,14:38:50,23.8,250,49650
20240205,14:38:51,23.8,400,49650
20240205,14:38:53,24.15,300,49650
20240205,14:38:55,24.25,50,49650
20240205,14:38:58,24.45,200,49650
20240205,14:39:00,24.4,350,49650
20240205,14:39:01,24.5,250,49650
20240205,14:39:03,24.35,200,49650
20240205,14:39:05,24.1,200,49650
20240205,14:39:06,24.05,100,49650
20240205,14:39:08,24.2,950,49650
20240205,14:39:09,23.7,1300,49650
20240205,14:39:11,22.95,50,49650
20240205,14:39:13,23.0,850,49650
20240205,14:39:16,23.3,450,49650
20240205,14:39:19,23.6,100,49650
20240205,14:39:29,23.85,100,49650
20240205,14:39:33,23.35,200,49650
20240205,14:39:34,23.55,100,49650
20240205,14:39:36,23.75,50,49650
20240205,14:39:42,23.8,150,49650
20240205,14:39:47,23.75,100,49650
20240205,14:39:49,23.55,250,49650
20240205,14:39:52,23.45,100,49650
20240205,14:40:02,23.95,200,49650
20240205,14:40:04,23.95,350,49650
20240205,14:40:09,24.15,100,49650
20240205,14:40:10,23.9,100,49650
20240205,14:40:15,23.5,50,49650
20240205,14:40:19,23.45,50,49650
20240205,14:40:27,23.9,550,49650
20240205,14:40:52,24.05,100,49650
20240205,14:40:54,24.15,100,49650
20240205,14:40:59,24.05,50,49650
20240205,14:41:02,23.9,100,49850
20240205,14:41:07,23.65,100,49850
20240205,14:41:20,23.05,50,49850
20240205,14:41:24,23.0,50,49850
20240205,14:41:29,23.1,50,49850
20240205,14:41:42,23.85,100,49850
20240205,14:41:44,24.0,50,49850
20240205,14:41:45,23.75,800,49850
20240205,14:41:52,23.45,100,49850
20240205,14:42:15,24.0,1150,49850
20240205,14:42:17,24.5,150,49850
20240205,14:42:18,24.65,150,49850
20240205,14:42:20,24.9,100,49850
20240205,14:42:22,24.55,150,49850
20240205,14:42:23,24.75,100,49850
20240205,14:42:25,25.0,1800,49850
20240205,14:42:27,25.2,750,49850
20240205,14:42:28,25.35,150,49850
20240205,14:42:32,25.9,350,49850
20240205,14:42:33,25.8,200,49850
20240205,14:42:35,26.0,100,49850
20240205,14:42:37,26.0,350,49850
20240205,14:42:38,26.15,350,49850
20240205,14:42:40,26.3,50,49850
20240205,14:42:43,25.9,150,49850
20240205,14:42:45,25.55,250,49850
20240205,14:42:47,25.85,200,49850
20240205,14:42:53,26.5,1550,49850
20240205,14:42:55,26.55,50,49850
20240205,14:42:58,26.8,50,49850
20240205,14:43:00,26.65,100,49850
20240205,14:43:02,26.75,50,49850
20240205,14:43:04,26.85,200,49850
20240205,14:43:07,27.25,650,49850
20240205,14:43:09,27.15,100,49850
20240205,14:43:10,27.4,50,49850
20240205,14:43:12,27.55,350,49850
20240205,14:43:14,27.8,150,49850
20240205,14:43:15,27.85,50,49850
20240205,14:43:19,28.1,600,49850
20240205,14:43:20,28.4,100,49850
20240205,14:43:24,28.85,1200,49850
20240205,14:43:25,29.2,50,49850
20240205,14:43:27,29.4,1450,49850
20240205,14:43:30,28.95,50,49850
20240205,14:43:34,28.4,100,49850
20240205,14:43:37,29.2,1500,49850
20240205,14:43:40,29.35,150,49850
20240205,14:43:42,29.05,150,49850
20240205,14:43:44,28.75,350,49850
20240205,14:43:45,28.7,250,49850
20240205,14:43:52,28.95,200,49850
20240205,14:43:54,29.0,50,49850
20240205,14:43:55,28.9,550,49850
20240205,14:43:57,28.8,200,49350
20240205,14:43:59,28.9,200,49350
20240205,14:44:10,29.9,100,49350
20240205,14:44:14,29.8,100,49350
20240205,14:44:17,28.15,150,49350
20240205,14:44:19,28.15,350,49350
20240205,14:44:20,27.95,350,49350
20240205,14:44:22,27.85,300,49350
20240205,14:44:24,27.95,100,49350
20240205,14:44:25,28.1,50,49350
20240205,14:44:27,27.95,250,49350
20240205,14:44:34,26.7,100,49350
20240205,14:44:35,26.3,450,49350
20240205,14:44:37,26.05,250,49350
20240205,14:44:39,25.8,250,49350
20240205,14:44:40,26.05,350,49350
20240205,14:44:42,25.95,100,49350
20240205,14:44:47,26.35,200,49350
20240205,14:44:50,26.35,100,49350
20240205,14:44:52,26.05,350,49350
20240205,14:44:54,26.5,100,49350
20240205,14:44:55,26.7,500,49350
20240205,14:44:57,27.1,200,49350
20240205,14:45:02,27.65,100,49350
20240205,14:45:07,28.7,200,49350
20240205,14:45:09,28.85,600,49350
20240205,14:45:10,29.35,150,49350
20240205,14:45:12,29.75,250,49350
20240205,14:45:14,29.95,100,49350
20240205,14:45:15,29.8,400,49350
20240205,14:45:17,30.0,50,49350
20240205,14:45:19,30.45,1200,49350
20240205,14:45:20,30.7,400,49350
20240205,14:45:22,30.85,50,49350
20240205,14:45:24,30.8,100,49350
20240205,14:45:27,30.75,50,49350
20240205,14:45:29,30.75,300,49350
20240205,14:45:30,30.9,100,49350
20240205,14:45:35,31.4,150,49350
20240205,14:45:37,31.2,150,49350
20240205,14:45:40,31.85,150,49350
20240205,14:45:42,31.85,100,49350
20240205,14:45:44,32.0,100,49350
20240205,14:45:47,32.0,100,49350
20240205,14:45:54,32.4,1000,49350
20240205,14:45:55,32.65,50,49350
20240205,14:45:59,33.0,50,49350
20240205,14:46:00,33.05,100,49350
20240205,14:46:02,32.75,50,49350
20240205,14:46:04,31.2,200,49350
20240205,14:46:05,30.4,200,49350
20240205,14:46:07,30.75,100,49350
20240205,14:46:10,31.0,100,49350
20240205,14:46:12,31.45,50,49350
20240205,14:46:17,30.25,400,49350
20240205,14:46:20,30.25,1600,49350
20240205,14:46:22,29.85,2200,49350
20240205,14:46:24,30.25,100,49350
20240205,14:46:32,30.25,150,49350
20240205,14:46:34,30.05,50,49350
20240205,14:46:37,30.05,50,49350
20240205,14:46:40,29.85,50,49350
20240205,14:46:55,30.35,50,49350
20240205,14:47:02,30.85,650,48100
20240205,14:47:04,31.2,50,48100
20240205,14:47:05,31.0,50,48100
20240205,14:47:17,29.45,100,48100
20240205,14:47:18,29.25,150,48100
20240205,14:47:22,28.6,150,48100
20240205,14:47:23,28.2,250,48100
20240205,14:47:25,28.25,50,48100
20240205,14:47:28,27.7,100,48100
20240205,14:47:30,27.85,150,48100
20240205,14:47:37,27.9,100,48100
20240205,14:47:38,27.9,50,48100
20240205,14:47:40,27.65,200,48100
20240205,14:47:45,27.3,50,48100
20240205,14:47:54,27.25,50,48100
20240205,14:47:55,27.3,50,48100
20240205,14:47:57,27.2,550,48100
20240205,14:47:59,26.5,300,48100
20240205,14:48:02,26.0,100,48100
20240205,14:48:04,25.6,50,48100
20240205,14:48:05,25.35,100,48100
20240205,14:48:07,24.9,50,48100
20240205,14:48:09,24.8,300,48100
20240205,14:48:10,24.65,100,48100
20240205,14:48:12,25.05,100,48100
20240205,14:48:14,25.25,50,48100
20240205,14:48:15,25.1,250,48100
20240205,14:48:17,24.85,350,48100
20240205,14:48:19,24.9,400,48100
20240205,14:48:22,24.85,100,48100
20240205,14:48:27,25.05,100,48100
20240205,14:48:35,24.65,100,48100
20240205,14:48:42,25.25,50,48100
20240205,14:48:44,25.6,50,48100
20240205,14:48:47,25.6,50,48100
20240205,14:48:50,26.0,50,48100
20240205,14:48:54,26.8,150,48100
20240205,14:48:55,27.1,150,48100
20240205,14:48:59,27.15,1100,48100
20240205,14:49:02,27.4,2250,48100
20240205,14:49:05,27.2,350,48100
20240205,14:49:09,27.25,50,48100
20240205,14:49:10,27.15,50,48100
20240205,14:49:14,26.9,50,48100
20240205,14:49:15,26.5,250,48100
20240205,14:49:17,26.25,350,48100
20240205,14:49:19,26.15,550,48100
20240205,14:49:20,26.6,50,48100
20240205,14:49:22,26.65,100,48100
20240205,14:49:27,27.1,150,48100
20240205,14:49:29,26.95,100,48100
20240205,14:49:35,26.5,50,48100
20240205,14:49:37,26.75,50,48100
20240205,14:49:39,26.95,50,48100
20240205,14:49:40,26.9,150,48100
20240205,14:49:44,26.8,50,48100
20240205,14:49:49,27.0,200,48100
20240205,14:50:02,26.8,50,48250
20240205,14:50:04,26.6,100,48250
20240205,14:50:09,26.1,50,48250
20240205,14:50:10,25.95,350,48250
20240205,14:50:14,25.75,100,48250
20240205,14:50:15,25.9,100,48250
20240205,14:50:17,26.35,50,48250
20240205,14:50:19,26.65,250,48250
20240205,14:50:25,26.8,200,48250
20240205,14:50:29,27.1,700,48250
20240205,14:50:39,27.95,400,48250
20240205,14:50:40,27.95,100,48250
20240205,14:50:42,28.15,50,48250
20240205,14:50:44,28.3,50,48250
20240205,14:50:47,28.65,100,48250
20240205,14:50:50,29.25,100,48250
20240205,14:50:52,29.3,900,48250
20240205,14:50:54,29.05,550,48250
20240205,14:50:57,29.1,100,48250
20240205,14:51:04,28.85,450,48250
20240205,14:51:05,28.75,100,48250
20240205,14:51:07,28.75,300,48250
20240205,14:51:10,29.45,550,48250
20240205,14:51:14,29.5,600,48250
20240205,14:51:15,29.6,2000,48250
20240205,14:51:17,29.85,50,48250
20240205,14:51:20,29.7,100,48250
20240205,14:51:22,29.7,50,48250
20240205,14:51:25,29.8,300,48250
20240205,14:51:27,29.75,50,48250
20240205,14:51:29,29.6,1200,48250
20240205,14:51:35,29.95,250,48250
20240205,14:51:37,30.35,50,48250
20240205,14:51:42,30.15,100,48250
20240205,14:51:44,30.3,100,48250
20240205,14:51:45,29.85,350,48250
20240205,14:51:49,29.85,50,48250
20240205,14:51:50,29.65,50,48250
20240205,14:51:55,29.45,100,48250
20240205,14:51:59,29.6,300,48250
20240205,14:52:02,29.45,200,48250
20240205,14:52:07,29.0,100,48250
20240205,14:52:09,29.5,150,48250
20240205,14:52:10,29.8,100,48250
20240205,14:52:12,29.45,250,48250
20240205,14:52:15,29.25,50,48250
20240205,14:52:19,29.5,100,48250
20240205,14:52:25,28.95,50,48250
20240205,14:52:27,28.55,150,48250
20240205,14:52:29,28.35,100,48250
20240205,14:52:30,28.35,50,48250
20240205,14:52:32,28.55,450,48250
20240205,14:52:37,28.15,100,48250
20240205,14:52:39,28.0,50,48250
20240205,14:52:42,27.55,100,48250
20240205,14:52:45,27.25,150,48250
20240205,14:52:47,27.35,50,48250
20240205,14:52:52,27.85,250,48250
20240205,14:52:54,27.75,100,48250
20240205,14:52:59,28.2,100,49000
20240205,14:53:15,29.15,50,49000
20240205,14:53:17,29.0,200,49000
20240205,14:53:19,29.0,50,49000
20240205,14:53:22,28.1,100,49000
20240205,14:53:29,27.85,50,49000
20240205,14:53:35,27.45,50,49000
20240205,14:53:42,27.65,50,49000
20240205,14:53:52,27.9,50,49000
20240205,14:54:19,27.6,50,49000
20240205,14:54:20,27.35,100,49000
20240205,14:54:27,26.85,100,49000
20240205,14:54:30,27.15,50,49000
20240205,14:54:35,26.95,150,49000
20240205,14:54:44,27.55,350,49000
20240205,14:54:47,27.35,50,49000
20240205,14:54:49,27.4,50,49000
20240205,14:54:59,27.1,50,49000
20240205,14:55:00,27.25,300,49000
20240205,14:55:02,27.35,50,49000
20240205,14:55:04,27.25,100,49000
20240205,14:55:09,27.0,100,49000
20240205,14:55:10,27.15,50,49000
20240205,14:55:14,27.55,50,49000
20240205,14:55:19,27.65,50,49000
20240205,14:55:24,27.8,300,49000
20240205,14:55:27,28.1,650,49000
20240205,14:55:29,28.2,250,49000
20240205,14:55:30,28.25,250,49000
20240205,14:55:34,28.6,100,49000
20240205,14:55:35,28.55,250,49000
20240205,14:55:37,28.95,100,49000
20240205,14:55:44,29.15,50,49000
20240205,14:55:45,28.6,300,49000
20240205,14:55:47,28.8,100,49000
20240205,14:55:49,28.3,100,49000
20240205,14:55:50,28.35,250,49000
20240205,14:55:52,28.75,150,49000
20240205,14:55:54,29.05,50,49000
20240205,14:56:00,29.25,100,48500
20240205,14:56:03,29.1,250,48500
20240205,14:56:07,28.85,300,48500
20240205,14:56:08,29.15,200,48500
20240205,14:56:10,29.1,250,48500
20240205,14:56:13,29.35,800,48500
20240205,14:56:15,29.5,50,48500
20240205,14:56:17,29.35,100,48500
20240205,14:56:25,29.45,50,48500
20240205,14:56:30,29.6,250,48500
20240205,14:56:37,29.45,50,48500
20240205,14:56:40,29.9,50,48500
20240205,14:56:47,30.15,350,48500
20240205,14:56:49,30.1,100,48500
20240205,14:56:52,30.3,50,48500
20240205,14:56:54,30.7,150,48500
20240205,14:56:55,30.95,250,48500
20240205,14:56:59,30.65,250,48500
20240205,14:57:05,29.45,100,48500
20240205,14:57:09,30.05,150,48500
20240205,14:57:10,30.35,100,48500
20240205,14:57:14,30.1,50,48500
20240205,14:57:15,30.05,50,48500
20240205,14:57:22,30.2,50,48500
20240205,14:57:25,30.45,50,48500
20240205,14:57:27,30.3,50,48500
20240205,14:57:30,30.25,50,48500
20240205,14:57:32,30.15,100,48500
20240205,14:57:49,29.1,100,48500
20240205,14:57:50,29.2,200,48500
20240205,14:57:52,29.2,50,48500
20240205,14:57:54,29.65,100,48500
20240205,14:57:55,29.95,50,48500
20240205,14:57:59,30.3,50,48500
20240205,14:58:00,30.3,50,48500
20240205,14:58:09,30.15,100,48500
20240205,14:58:14,29.65,150,48500
20240205,14:58:19,30.15,100,48500
20240205,14:58:29,31.15,250,48500
20240205,14:58:34,31.25,50,48500
20240205,14:58:37,31.1,100,48500
20240205,14:58:39,30.55,50,48500
20240205,14:58:40,30.55,50,48500
20240205,14:58:42,30.6,50,48500
20240205,14:58:44,31.0,50,48500
20240205,14:58:49,30.7,100,48500
20240205,14:58:50,30.9,50,48500
20240205,14:58:52,30.85,50,48500
20240205,14:58:54,30.95,350,48500
20240205,14:58:55,30.95,600,48500
20240205,14:58:59,30.9,250,48500
20240205,14:59:07,30.8,450,49000
20240205,14:59:09,30.45,50,49000
20240205,14:59:11,30.05,50,49000
20240205,14:59:14,30.05,100,49000
20240205,14:59:27,30.85,50,49000
20240205,14:59:31,30.6,150,49000
20240205,14:59:32,30.3,150,49000
20240205,14:59:44,30.25,300,49000
20240205,14:59:49,30.85,50,49000
20240205,14:59:55,30.95,100,49000
20240205,15:00:07,30.8,50,49000
20240205,15:00:12,30.1,50,49000
20240205,15:00:17,29.75,50,49000
20240205,15:00:20,29.15,50,49000
20240205,15:00:22,29.35,150,49000
20240205,15:00:23,28.85,250,49000
20240205,15:00:32,28.3,50,49000
20240205,15:00:33,28.15,100,49000
20240205,15:00:35,27.75,50,49000
20240205,15:00:37,27.75,200,49000
20240205,15:00:40,27.75,100,49000
20240205,15:00:45,29.05,100,49000
20240205,15:00:53,30.4,500,49000
20240205,15:00:55,30.3,350,49000
20240205,15:00:58,30.2,400,49000
20240205,15:01:00,30.55,50,49000
20240205,15:01:02,30.7,50,49000
20240205,15:01:07,30.55,50,49000
20240205,15:01:08,30.4,50,49000
20240205,15:01:10,30.05,100,49000
20240205,15:01:12,29.45,50,49000
20240205,15:01:17,29.05,50,49000
20240205,15:01:20,29.1,50,49000
20240205,15:01:25,29.3,100,49000
20240205,15:01:28,29.55,50,49000
20240205,15:01:33,30.1,100,49000
20240205,15:01:37,30.3,150,49000
20240205,15:01:38,30.25,50,49000
20240205,15:01:40,29.95,100,49000
20240205,15:01:42,30.05,50,49000
20240205,15:01:43,30.15,50,49000
20240205,15:01:47,29.8,1000,49000
20240205,15:01:53,29.0,50,49000
20240205,15:01:57,29.0,50,49000
20240205,15:02:02,29.5,150,49050
20240205,15:02:03,29.5,100,49050
20240205,15:02:08,29.95,1050,49050
20240205,15:02:12,29.65,200,49050
20240205,15:02:18,29.85,200,49050
20240205,15:02:20,29.65,50,49050
20240205,15:02:22,29.85,500,49050
20240205,15:02:25,29.9,350,49050
20240205,15:02:32,29.75,50,49050
20240205,15:02:37,30.15,50,49050
20240205,15:02:42,29.85,50,49050
20240205,15:02:43,29.8,50,49050
20240205,15:02:52,29.15,50,49050
20240205,15:02:53,29.35,50,49050
20240205,15:02:58,29.1,150,49050
20240205,15:03:03,29.25,50,49050
20240205,15:03:12,28.45,300,49050
20240205,15:03:13,28.25,50,49050
20240205,15:03:15,28.05,50,49050
20240205,15:03:17,27.95,100,49050
20240205,15:03:18,28.05,50,49050
20240205,15:03:31,28.05,50,49050
20240205,15:03:43,28.3,50,49050
20240205,15:03:50,28.0,150,49050
20240205,15:03:52,27.6,150,49050
20240205,15:03:55,27.65,100,49050
20240205,15:03:57,27.45,50,49050
20240205,15:03:58,27.4,100,49050
20240205,15:04:02,27.55,50,49050
20240205,15:04:05,27.6,450,49050
20240205,15:04:07,27.35,50,49050
20240205,15:04:13,27.15,50,49050
20240205,15:04:15,27.0,100,49050
20240205,15:04:17,26.9,100,49050
20240205,15:04:18,26.8,450,49050
20240205,15:04:22,26.85,50,49050
20240205,15:04:23,27.25,100,49050
20240205,15:04:30,27.25,50,49050
20240205,15:04:32,27.5,100,49050
20240205,15:04:33,27.65,400,49050
20240205,15:04:37,27.6,100,49050
20240205,15:04:43,27.05,50,49050
20240205,15:04:45,27.15,50,49050
20240205,15:04:53,26.65,50,49050
20240205,15:04:55,26.35,50,49050
20240205,15:04:58,26.05,50,49050
20240205,15:05:03,26.3,50,49850
20240205,15:05:07,26.3,150,49850
20240205,15:05:10,26.9,50,49850
20240205,15:05:21,27.5,800,49850
20240205,15:05:30,27.15,50,49850
20240205,15:05:31,27.05,150,49850
20240205,15:05:38,26.65,100,49850
20240205,15:05:41,26.85,100,49850
20240205,15:05:43,26.75,50,49850
20240205,15:05:46,26.65,50,49850
20240205,15:05:48,26.5,100,49850
20240205,15:05:52,26.25,100,49850
20240205,15:05:55,26.05,50,49850
20240205,15:05:57,25.85,50,49850
20240205,15:05:58,25.95,50,49850
20240205,15:06:00,26.05,50,49850
20240205,15:06:07,25.85,50,49850
20240205,15:06:13,25.25,100,49850
20240205,15:06:20,25.65,50,49850
20240205,15:06:22,25.65,50,49850
20240205,15:06:23,25.7,100,49850
20240205,15:07:03,26.95,50,49850
20240205,15:07:37,25.9,200,49850
20240205,15:07:40,25.35,150,49850
20240205,15:07:43,25.35,50,49850
20240205,15:07:50,25.15,100,49850
20240205,15:07:57,25.75,50,49850
20240205,15:08:16,25.9,50,50200
20240205,15:08:20,25.4,50,50200
20240205,15:08:21,25.4,100,50200
20240205,15:08:23,25.4,750,50200
20240205,15:08:35,25.05,100,50200
20240205,15:08:38,24.55,200,50200
20240205,15:08:45,24.05,50,50200
20240205,15:08:48,24.0,50,50200
20240205,15:08:50,24.05,100,50200
20240205,15:08:53,23.85,50,50200
20240205,15:08:55,23.75,50,50200
20240205,15:09:00,23.7,100,50200
20240205,15:09:01,23.65,100,50200
20240205,15:09:03,23.6,50,50200
20240205,15:09:10,23.25,50,50200
20240205,15:09:11,23.1,1000,50200
20240205,15:09:13,23.1,50,50200
20240205,15:09:15,23.35,100,50200
20240205,15:09:18,23.5,750,50200
20240205,15:09:20,23.45,150,50200
20240205,15:09:36,22.7,150,50200
20240205,15:09:38,22.7,950,50200
20240205,15:09:39,22.9,1000,50200
20240205,15:09:41,22.85,400,50200
20240205,15:09:44,23.2,100,50200
20240205,15:10:03,23.7,50,50200
20240205,15:10:11,23.4,50,50200
20240205,15:10:16,23.35,150,50200
20240205,15:10:31,23.0,50,50200
20240205,15:10:39,23.45,100,50200
20240205,15:10:49,23.7,50,50200
20240205,15:11:06,24.0,50,51350
20240205,15:11:08,24.25,150,51350
20240205,15:11:21,24.8,200,51350
20240205,15:11:23,24.85,50,51350
20240205,15:11:36,25.2,50,51350
20240205,15:11:37,25.1,50,51350
20240205,15:11:39,24.85,100,51350
20240205,15:11:44,24.7,100,51350
20240205,15:11:47,25.0,50,51350
20240205,15:11:57,25.15,100,51350
20240205,15:12:01,25.45,1000,51350
20240205,15:12:06,25.5,750,51350
20240205,15:12:09,25.65,550,51350
20240205,15:12:11,25.55,50,51350
20240205,15:12:14,25.6,150,51350
20240205,15:12:27,25.4,100,51350
20240205,15:12:31,25.8,100,51350
20240205,15:12:34,25.8,200,51350
20240205,15:12:42,26.15,50,51350
20240205,15:12:49,26.2,100,51350
20240205,15:12:51,26.2,50,51350
20240205,15:12:52,26.1,50,51350
20240205,15:13:02,26.25,50,51350
20240205,15:13:16,26.65,50,51350
20240205,15:13:31,25.9,50,51350
20240205,15:13:36,26.2,550,51350
20240205,15:13:44,26.75,50,51350
20240205,15:13:46,26.6,50,51350
20240205,15:13:54,26.2,100,51350
20240205,15:13:56,26.05,100,51350
20240205,15:13:59,26.15,50,51350
20240205,15:14:27,26.5,150,50550
20240205,15:14:30,26.45,50,50550
20240205,15:14:32,26.65,100,50550
20240205,15:14:35,27.0,50,50550
20240205,15:14:52,27.4,250,50550
20240205,15:14:56,27.35,50,50550
20240205,15:15:02,27.45,100,50550
20240205,15:15:40,27.45,50,50550
20240205,15:15:44,27.3,100,50550
20240205,15:16:09,27.85,50,50550
20240205,15:16:15,27.5,500,50550
20240205,15:16:27,27.3,500,50550
20240205,15:16:29,27.4,100,50550
20240205,15:16:40,27.65,100,50550
20240205,15:16:50,27.45,50,50550
20240205,15:16:52,27.1,100,50550
20240205,15:17:02,26.65,50,50550
20240205,15:17:05,26.2,100,50300
20240205,15:17:10,25.95,100,50300
20240205,15:17:29,26.55,300,50300
20240205,15:17:32,26.35,50,50300
20240205,15:17:37,26.05,50,50300
20240205,15:17:39,26.05,100,50300
20240205,15:17:45,26.05,100,50300
20240205,15:17:55,26.3,50,50300
20240205,15:18:17,25.65,50,50300
20240205,15:18:18,25.75,50,50300
20240205,15:18:23,26.2,50,50300
20240205,15:18:27,26.6,150,50300
20240205,15:18:37,27.1,200,50300
20240205,15:18:43,27.2,150,50300
20240205,15:18:55,26.7,50,50300
20240205,15:18:56,26.6,200,50300
20240205,15:19:00,26.75,100,50300
20240205,15:19:10,27.45,50,50300
20240205,15:19:13,27.1,50,50300
20240205,15:19:15,27.05,200,50300
20240205,15:19:33,27.55,100,50300
20240205,15:19:42,27.45,50,50300
20240205,15:20:00,27.0,50,50300
20240205,15:20:02,27.05,50,50300
20240205,15:20:03,27.25,50,50450
20240205,15:20:08,27.25,200,50450
20240205,15:20:12,27.35,150,50450
20240205,15:20:15,27.4,50,50450
20240205,15:20:46,28.15,50,50450
20240205,15:20:58,28.05,100,50450
20240205,15:21:03,28.05,50,50450
20240205,15:21:06,27.85,50,50450
20240205,15:21:11,27.8,300,50450
20240205,15:21:27,27.55,50,50450
20240205,15:21:30,27.55,50,50450
20240205,15:21:48,27.8,150,50450
20240205,15:22:03,27.6,50,50450
20240205,15:22:13,26.8,250,50450
20240205,15:22:18,27.2,150,50450
20240205,15:22:20,27.0,50,50450
20240205,15:22:42,27.25,50,50450
20240205,15:23:00,27.15,50,50450
20240205,15:23:03,27.2,50,50800
20240205,15:23:13,27.0,50,50800
20240205,15:23:25,27.0,200,50800
20240205,15:23:26,27.0,50,50800
20240205,15:23:40,26.7,100,50800
20240205,15:23:42,26.7,100,50800
20240205,15:23:45,26.7,150,50800
20240205,15:23:47,26.8,150,50800
20240205,15:24:07,27.2,100,50800
20240205,15:24:16,27.1,100,50800
20240205,15:24:34,27.45,50,50800
20240205,15:24:42,27.1,250,50800
20240205,15:24:59,27.25,50,50800
20240205,15:25:03,27.5,50,50800
20240205,15:25:10,27.55,150,50800
20240205,15:25:29,27.5,50,50800
20240205,15:25:31,27.5,250,50800
20240205,15:25:34,27.4,200,50800
20240205,15:25:37,27.4,100,50800
20240205,15:25:41,27.35,250,50800
20240205,15:25:50,27.4,500,50800
20240205,15:25:52,27.6,100,50800
20240205,15:26:10,27.5,100,49750
20240205,15:26:34,28.1,450,49750
20240205,15:26:52,28.1,600,49750
20240205,15:27:03,28.1,50,49750
20240205,15:27:06,28.3,350,49750
20240205,15:27:21,28.1,50,49750
20240205,15:27:26,28.25,100,49750
20240205,15:27:29,28.25,300,49750
20240205,15:27:35,28.0,100,49750
20240205,15:27:45,28.25,100,49750
20240205,15:27:47,28.3,150,49750
20240205,15:27:55,28.05,250,49750
20240205,15:27:59,28.3,150,49750
20240205,15:28:02,28.3,150,49750
20240205,15:28:12,27.95,300,49750
20240205,15:28:20,27.85,150,49750
20240205,15:28:39,27.8,100,49750
20240205,15:29:05,27.75,50,49750
20240205,15:29:14,27.9,150,48800
20240205,15:29:50,28.15,50,48800
20240205,15:29:59,28.1,250,48800
20240206,09:15:27,25.95,1,48550
20240206,09:15:27,26.05,1,48550
20240206,09:15:27,26.0,150,48550
20240206,09:15:35,25.25,100,48550
20240206,09:15:40,25.25,50,48550
20240206,09:15:42,24.9,100,48550
20240206,09:15:44,24.9,50,48550
20240206,09:16:24,23.1,100,48550
20240206,09:16:25,23.1,100,48900
20240206,09:16:42,23.1,150,48900
20240206,09:16:48,24.65,50,48900
20240206,09:16:52,24.9,50,48900
20240206,09:16:53,25.05,150,48900
20240206,09:17:18,25.65,100,48900
20240206,09:17:22,25.8,150,48900
20240206,09:17:33,26.5,100,48900
20240206,09:17:46,26.95,100,48900
20240206,09:18:09,27.9,150,48900
20240206,09:18:19,28.2,150,48900
20240206,09:18:28,29.1,350,48900
20240206,09:18:40,29.7,200,48900
20240206,09:18:58,28.85,100,48900
20240206,09:19:18,27.4,1200,48900
20240206,09:19:20,27.45,100,48900
20240206,09:19:32,26.8,100,48900
20240206,09:19:53,27.0,50,48900
20240206,09:19:58,26.8,100,48900
20240206,09:20:10,27.85,100,48900
20240206,09:20:15,28.2,800,48900
20240206,09:20:18,28.15,300,48900
20240206,09:20:21,28.6,50,48900
20240206,09:20:25,29.15,50,48900
20240206,09:20:26,29.05,100,48900
20240206,09:20:28,29.0,50,48900
20240206,09:20:30,29.35,100,48900
20240206,09:20:31,28.95,250,48900
20240206,09:20:33,28.95,50,48900
20240206,09:20:35,28.75,50,48900
20240206,09:20:45,28.85,150,48900
20240206,09:20:47,28.65,150,48900
20240206,09:20:48,28.9,200,48900
20240206,09:20:58,29.15,100,48900
20240206,09:21:00,29.2,100,48900
20240206,09:21:01,28.95,50,48900
20240206,09:21:05,28.8,150,48900
20240206,09:21:13,29.25,50,48900
20240206,09:21:15,29.35,100,48900
20240206,09:21:16,29.4,50,48900
20240206,09:21:21,29.25,100,48900
20240206,09:21:33,28.55,100,48900
20240206,09:21:45,28.8,100,48900
20240206,09:21:48,28.85,50,48900
20240206,09:21:50,28.6,50,48900
20240206,09:21:56,28.9,150,48900
20240206,09:22:01,29.1,100,48900
20240206,09:22:04,29.3,200,48900
20240206,09:22:08,29.25,50,48900
20240206,09:22:09,29.4,50,48900
20240206,09:22:13,29.5,300,48900
20240206,09:22:14,29.55,50,48900
20240206,09:22:18,29.7,50,48900
20240206,09:22:24,29.6,50,48900
20240206,09:22:29,29.4,50,48950
20240206,09:22:33,29.0,50,48950
20240206,09:22:36,28.7,50,48950
20240206,09:22:41,28.5,100,48950
20240206,09:22:46,27.9,100,48950
20240206,09:22:48,27.7,50,48950
20240206,09:22:59,27.4,1400,48950
20240206,09:23:01,27.2,300,48950
20240206,09:23:06,26.9,100,48950
20240206,09:23:23,26.75,50,48950
20240206,09:23:24,26.75,50,48950
20240206,09:23:26,26.25,300,48950
20240206,09:23:29,26.3,100,48950
20240206,09:23:36,26.65,50,48950
20240206,09:23:39,26.4,100,48950
20240206,09:23:41,26.15,100,48950
20240206,09:23:51,26.1,150,48950
20240206,09:23:58,25.95,100,48950
20240206,09:24:01,26.0,1250,48950
20240206,09:24:06,26.55,50,48950
20240206,09:24:19,26.8,50,48950
20240206,09:24:29,26.5,150,48950
20240206,09:24:36,26.35,100,48950
20240206,09:24:48,26.05,100,48950
20240206,09:24:58,26.05,50,48950
20240206,09:24:59,26.0,350,48950
20240206,09:25:01,25.9,150,48950
20240206,09:25:03,25.7,100,48950
20240206,09:25:04,26.0,50,48950
20240206,09:25:06,26.25,50,48950
20240206,09:25:14,25.95,50,48950
20240206,09:25:29,25.4,100,51500
20240206,09:25:34,25.55,50,51500
20240206,09:25:37,25.65,50,51500
20240206,09:25:42,25.65,50,51500
20240206,09:25:44,25.8,50,51500
20240206,09:25:47,25.8,100,51500
20240206,09:25:49,25.4,200,51500
20240206,09:25:51,25.3,600,51500
20240206,09:25:54,25.15,50,51500
20240206,09:25:56,24.75,200,51500
20240206,09:25:57,25.05,50,51500
20240206,09:25:59,25.05,50,51500
20240206,09:26:01,25.05,100,51500
20240206,09:26:02,24.75,50,51500
20240206,09:26:04,24.65,50,51500
20240206,09:26:07,24.6,50,51500
20240206,09:26:09,24.55,1250,51500
20240206,09:26:11,24.8,50,51500
20240206,09:26:17,25.1,1250,51500
20240206,09:26:21,25.35,100,51500
20240206,09:26:22,25.45,100,51500
20240206,09:26:24,25.4,200,51500
20240206,09:26:27,25.45,100,51500
20240206,09:26:32,25.6,50,51500
20240206,09:26:37,25.8,1100,51500
20240206,09:26:39,25.8,200,51500
20240206,09:26:42,25.8,50,51500
20240206,09:26:44,25.85,100,51500
20240206,09:26:46,25.9,150,51500
20240206,09:26:47,25.75,100,51500
20240206,09:26:49,25.6,50,51500
20240206,09:26:57,25.1,200,51500
20240206,09:27:04,25.2,200,51500
20240206,09:27:09,25.6,200,51500
20240206,09:27:10,25.85,50,51500
20240206,09:27:14,25.65,50,51500
20240206,09:27:15,25.65,50,51500
20240206,09:27:25,25.4,200,51500
20240206,09:27:34,25.4,250,51500
20240206,09:27:47,25.0,200,51500
20240206,09:27:49,25.0,200,51500
20240206,09:27:50,25.0,400,51500
20240206,09:28:00,24.8,200,51500
20240206,09:28:22,24.55,100,51500
20240206,09:28:30,24.65,50,57100
20240206,09:28:33,24.65,200,57100
20240206,09:28:42,24.8,200,57100
20240206,09:28:45,24.95,100,57100
20240206,09:28:48,25.25,550,57100
20240206,09:28:50,25.05,100,57100
20240206,09:28:58,25.0,50,57100
20240206,09:29:07,25.4,50,57100
20240206,09:29:18,25.5,550,57100
20240206,09:29:31,25.5,50,57100
20240206,09:29:35,25.4,300,57100
20240206,09:29:48,24.8,200,57100
20240206,09:29:51,25.05,50,57100
20240206,09:30:14,25.1,50,57100
20240206,09:30:16,25.0,100,57100
20240206,09:30:41,24.95,50,57100
20240206,09:31:04,24.6,50,57100
20240206,09:31:41,24.75,100,57800
20240206,09:31:52,24.6,50,57800
20240206,09:31:54,24.45,50,57800
20240206,09:32:02,24.65,50,57800
20240206,09:32:05,24.5,100,57800
20240206,09:32:12,24.3,100,57800
20240206,09:32:17,24.05,50,57800
20240206,09:32:25,23.9,100,57800
20240206,09:32:28,23.85,100,57800
20240206,09:32:35,23.6,50,57800
20240206,09:32:52,23.85,50,57800
20240206,09:32:53,23.85,50,57800
20240206,09:33:05,23.6,200,57800
20240206,09:33:08,23.5,50,57800
20240206,09:33:21,23.05,50,57800
20240206,09:33:24,23.05,250,57800
20240206,09:33:33,23.6,50,57800
20240206,09:33:48,23.65,50,57800
20240206,09:34:01,24.3,50,57800
20240206,09:34:03,24.15,50,57800
20240206,09:34:09,24.25,50,57800
20240206,09:34:11,24.25,50,57800
20240206,09:34:23,23.95,100,57800
20240206,09:34:34,24.3,50,57850
20240206,09:34:47,24.0,50,57850
20240206,09:34:54,23.7,100,57850
20240206,09:34:57,23.5,100,57850
20240206,09:35:00,23.3,1000,57850
20240206,09:35:05,23.2,50,57850
20240206,09:35:09,23.4,200,57850
20240206,09:35:10,23.4,50,57850
20240206,09:35:17,23.4,50,57850
20240206,09:35:19,23.55,50,57850
20240206,09:35:24,24.0,100,57850
20240206,09:35:30,24.15,300,57850
20240206,09:35:32,24.0,50,57850
20240206,09:35:34,23.95,50,57850
20240206,09:35:37,23.65,50,57850
20240206,09:35:47,23.7,150,57850
20240206,09:35:59,24.0,300,57850
20240206,09:36:02,24.05,1150,57850
20240206,09:36:10,24.0,250,57850
20240206,09:36:13,23.9,900,57850
20240206,09:36:28,23.6,50,57850
20240206,09:36:38,23.4,50,57850
20240206,09:36:47,23.65,200,57850
20240206,09:36:58,23.7,50,57850
20240206,09:37:20,23.2,50,57850
20240206,09:37:22,23.2,50,57850
20240206,09:37:23,23.3,50,57850
20240206,09:37:25,23.4,150,57850
20240206,09:37:31,23.7,100,60300
20240206,09:37:40,23.25,50,60300
20240206,09:37:45,23.0,50,60300
20240206,09:37:46,23.0,50,60300
20240206,09:37:53,23.0,150,60300
20240206,09:38:06,22.95,100,60300
20240206,09:38:13,22.9,50,60300
20240206,09:38:16,22.75,50,60300
20240206,09:38:23,22.6,50,60300
20240206,09:38:26,22.6,150,60300
20240206,09:38:28,22.5,50,60300
20240206,09:38:29,22.5,50,60300
20240206,09:38:36,22.5,100,60300
20240206,09:38:38,22.85,50,60300
20240206,09:38:43,22.75,50,60300
20240206,09:38:56,22.4,50,60300
20240206,09:39:06,21.9,50,60300
20240206,09:39:09,21.9,50,60300
20240206,09:39:11,21.9,50,60300
20240206,09:39:14,22.15,100,60300
20240206,09:39:18,22.05,50,60300
20240206,09:39:26,22.0,100,60300
20240206,09:39:44,22.0,100,60300
20240206,09:39:54,22.0,50,60300
20240206,09:40:07,22.0,250,60300
20240206,09:40:30,22.55,100,60300
20240206,09:40:42,22.5,1150,60300
20240206,09:40:53,22.85,300,60300
20240206,09:41:04,23.05,1650,60300
20240206,09:41:15,23.25,1100,60300
20240206,09:41:27,23.2,100,60300
20240206,09:41:38,23.4,100,60300
20240206,09:41:49,23.15,700,60300
20240206,09:41:58,23.3,150,60300
20240206,09:42:03,23.1,100,60300
20240206,09:42:05,23.2,100,60300
20240206,09:42:08,23.15,50,60300
20240206,09:42:10,23.2,250,60300
20240206,09:42:12,23.05,50,60300
20240206,09:42:30,22.9,100,60300
20240206,09:42:33,22.95,50,60300
20240206,09:42:58,23.25,50,60300
20240206,09:43:01,23.4,150,60300
20240206,09:43:03,23.55,350,60300
20240206,09:43:15,23.45,50,60300
20240206,09:43:20,23.7,900,60300
20240206,09:43:33,23.6,200,60350
20240206,09:43:39,23.2,50,60350
20240206,09:43:46,23.2,550,60350
20240206,09:43:56,23.45,100,60350
20240206,09:43:59,23.6,50,60350
20240206,09:44:02,23.75,50,60350
